,Unnamed: 0,day,timestamp,product,bid_price_1,bid_volume_1,bid_price_2,bid_volume_2,bid_price_3,bid_volume_3,ask_price_1,ask_volume_1,ask_price_2,ask_volume_2,ask_price_3,ask_volume_3,mid_price,profit_and_loss
0,0,-2,0,SQUID_INK,1998.0,26.0,,,,,2002,26,,,,,2000.0,0.0
1,1,-2,100,SQUID_INK,1999.0,5.0,1998.0,26.0,,,2001,20,,,,,2000.0,0.0
2,2,-2,200,SQUID_INK,1997.0,31.0,,,,,2000,1,2001.0,30.0,,,1998.5,0.0
3,3,-2,300,SQUID_INK,1997.0,27.0,,,,,2000,27,,,,,1998.5,0.0
4,4,-2,400,SQUID_INK,1996.0,20.0,,,,,2000,20,,,,,1998.0,0.0
5,5,-2,500,SQUID_INK,1999.0,1.0,1997.0,30.0,,,2000,30,,,,,1999.5,0.0
6,6,-2,600,SQUID_INK,1997.0,30.0,,,,,2001,30,,,,,1999.0,0.0
7,7,-2,700,SQUID_INK,1999.0,28.0,,,,,2002,28,,,,,2000.5,0.0
8,8,-2,800,SQUID_INK,2002.0,1.0,1999.0,23.0,,,2003,23,,,,,2002.5,0.0
9,9,-2,900,SQUID_INK,1999.0,2.0,1998.0,30.0,,,2001,30,,,,,2000.0,0.0
10,10,-2,1000,SQUID_INK,1999.0,24.0,,,,,2001,8,2002.0,24.0,,,2000.0,0.0
11,11,-2,1100,SQUID_INK,1999.0,25.0,,,,,2001,3,2002.0,26.0,,,2000.0,0.0
12,12,-2,1200,SQUID_INK,1998.0,28.0,,,,,2002,28,,,,,2000.0,0.0
13,13,-2,1300,SQUID_INK,1999.0,3.0,1998.0,23.0,,,2001,23,,,,,2000.0,0.0
14,14,-2,1400,SQUID_INK,1996.0,26.0,,,,,1998,2,2000.0,26.0,,,1997.0,0.0
15,15,-2,1500,SQUID_INK,1997.0,2.0,1996.0,25.0,,,2000,27,,,,,1998.5,0.0
16,16,-2,1600,SQUID_INK,1997.0,24.0,,,,,2001,24,,,,,1999.0,0.0
17,17,-2,1700,SQUID_INK,1998.0,28.0,,,,,2000,2,2001.0,28.0,,,1999.0,0.0
18,18,-2,1800,SQUID_INK,1997.0,24.0,,,,,1999,1,2001.0,24.0,,,1998.0,0.0
19,19,-2,1900,SQUID_INK,2001.0,1.0,1999.0,26.0,,,2002,26,,,,,2001.5,0.0
20,20,-2,2000,SQUID_INK,1999.0,31.0,,,,,2001,2,2002.0,31.0,,,2000.0,0.0
21,21,-2,2100,SQUID_INK,2001.0,4.0,1999.0,22.0,,,2002,22,,,,,2001.5,0.0
22,22,-2,2200,SQUID_INK,1999.0,26.0,,,,,2002,26,,,,,2000.5,0.0
23,23,-2,2300,SQUID_INK,1998.0,30.0,,,,,2001,30,,,,,1999.5,0.0
24,24,-2,2400,SQUID_INK,1999.0,30.0,,,,,2002,30,,,,,2000.5,0.0
25,25,-2,2500,SQUID_INK,1999.0,21.0,,,,,2003,21,,,,,2001.0,0.0
26,26,-2,2600,SQUID_INK,2000.0,28.0,,,,,2003,22,,,,,2001.5,0.0
27,27,-2,2700,SQUID_INK,2000.0,27.0,,,,,2002,4,2003.0,27.0,,,2001.0,0.0
28,28,-2,2800,SQUID_INK,2000.0,28.0,,,,,2003,28,,,,,2001.5,0.0
29,29,-2,2900,SQUID_INK,2001.0,30.0,,,,,2004,30,,,,,2002.5,0.0
30,30,-2,3000,SQUID_INK,2001.0,28.0,,,,,2004,28,,,,,2002.5,0.0
31,31,-2,3100,SQUID_INK,2002.0,1.0,2000.0,26.0,,,2003,25,,,,,2002.5,0.0
32,32,-2,3200,SQUID_INK,1999.0,28.0,,,,,2002,28,,,,,2000.5,0.0
33,33,-2,3300,SQUID_INK,1999.0,26.0,,,,,2002,20,,,,,2000.5,0.0
34,34,-2,3400,SQUID_INK,2000.0,3.0,1999.0,23.0,,,2003,23,,,,,2001.5,0.0
35,35,-2,3500,SQUID_INK,2001.0,1.0,1999.0,31.0,,,2002,31,,,,,2001.5,0.0
36,36,-2,3600,SQUID_INK,2000.0,26.0,,,,,2004,26,,,,,2002.0,0.0
37,37,-2,3700,SQUID_INK,2000.0,2.0,1999.0,25.0,,,2003,27,,,,,2001.5,0.0
38,38,-2,3800,SQUID_INK,2001.0,2.0,2000.0,27.0,,,2004,27,,,,,2002.5,0.0
39,39,-2,3900,SQUID_INK,1999.0,26.0,,,,,2001,1,2003.0,26.0,,,2000.0,0.0
40,40,-2,4000,SQUID_INK,2000.0,31.0,,,,,2003,27,,,,,2001.5,0.0
41,41,-2,4100,SQUID_INK,1999.0,28.0,,,,,2001,5,2003.0,28.0,,,2000.0,0.0
42,42,-2,4200,SQUID_INK,1999.0,24.0,,,,,2002,25,,,,,2000.5,0.0
43,43,-2,4300,SQUID_INK,1999.0,26.0,,,,,2002,26,,,,,2000.5,0.0
44,44,-2,4400,SQUID_INK,1998.0,29.0,,,,,2000,2,2001.0,29.0,,,1999.0,0.0
45,45,-2,4500,SQUID_INK,1998.0,30.0,,,,,2001,30,,,,,1999.5,0.0
46,46,-2,4600,SQUID_INK,1998.0,31.0,,,,,2002,31,,,,,2000.0,0.0
47,47,-2,4700,SQUID_INK,1996.0,30.0,,,,,1999,30,,,,,1997.5,0.0
48,48,-2,4800,SQUID_INK,1998.0,26.0,,,,,2001,26,,,,,1999.5,0.0
49,49,-2,4900,SQUID_INK,1997.0,2.0,1996.0,22.0,,,2000,24,,,,,1998.5,0.0
50,50,-2,5000,SQUID_INK,1997.0,21.0,,,,,1998,3,2001.0,21.0,,,1997.5,0.0
51,51,-2,5100,SQUID_INK,1997.0,31.0,,,,,2001,31,,,,,1999.0,0.0
52,52,-2,5200,SQUID_INK,1998.0,27.0,,,,,2001,27,,,,,1999.5,0.0
53,53,-2,5300,SQUID_INK,1998.0,23.0,,,,,2001,1,2002.0,22.0,,,1999.5,0.0
54,54,-2,5400,SQUID_INK,1999.0,30.0,,,,,2002,30,,,,,2000.5,0.0
55,55,-2,5500,SQUID_INK,2001.0,4.0,1999.0,31.0,,,2002,30,,,,,2001.5,0.0
56,56,-2,5600,SQUID_INK,2000.0,6.0,1998.0,32.0,,,2002,32,,,,,2001.0,0.0
57,57,-2,5700,SQUID_INK,1997.0,29.0,,,,,1998,4,2000.0,29.0,,,1997.5,0.0
58,58,-2,5800,SQUID_INK,1996.0,28.0,,,,,1999,28,,,,,1997.5,0.0
59,59,-2,5900,SQUID_INK,1995.0,29.0,,,,,1999,29,,,,,1997.0,0.0
60,60,-2,6000,SQUID_INK,1995.0,23.0,,,,,1998,23,,,,,1996.5,0.0
61,61,-2,6100,SQUID_INK,1995.0,27.0,,,,,1999,27,,,,,1997.0,0.0
62,62,-2,6200,SQUID_INK,1996.0,10.0,1995.0,23.0,,,1999,25,,,,,1997.5,0.0
63,63,-2,6300,SQUID_INK,1997.0,26.0,,,,,2001,26,,,,,1999.0,0.0
64,64,-2,6400,SQUID_INK,1999.0,26.0,,,,,2000,1,2003.0,26.0,,,1999.5,0.0
65,65,-2,6500,SQUID_INK,2000.0,22.0,,,,,2003,22,,,,,2001.5,0.0
66,66,-2,6600,SQUID_INK,1999.0,24.0,,,,,2003,25,,,,,2001.0,0.0
67,67,-2,6700,SQUID_INK,2001.0,24.0,,,,,2004,28,,,,,2002.5,0.0
68,68,-2,6800,SQUID_INK,2002.0,8.0,2001.0,24.0,,,2005,24,,,,,2003.5,0.0
69,69,-2,6900,SQUID_INK,2001.0,28.0,,,,,2004,28,,,,,2002.5,0.0
70,70,-2,7000,SQUID_INK,1999.0,24.0,,,,,2001,5,2003.0,24.0,,,2000.0,0.0
71,71,-2,7100,SQUID_INK,1999.0,26.0,,,,,2000,5,2003.0,26.0,,,1999.5,0.0
72,72,-2,7200,SQUID_INK,2000.0,1.0,1999.0,26.0,,,2003,27,,,,,2001.5,0.0
73,73,-2,7300,SQUID_INK,2000.0,27.0,,,,,2003,28,,,,,2001.5,0.0
74,74,-2,7400,SQUID_INK,2003.0,1.0,2001.0,28.0,,,2005,28,,,,,2004.0,0.0
75,75,-2,7500,SQUID_INK,2003.0,1.0,2002.0,25.0,,,2006,26,,,,,2004.5,0.0
76,76,-2,7600,SQUID_INK,2003.0,30.0,,,,,2006,30,,,,,2004.5,0.0
77,77,-2,7700,SQUID_INK,2002.0,26.0,,,,,2005,26,,,,,2003.5,0.0
78,78,-2,7800,SQUID_INK,2004.0,1.0,2002.0,22.0,,,2006,22,,,,,2005.0,0.0
79,79,-2,7900,SQUID_INK,2004.0,1.0,2003.0,29.0,,,2007,30,,,,,2005.5,0.0
80,80,-2,8000,SQUID_INK,2003.0,24.0,,,,,2006,24,,,,,2004.5,0.0
81,81,-2,8100,SQUID_INK,2002.0,21.0,,,,,2005,21,,,,,2003.5,0.0
82,82,-2,8200,SQUID_INK,2002.0,1.0,2000.0,30.0,,,2004,30,,,,,2003.0,0.0
83,83,-2,8300,SQUID_INK,2002.0,2.0,2001.0,29.0,,,2004,2,2005.0,27.0,,,2003.0,0.0
84,84,-2,8400,SQUID_INK,2002.0,25.0,,,,,2005,25,,,,,2003.5,0.0
85,85,-2,8500,SQUID_INK,2002.0,1.0,2001.0,23.0,,,2003,2,2005.0,24.0,,,2002.5,0.0
86,86,-2,8600,SQUID_INK,2003.0,28.0,,,,,2006,28,,,,,2004.5,0.0
87,87,-2,8700,SQUID_INK,2004.0,9.0,2003.0,8.0,2002.0,22.0,2006,24,,,,,2005.0,0.0
88,88,-2,8800,SQUID_INK,2004.0,1.0,2002.0,20.0,,,2005,20,,,,,2004.5,0.0
89,89,-2,8900,SQUID_INK,2002.0,28.0,,,,,2005,27,,,,,2003.5,0.0
90,90,-2,9000,SQUID_INK,2002.0,31.0,,,,,2004,7,2005.0,31.0,,,2003.0,0.0
91,91,-2,9100,SQUID_INK,2002.0,24.0,,,,,2006,24,,,,,2004.0,0.0
92,92,-2,9200,SQUID_INK,2002.0,28.0,,,,,2005,28,,,,,2003.5,0.0
93,93,-2,9300,SQUID_INK,2004.0,5.0,2002.0,28.0,,,2006,28,,,,,2005.0,0.0
94,94,-2,9400,SQUID_INK,2002.0,27.0,,,,,2004,7,2005.0,27.0,,,2003.0,0.0
95,95,-2,9500,SQUID_INK,2001.0,29.0,,,,,2004,25,,,,,2002.5,0.0
96,96,-2,9600,SQUID_INK,2002.0,3.0,2001.0,35.0,,,2004,31,,,,,2003.0,0.0
97,97,-2,9700,SQUID_INK,2001.0,30.0,,,,,2004,30,,,,,2002.5,0.0
98,98,-2,9800,SQUID_INK,2002.0,32.0,,,,,2005,25,,,,,2003.5,0.0
99,99,-2,9900,SQUID_INK,2002.0,27.0,,,,,2004,1,2006.0,27.0,,,2003.0,0.0
100,100,-2,10000,SQUID_INK,2002.0,31.0,,,,,2005,31,,,,,2003.5,0.0
101,101,-2,10100,SQUID_INK,2003.0,6.0,2002.0,25.0,,,2006,25,,,,,2004.5,0.0
102,102,-2,10200,SQUID_INK,2003.0,30.0,,,,,2007,30,,,,,2005.0,0.0
103,103,-2,10300,SQUID_INK,2006.0,1.0,2004.0,23.0,,,2007,23,,,,,2006.5,0.0
104,104,-2,10400,SQUID_INK,2004.0,23.0,,,,,2007,23,,,,,2005.5,0.0
105,105,-2,10500,SQUID_INK,2004.0,20.0,,,,,2008,20,,,,,2006.0,0.0
106,106,-2,10600,SQUID_INK,2004.0,30.0,,,,,2006,4,2007.0,30.0,,,2005.0,0.0
107,107,-2,10700,SQUID_INK,2004.0,29.0,,,,,2007,29,,,,,2005.5,0.0
108,108,-2,10800,SQUID_INK,2003.0,24.0,,,,,2006,24,,,,,2004.5,0.0
109,109,-2,10900,SQUID_INK,2004.0,22.0,,,,,2007,22,,,,,2005.5,0.0
110,110,-2,11000,SQUID_INK,2004.0,27.0,,,,,2007,27,,,,,2005.5,0.0
111,111,-2,11100,SQUID_INK,2004.0,29.0,,,,,2007,29,,,,,2005.5,0.0
112,112,-2,11200,SQUID_INK,2003.0,21.0,,,,,2006,21,,,,,2004.5,0.0
113,113,-2,11300,SQUID_INK,2003.0,22.0,,,,,2006,23,,,,,2004.5,0.0
114,114,-2,11400,SQUID_INK,2002.0,29.0,,,,,2006,30,,,,,2004.0,0.0
115,115,-2,11500,SQUID_INK,2003.0,24.0,,,,,2006,24,,,,,2004.5,0.0
116,116,-2,11600,SQUID_INK,2002.0,30.0,,,,,2005,30,,,,,2003.5,0.0
117,117,-2,11700,SQUID_INK,2003.0,23.0,,,,,2006,23,,,,,2004.5,0.0
118,118,-2,11800,SQUID_INK,2003.0,31.0,,,,,2007,31,,,,,2005.0,0.0
119,119,-2,11900,SQUID_INK,2004.0,1.0,2003.0,22.0,,,2007,23,,,,,2005.5,0.0
120,120,-2,12000,SQUID_INK,2003.0,28.0,,,,,2006,30,,,,,2004.5,0.0
121,121,-2,12100,SQUID_INK,2003.0,7.0,2002.0,21.0,,,2006,21,,,,,2004.5,0.0
122,122,-2,12200,SQUID_INK,2001.0,23.0,,,,,2004,23,,,,,2002.5,0.0
123,123,-2,12300,SQUID_INK,2002.0,28.0,,,,,2005,28,,,,,2003.5,0.0
124,124,-2,12400,SQUID_INK,2001.0,25.0,,,,,2004,25,,,,,2002.5,0.0
125,125,-2,12500,SQUID_INK,2002.0,2.0,2001.0,28.0,,,2005,29,,,,,2003.5,0.0
126,126,-2,12600,SQUID_INK,2000.0,27.0,,,,,2004,27,,,,,2002.0,0.0
127,127,-2,12700,SQUID_INK,2002.0,23.0,,,,,2005,23,,,,,2003.5,0.0
128,128,-2,12800,SQUID_INK,2001.0,20.0,,,,,2005,20,,,,,2003.0,0.0
129,129,-2,12900,SQUID_INK,2003.0,1.0,2001.0,20.0,,,2004,20,,,,,2003.5,0.0
130,130,-2,13000,SQUID_INK,2002.0,2.0,2000.0,31.0,,,2003,31,,,,,2002.5,0.0
131,131,-2,13100,SQUID_INK,1999.0,6.0,1998.0,1.0,1997.0,21.0,2001,22,,,,,2000.0,0.0
132,132,-2,13200,SQUID_INK,1995.0,23.0,,,,,1999,23,,,,,1997.0,0.0
133,133,-2,13300,SQUID_INK,1996.0,29.0,,,,,1999,29,,,,,1997.5,0.0
134,134,-2,13400,SQUID_INK,1995.0,28.0,,,,,1999,28,,,,,1997.0,0.0
135,135,-2,13500,SQUID_INK,1997.0,26.0,,,,,1999,4,2000.0,27.0,,,1998.0,0.0
136,136,-2,13600,SQUID_INK,1999.0,3.0,1998.0,24.0,,,2001,24,,,,,2000.0,0.0
137,137,-2,13700,SQUID_INK,1995.0,21.0,,,,,1999,21,,,,,1997.0,0.0
138,138,-2,13800,SQUID_INK,1995.0,22.0,,,,,1998,22,,,,,1996.5,0.0
139,139,-2,13900,SQUID_INK,1996.0,21.0,,,,,1999,21,,,,,1997.5,0.0
140,140,-2,14000,SQUID_INK,1997.0,25.0,,,,,2001,25,,,,,1999.0,0.0
141,141,-2,14100,SQUID_INK,1998.0,27.0,,,,,2001,27,,,,,1999.5,0.0
142,142,-2,14200,SQUID_INK,1995.0,2.0,1994.0,23.0,,,1998,25,,,,,1996.5,0.0
143,143,-2,14300,SQUID_INK,1994.0,24.0,,,,,1997,25,,,,,1995.5,0.0
144,144,-2,14400,SQUID_INK,1995.0,20.0,,,,,1998,20,,,,,1996.5,0.0
145,145,-2,14500,SQUID_INK,1996.0,1.0,1995.0,30.0,,,1999,31,,,,,1997.5,0.0
146,146,-2,14600,SQUID_INK,1996.0,21.0,,,,,1999,21,,,,,1997.5,0.0
147,147,-2,14700,SQUID_INK,1997.0,20.0,,,,,1999,4,2001.0,20.0,,,1998.0,0.0
148,148,-2,14800,SQUID_INK,1996.0,33.0,,,,,1999,30,,,,,1997.5,0.0
149,149,-2,14900,SQUID_INK,1998.0,1.0,1997.0,29.0,,,2001,29,,,,,1999.5,0.0
150,150,-2,15000,SQUID_INK,1998.0,23.0,,,,,2001,23,,,,,1999.5,0.0
151,151,-2,15100,SQUID_INK,1997.0,29.0,,,,,2001,29,,,,,1999.0,0.0
152,152,-2,15200,SQUID_INK,1998.0,28.0,,,,,2001,28,,,,,1999.5,0.0
153,153,-2,15300,SQUID_INK,1997.0,26.0,,,,,2000,26,,,,,1998.5,0.0
154,154,-2,15400,SQUID_INK,1996.0,22.0,,,,,1999,22,,,,,1997.5,0.0
155,155,-2,15500,SQUID_INK,1997.0,25.0,,,,,1999,1,2001.0,25.0,,,1998.0,0.0
156,156,-2,15600,SQUID_INK,1999.0,25.0,,,,,2002,25,,,,,2000.5,0.0
157,157,-2,15700,SQUID_INK,1997.0,31.0,,,,,2001,31,,,,,1999.0,0.0
158,158,-2,15800,SQUID_INK,1998.0,21.0,,,,,2001,21,,,,,1999.5,0.0
159,159,-2,15900,SQUID_INK,1997.0,26.0,,,,,2000,26,,,,,1998.5,0.0
160,160,-2,16000,SQUID_INK,1996.0,22.0,,,,,1998,8,1999.0,22.0,,,1997.0,0.0
161,161,-2,16100,SQUID_INK,1997.0,1.0,1995.0,27.0,,,1998,27,,,,,1997.5,0.0
162,162,-2,16200,SQUID_INK,1996.0,4.0,1995.0,35.0,,,1998,30,,,,,1997.0,0.0
163,163,-2,16300,SQUID_INK,1995.0,30.0,,,,,1998,30,,,,,1996.5,0.0
164,164,-2,16400,SQUID_INK,1994.0,29.0,,,,,1995,6,1997.0,29.0,,,1994.5,0.0
165,165,-2,16500,SQUID_INK,1994.0,27.0,,,,,1997,27,,,,,1995.5,0.0
166,166,-2,16600,SQUID_INK,1994.0,23.0,,,,,1998,23,,,,,1996.0,0.0
167,167,-2,16700,SQUID_INK,1994.0,24.0,,,,,1998,24,,,,,1996.0,0.0
168,168,-2,16800,SQUID_INK,1994.0,21.0,,,,,1997,21,,,,,1995.5,0.0
169,169,-2,16900,SQUID_INK,1994.0,26.0,,,,,1997,26,,,,,1995.5,0.0
170,170,-2,17000,SQUID_INK,1993.0,29.0,,,,,1997,29,,,,,1995.0,0.0
171,171,-2,17100,SQUID_INK,1993.0,25.0,,,,,1997,25,,,,,1995.0,0.0
172,172,-2,17200,SQUID_INK,1994.0,20.0,,,,,1997,30,,,,,1995.5,0.0
173,173,-2,17300,SQUID_INK,1995.0,25.0,,,,,1998,25,,,,,1996.5,0.0
174,174,-2,17400,SQUID_INK,1995.0,26.0,,,,,1999,26,,,,,1997.0,0.0
175,175,-2,17500,SQUID_INK,1996.0,3.0,1995.0,22.0,,,1998,1,1999.0,21.0,,,1997.0,0.0
176,176,-2,17600,SQUID_INK,1994.0,31.0,,,,,1998,31,,,,,1996.0,0.0
177,177,-2,17700,SQUID_INK,1994.0,28.0,,,,,1997,28,,,,,1995.5,0.0
178,178,-2,17800,SQUID_INK,1995.0,30.0,,,,,1998,30,,,,,1996.5,0.0
179,179,-2,17900,SQUID_INK,1994.0,22.0,,,,,1997,22,,,,,1995.5,0.0
180,180,-2,18000,SQUID_INK,1995.0,3.0,1994.0,30.0,,,1997,30,,,,,1996.0,0.0
181,181,-2,18100,SQUID_INK,1994.0,26.0,,,,,1997,27,,,,,1995.5,0.0
182,182,-2,18200,SQUID_INK,1994.0,37.0,,,,,1997,29,,,,,1995.5,0.0
183,183,-2,18300,SQUID_INK,1993.0,27.0,,,,,1995,8,1996.0,27.0,,,1994.0,0.0
184,184,-2,18400,SQUID_INK,1993.0,21.0,,,,,1997,21,,,,,1995.0,0.0
185,185,-2,18500,SQUID_INK,1993.0,26.0,,,,,1995,7,1997.0,26.0,,,1994.0,0.0
186,186,-2,18600,SQUID_INK,1993.0,30.0,,,,,1996,1,1997.0,30.0,,,1994.5,0.0
187,187,-2,18700,SQUID_INK,1995.0,3.0,1994.0,10.0,1993.0,30.0,1997,32,,,,,1996.0,0.0
188,188,-2,18800,SQUID_INK,1994.0,26.0,,,,,1997,26,,,,,1995.5,0.0
189,189,-2,18900,SQUID_INK,1994.0,25.0,,,,,1996,5,1997.0,25.0,,,1995.0,0.0
190,190,-2,19000,SQUID_INK,1995.0,24.0,,,,,1998,24,,,,,1996.5,0.0
191,191,-2,19100,SQUID_INK,1994.0,24.0,,,,,1996,8,1998.0,24.0,,,1995.0,0.0
192,192,-2,19200,SQUID_INK,1993.0,23.0,,,,,1996,24,,,,,1994.5,0.0
193,193,-2,19300,SQUID_INK,1994.0,31.0,,,,,1997,31,,,,,1995.5,0.0
194,194,-2,19400,SQUID_INK,1993.0,22.0,,,,,1997,23,,,,,1995.0,0.0
195,195,-2,19500,SQUID_INK,1994.0,2.0,1993.0,29.0,,,1997,31,,,,,1995.5,0.0
196,196,-2,19600,SQUID_INK,1995.0,22.0,,,,,1998,22,,,,,1996.5,0.0
197,197,-2,19700,SQUID_INK,1995.0,26.0,,,,,1998,26,,,,,1996.5,0.0
198,198,-2,19800,SQUID_INK,1995.0,23.0,,,,,1998,23,,,,,1996.5,0.0
199,199,-2,19900,SQUID_INK,1995.0,2.0,1994.0,24.0,,,1998,26,,,,,1996.5,0.0
200,200,-2,20000,SQUID_INK,1994.0,28.0,,,,,1998,28,,,,,1996.0,0.0
201,201,-2,20100,SQUID_INK,1994.0,30.0,,,,,1996,7,1997.0,30.0,,,1995.0,0.0
202,202,-2,20200,SQUID_INK,1995.0,29.0,,,,,1998,28,,,,,1996.5,0.0
203,203,-2,20300,SQUID_INK,1996.0,1.0,1994.0,26.0,,,1997,25,,,,,1996.5,0.0
204,204,-2,20400,SQUID_INK,1993.0,25.0,,,,,1997,25,,,,,1995.0,0.0
205,205,-2,20500,SQUID_INK,1993.0,25.0,,,,,1995,7,1996.0,1.0,1997.0,24.0,1994.0,0.0
206,206,-2,20600,SQUID_INK,1994.0,21.0,,,,,1997,21,,,,,1995.5,0.0
207,207,-2,20700,SQUID_INK,1995.0,23.0,,,,,1998,1,1999.0,22.0,,,1996.5,0.0
208,208,-2,20800,SQUID_INK,1995.0,7.0,1994.0,21.0,,,1998,23,,,,,1996.5,0.0
209,209,-2,20900,SQUID_INK,1993.0,30.0,,,,,1997,30,,,,,1995.0,0.0
210,210,-2,21000,SQUID_INK,1992.0,29.0,,,,,1995,29,,,,,1993.5,0.0
211,211,-2,21100,SQUID_INK,1992.0,23.0,,,,,1995,23,,,,,1993.5,0.0
212,212,-2,21200,SQUID_INK,1991.0,28.0,,,,,1994,28,,,,,1992.5,0.0
213,213,-2,21300,SQUID_INK,1992.0,2.0,1991.0,27.0,,,1995,29,,,,,1993.5,0.0
214,214,-2,21400,SQUID_INK,1991.0,23.0,,,,,1993,6,1995.0,23.0,,,1992.0,0.0
215,215,-2,21500,SQUID_INK,1992.0,26.0,,,,,1995,26,,,,,1993.5,0.0
216,216,-2,21600,SQUID_INK,1991.0,23.0,,,,,1993,8,1994.0,23.0,,,1992.0,0.0
217,217,-2,21700,SQUID_INK,1990.0,22.0,,,,,1993,22,,,,,1991.5,0.0
218,218,-2,21800,SQUID_INK,1991.0,27.0,,,,,1993,5,1994.0,27.0,,,1992.0,0.0
219,219,-2,21900,SQUID_INK,1990.0,21.0,,,,,1994,21,,,,,1992.0,0.0
220,220,-2,22000,SQUID_INK,1990.0,24.0,,,,,1994,24,,,,,1992.0,0.0
221,221,-2,22100,SQUID_INK,1992.0,2.0,1991.0,26.0,,,1995,26,,,,,1993.5,0.0
222,222,-2,22200,SQUID_INK,1991.0,27.0,,,,,1995,27,,,,,1993.0,0.0
223,223,-2,22300,SQUID_INK,1991.0,27.0,,,,,1992,1,1995.0,27.0,,,1991.5,0.0
224,224,-2,22400,SQUID_INK,1995.0,1.0,1993.0,29.0,,,1996,29,,,,,1995.5,0.0
225,225,-2,22500,SQUID_INK,1994.0,5.0,1993.0,29.0,,,1997,30,,,,,1995.5,0.0
226,226,-2,22600,SQUID_INK,1994.0,20.0,,,,,1996,7,1997.0,22.0,,,1995.0,0.0
227,227,-2,22700,SQUID_INK,1994.0,35.0,,,,,1997,27,,,,,1995.5,0.0
228,228,-2,22800,SQUID_INK,1994.0,22.0,,,,,1997,22,,,,,1995.5,0.0
229,229,-2,22900,SQUID_INK,1994.0,22.0,,,,,1995,2,1998.0,22.0,,,1994.5,0.0
230,230,-2,23000,SQUID_INK,1994.0,26.0,,,,,1997,26,,,,,1995.5,0.0
231,231,-2,23100,SQUID_INK,1994.0,22.0,,,,,1996,2,1997.0,1.0,1998.0,21.0,1995.0,0.0
232,232,-2,23200,SQUID_INK,1995.0,29.0,,,,,1998,29,,,,,1996.5,0.0
233,233,-2,23300,SQUID_INK,1996.0,4.0,1995.0,27.0,,,1998,22,,,,,1997.0,0.0
234,234,-2,23400,SQUID_INK,1994.0,21.0,,,,,1998,21,,,,,1996.0,0.0
235,235,-2,23500,SQUID_INK,1994.0,22.0,,,,,1997,22,,,,,1995.5,0.0
236,236,-2,23600,SQUID_INK,1995.0,4.0,1994.0,23.0,,,1997,1,1998.0,22.0,,,1996.0,0.0
237,237,-2,23700,SQUID_INK,1995.0,27.0,,,,,1997,1,1998.0,27.0,,,1996.0,0.0
238,238,-2,23800,SQUID_INK,1994.0,2.0,1993.0,27.0,,,1997,29,,,,,1995.5,0.0
239,239,-2,23900,SQUID_INK,1992.0,23.0,,,,,1996,23,,,,,1994.0,0.0
240,240,-2,24000,SQUID_INK,1994.0,2.0,1992.0,26.0,,,1995,26,,,,,1994.5,0.0
241,241,-2,24100,SQUID_INK,1993.0,31.0,,,,,1996,31,,,,,1994.5,0.0
242,242,-2,24200,SQUID_INK,1992.0,32.0,,,,,1994,5,1995.0,2.0,1996.0,30.0,1993.0,0.0
243,243,-2,24300,SQUID_INK,1992.0,29.0,,,,,1996,29,,,,,1994.0,0.0
244,244,-2,24400,SQUID_INK,1992.0,33.0,,,,,1995,29,,,,,1993.5,0.0
245,245,-2,24500,SQUID_INK,1994.0,1.0,1992.0,22.0,,,1995,22,,,,,1994.5,0.0
246,246,-2,24600,SQUID_INK,1991.0,30.0,,,,,1994,30,,,,,1992.5,0.0
247,247,-2,24700,SQUID_INK,1990.0,27.0,,,,,1992,8,1994.0,27.0,,,1991.0,0.0
248,248,-2,24800,SQUID_INK,1989.0,23.0,,,,,1993,23,,,,,1991.0,0.0
249,249,-2,24900,SQUID_INK,1989.0,28.0,,,,,1992,2,1993.0,26.0,,,1990.5,0.0
250,250,-2,25000,SQUID_INK,1989.0,24.0,,,,,1993,24,,,,,1991.0,0.0
251,251,-2,25100,SQUID_INK,1992.0,1.0,1989.0,24.0,,,1993,24,,,,,1992.5,0.0
252,252,-2,25200,SQUID_INK,1989.0,26.0,,,,,1992,1,1993.0,25.0,,,1990.5,0.0
253,253,-2,25300,SQUID_INK,1991.0,23.0,,,,,1993,2,1995.0,23.0,,,1992.0,0.0
254,254,-2,25400,SQUID_INK,1993.0,22.0,,,,,1996,22,,,,,1994.5,0.0
255,255,-2,25500,SQUID_INK,1992.0,31.0,,,,,1995,31,,,,,1993.5,0.0
256,256,-2,25600,SQUID_INK,1991.0,31.0,,,,,1993,5,1995.0,31.0,,,1992.0,0.0
257,257,-2,25700,SQUID_INK,1992.0,30.0,,,,,1995,30,,,,,1993.5,0.0
258,258,-2,25800,SQUID_INK,1992.0,3.0,1991.0,24.0,,,1995,24,,,,,1993.5,0.0
259,259,-2,25900,SQUID_INK,1991.0,25.0,,,,,1993,1,1994.0,25.0,,,1992.0,0.0
260,260,-2,26000,SQUID_INK,1992.0,2.0,1991.0,24.0,,,1995,26,,,,,1993.5,0.0
261,261,-2,26100,SQUID_INK,1991.0,23.0,,,,,1995,23,,,,,1993.0,0.0
262,262,-2,26200,SQUID_INK,1992.0,1.0,1990.0,30.0,,,1993,30,,,,,1992.5,0.0
263,263,-2,26300,SQUID_INK,1992.0,27.0,,,,,1994,1,1995.0,28.0,,,1993.0,0.0
264,264,-2,26400,SQUID_INK,1991.0,23.0,,,,,1995,24,,,,,1993.0,0.0
265,265,-2,26500,SQUID_INK,1991.0,26.0,,,,,1994,26,,,,,1992.5,0.0
266,266,-2,26600,SQUID_INK,1992.0,23.0,,,,,1995,23,,,,,1993.5,0.0
267,267,-2,26700,SQUID_INK,1995.0,2.0,1994.0,23.0,,,1996,3,1997.0,23.0,,,1995.5,0.0
268,268,-2,26800,SQUID_INK,1996.0,1.0,1994.0,22.0,,,1997,22,,,,,1996.5,0.0
269,269,-2,26900,SQUID_INK,1994.0,26.0,,,,,1997,26,,,,,1995.5,0.0
270,270,-2,27000,SQUID_INK,1992.0,17.0,,,,,1995,21,,,,,1993.5,0.0
271,271,-2,27100,SQUID_INK,1991.0,30.0,,,,,1995,30,,,,,1993.0,0.0
272,272,-2,27200,SQUID_INK,1991.0,27.0,,,,,1993,4,1994.0,28.0,,,1992.0,0.0
273,273,-2,27300,SQUID_INK,1991.0,30.0,,,,,1995,30,,,,,1993.0,0.0
274,274,-2,27400,SQUID_INK,1992.0,23.0,,,,,1993,6,1995.0,23.0,,,1992.5,0.0
275,275,-2,27500,SQUID_INK,1992.0,28.0,,,,,1995,28,,,,,1993.5,0.0
276,276,-2,27600,SQUID_INK,1992.0,30.0,,,,,1994,1,1995.0,30.0,,,1993.0,0.0
277,277,-2,27700,SQUID_INK,1993.0,3.0,1992.0,27.0,,,1995,27,,,,,1994.0,0.0
278,278,-2,27800,SQUID_INK,1993.0,24.0,,,,,1996,24,,,,,1994.5,0.0
279,279,-2,27900,SQUID_INK,1992.0,23.0,,,,,1995,23,,,,,1993.5,0.0
280,280,-2,28000,SQUID_INK,1993.0,29.0,,,,,1996,29,,,,,1994.5,0.0
281,281,-2,28100,SQUID_INK,1993.0,24.0,,,,,1994,5,1996.0,24.0,,,1993.5,0.0
282,282,-2,28200,SQUID_INK,1994.0,3.0,1993.0,23.0,,,1997,25,,,,,1995.5,0.0
283,283,-2,28300,SQUID_INK,1992.0,27.0,,,,,1994,7,1996.0,27.0,,,1993.0,0.0
284,284,-2,28400,SQUID_INK,1992.0,25.0,,,,,1996,25,,,,,1994.0,0.0
285,285,-2,28500,SQUID_INK,1992.0,27.0,,,,,1996,27,,,,,1994.0,0.0
286,286,-2,28600,SQUID_INK,1992.0,26.0,,,,,1995,2,1996.0,24.0,,,1993.5,0.0
287,287,-2,28700,SQUID_INK,1993.0,34.0,,,,,1996,32,,,,,1994.5,0.0
288,288,-2,28800,SQUID_INK,1995.0,1.0,1993.0,29.0,,,1996,29,,,,,1995.5,0.0
289,289,-2,28900,SQUID_INK,1993.0,22.0,,,,,1996,22,,,,,1994.5,0.0
290,290,-2,29000,SQUID_INK,1992.0,26.0,,,,,1995,26,,,,,1993.5,0.0
291,291,-2,29100,SQUID_INK,1992.0,30.0,,,,,1995,22,,,,,1993.5,0.0
292,292,-2,29200,SQUID_INK,1994.0,2.0,1992.0,30.0,,,1995,30,,,,,1994.5,0.0
293,293,-2,29300,SQUID_INK,1993.0,3.0,1992.0,23.0,,,1996,23,,,,,1994.5,0.0
294,294,-2,29400,SQUID_INK,1991.0,25.0,,,,,1995,25,,,,,1993.0,0.0
295,295,-2,29500,SQUID_INK,1990.0,31.0,,,,,1993,31,,,,,1991.5,0.0
296,296,-2,29600,SQUID_INK,1990.0,24.0,,,,,1994,24,,,,,1992.0,0.0
297,297,-2,29700,SQUID_INK,1990.0,1.0,1989.0,29.0,,,1993,30,,,,,1991.5,0.0
298,298,-2,29800,SQUID_INK,1989.0,22.0,,,,,1992,2,1993.0,20.0,,,1990.5,0.0
299,299,-2,29900,SQUID_INK,1989.0,29.0,,,,,1991,1,1993.0,29.0,,,1990.0,0.0
300,300,-2,30000,SQUID_INK,1987.0,28.0,,,,,1990,28,,,,,1988.5,0.0
301,301,-2,30100,SQUID_INK,1987.0,6.0,1986.0,7.0,1985.0,21.0,1989,21,,,,,1988.0,0.0
302,302,-2,30200,SQUID_INK,1986.0,28.0,,,,,1989,28,,,,,1987.5,0.0
303,303,-2,30300,SQUID_INK,1988.0,1.0,1986.0,32.0,,,1989,30,,,,,1988.5,0.0
304,304,-2,30400,SQUID_INK,1986.0,29.0,,,,,1989,30,,,,,1987.5,0.0
305,305,-2,30500,SQUID_INK,1985.0,20.0,,,,,1989,20,,,,,1987.0,0.0
306,306,-2,30600,SQUID_INK,1985.0,30.0,,,,,1989,30,,,,,1987.0,0.0
307,307,-2,30700,SQUID_INK,1985.0,25.0,,,,,1989,25,,,,,1987.0,0.0
308,308,-2,30800,SQUID_INK,1984.0,30.0,,,,,1988,30,,,,,1986.0,0.0
309,309,-2,30900,SQUID_INK,1984.0,28.0,,,,,1987,29,,,,,1985.5,0.0
310,310,-2,31000,SQUID_INK,1985.0,2.0,1984.0,28.0,,,1986,2,1988.0,30.0,,,1985.5,0.0
311,311,-2,31100,SQUID_INK,1985.0,25.0,,,,,1987,4,1989.0,25.0,,,1986.0,0.0
312,312,-2,31200,SQUID_INK,1983.0,20.0,,,,,1985,1,1986.0,26.0,,,1984.0,0.0
313,313,-2,31300,SQUID_INK,1984.0,1.0,1982.0,23.0,,,1985,1,1986.0,22.0,,,1984.5,0.0
314,314,-2,31400,SQUID_INK,1983.0,26.0,,,,,1986,2,1987.0,24.0,,,1984.5,0.0
315,315,-2,31500,SQUID_INK,1983.0,32.0,,,,,1986,32,,,,,1984.5,0.0
316,316,-2,31600,SQUID_INK,1983.0,24.0,,,,,1986,24,,,,,1984.5,0.0
317,317,-2,31700,SQUID_INK,1984.0,1.0,1982.0,34.0,,,1985,26,,,,,1984.5,0.0
318,318,-2,31800,SQUID_INK,1984.0,25.0,,,,,1987,25,,,,,1985.5,0.0
319,319,-2,31900,SQUID_INK,1984.0,30.0,,,,,1987,30,,,,,1985.5,0.0
320,320,-2,32000,SQUID_INK,1986.0,21.0,,,,,1988,8,1989.0,22.0,,,1987.0,0.0
321,321,-2,32100,SQUID_INK,1986.0,22.0,,,,,1988,4,1989.0,23.0,,,1987.0,0.0
322,322,-2,32200,SQUID_INK,1986.0,31.0,,,,,1989,1,1990.0,30.0,,,1987.5,0.0
323,323,-2,32300,SQUID_INK,1988.0,1.0,1987.0,3.0,1986.0,2.0,1989,22,,,,,1988.5,0.0
324,324,-2,32400,SQUID_INK,1987.0,30.0,,,,,1991,30,,,,,1989.0,0.0
325,325,-2,32500,SQUID_INK,1989.0,22.0,,,,,1991,1,1993.0,22.0,,,1990.0,0.0
326,326,-2,32600,SQUID_INK,1989.0,23.0,,,,,1993,23,,,,,1991.0,0.0
327,327,-2,32700,SQUID_INK,1992.0,1.0,1990.0,31.0,,,1994,31,,,,,1993.0,0.0
328,328,-2,32800,SQUID_INK,1989.0,26.0,,,,,1990,5,1992.0,26.0,,,1989.5,0.0
329,329,-2,32900,SQUID_INK,1989.0,32.0,,,,,1992,32,,,,,1990.5,0.0
330,330,-2,33000,SQUID_INK,1990.0,30.0,,,,,1993,26,,,,,1991.5,0.0
331,331,-2,33100,SQUID_INK,1991.0,35.0,,,,,1994,27,,,,,1992.5,0.0
332,332,-2,33200,SQUID_INK,1991.0,4.0,1990.0,21.0,,,1994,21,,,,,1992.5,0.0
333,333,-2,33300,SQUID_INK,1990.0,24.0,,,,,1991,6,1994.0,26.0,,,1990.5,0.0
334,334,-2,33400,SQUID_INK,1990.0,30.0,,,,,1993,30,,,,,1991.5,0.0
335,335,-2,33500,SQUID_INK,1990.0,28.0,,,,,1994,28,,,,,1992.0,0.0
336,336,-2,33600,SQUID_INK,1990.0,26.0,,,,,1993,26,,,,,1991.5,0.0
337,337,-2,33700,SQUID_INK,1991.0,25.0,,,,,1994,25,,,,,1992.5,0.0
338,338,-2,33800,SQUID_INK,1993.0,5.0,1992.0,20.0,,,1996,20,,,,,1994.5,0.0
339,339,-2,33900,SQUID_INK,1995.0,1.0,1993.0,21.0,,,1996,21,,,,,1995.5,0.0
340,340,-2,34000,SQUID_INK,1995.0,1.0,1993.0,26.0,,,1997,26,,,,,1996.0,0.0
341,341,-2,34100,SQUID_INK,1992.0,23.0,,,,,1995,23,,,,,1993.5,0.0
342,342,-2,34200,SQUID_INK,1992.0,23.0,,,,,1996,23,,,,,1994.0,0.0
343,343,-2,34300,SQUID_INK,1993.0,29.0,,,,,1996,29,,,,,1994.5,0.0
344,344,-2,34400,SQUID_INK,1994.0,31.0,,,,,1997,31,,,,,1995.5,0.0
345,345,-2,34500,SQUID_INK,1993.0,28.0,,,,,1996,25,,,,,1994.5,0.0
346,346,-2,34600,SQUID_INK,1992.0,28.0,,,,,1995,28,,,,,1993.5,0.0
347,347,-2,34700,SQUID_INK,1992.0,34.0,,,,,1995,31,,,,,1993.5,0.0
348,348,-2,34800,SQUID_INK,1991.0,23.0,,,,,1993,4,1994.0,23.0,,,1992.0,0.0
349,349,-2,34900,SQUID_INK,1990.0,26.0,,,,,1994,27,,,,,1992.0,0.0
350,350,-2,35000,SQUID_INK,1991.0,17.0,,,,,1994,21,,,,,1992.5,0.0
351,351,-2,35100,SQUID_INK,1991.0,24.0,,,,,1995,24,,,,,1993.0,0.0
352,352,-2,35200,SQUID_INK,1991.0,26.0,,,,,1993,5,1994.0,26.0,,,1992.0,0.0
353,353,-2,35300,SQUID_INK,1993.0,6.0,1992.0,21.0,,,1996,21,,,,,1994.5,0.0
354,354,-2,35400,SQUID_INK,1993.0,3.0,1992.0,22.0,,,1996,22,,,,,1994.5,0.0
355,355,-2,35500,SQUID_INK,1991.0,23.0,,,,,1994,23,,,,,1992.5,0.0
356,356,-2,35600,SQUID_INK,1990.0,27.0,,,,,1993,27,,,,,1991.5,0.0
357,357,-2,35700,SQUID_INK,1990.0,24.0,,,,,1993,1,1994.0,24.0,,,1991.5,0.0
358,358,-2,35800,SQUID_INK,1991.0,33.0,,,,,1994,27,,,,,1992.5,0.0
359,359,-2,35900,SQUID_INK,1990.0,23.0,,,,,1994,23,,,,,1992.0,0.0
360,360,-2,36000,SQUID_INK,1991.0,28.0,,,,,1994,28,,,,,1992.5,0.0
361,361,-2,36100,SQUID_INK,1992.0,4.0,1990.0,29.0,,,1993,29,,,,,1992.5,0.0
362,362,-2,36200,SQUID_INK,1990.0,27.0,,,,,1993,30,,,,,1991.5,0.0
363,363,-2,36300,SQUID_INK,1989.0,25.0,,,,,1992,25,,,,,1990.5,0.0
364,364,-2,36400,SQUID_INK,1991.0,31.0,,,,,1994,31,,,,,1992.5,0.0
365,365,-2,36500,SQUID_INK,1991.0,24.0,,,,,1993,4,1994.0,24.0,,,1992.0,0.0
366,366,-2,36600,SQUID_INK,1991.0,29.0,,,,,1995,29,,,,,1993.0,0.0
367,367,-2,36700,SQUID_INK,1991.0,32.0,,,,,1995,32,,,,,1993.0,0.0
368,368,-2,36800,SQUID_INK,1991.0,2.0,1989.0,24.0,,,1993,24,,,,,1992.0,0.0
369,369,-2,36900,SQUID_INK,1989.0,23.0,,,,,1993,23,,,,,1991.0,0.0
370,370,-2,37000,SQUID_INK,1989.0,28.0,,,,,1992,28,,,,,1990.5,0.0
371,371,-2,37100,SQUID_INK,1989.0,20.0,,,,,1993,20,,,,,1991.0,0.0
372,372,-2,37200,SQUID_INK,1990.0,36.0,,,,,1993,29,,,,,1991.5,0.0
373,373,-2,37300,SQUID_INK,1990.0,22.0,,,,,1993,23,,,,,1991.5,0.0
374,374,-2,37400,SQUID_INK,1990.0,30.0,,,,,1994,30,,,,,1992.0,0.0
375,375,-2,37500,SQUID_INK,1991.0,23.0,,,,,1994,1,1995.0,22.0,,,1992.5,0.0
376,376,-2,37600,SQUID_INK,1991.0,23.0,,,,,1994,23,,,,,1992.5,0.0
377,377,-2,37700,SQUID_INK,1992.0,1.0,1991.0,20.0,,,1995,21,,,,,1993.5,0.0
378,378,-2,37800,SQUID_INK,1989.0,22.0,,,,,1993,22,,,,,1991.0,0.0
379,379,-2,37900,SQUID_INK,1990.0,29.0,,,,,1993,24,,,,,1991.5,0.0
380,380,-2,38000,SQUID_INK,1991.0,25.0,,,,,1994,25,,,,,1992.5,0.0
381,381,-2,38100,SQUID_INK,1991.0,27.0,,,,,1994,27,,,,,1992.5,0.0
382,382,-2,38200,SQUID_INK,1990.0,22.0,,,,,1993,2,1994.0,20.0,,,1991.5,0.0
383,383,-2,38300,SQUID_INK,1991.0,22.0,,,,,1994,22,,,,,1992.5,0.0
384,384,-2,38400,SQUID_INK,1991.0,26.0,,,,,1994,26,,,,,1992.5,0.0
385,385,-2,38500,SQUID_INK,1991.0,21.0,,,,,1995,21,,,,,1993.0,0.0
386,386,-2,38600,SQUID_INK,1991.0,29.0,,,,,1995,29,,,,,1993.0,0.0
387,387,-2,38700,SQUID_INK,1992.0,4.0,1991.0,32.0,,,1993,8,1994.0,32.0,,,1992.5,0.0
388,388,-2,38800,SQUID_INK,1991.0,1.0,1990.0,24.0,,,1993,2,1994.0,22.0,,,1992.0,0.0
389,389,-2,38900,SQUID_INK,1990.0,20.0,,,,,1993,21,,,,,1991.5,0.0
390,390,-2,39000,SQUID_INK,1990.0,30.0,,,,,1993,30,,,,,1991.5,0.0
391,391,-2,39100,SQUID_INK,1989.0,25.0,,,,,1992,25,,,,,1990.5,0.0
392,392,-2,39200,SQUID_INK,1989.0,22.0,,,,,1992,22,,,,,1990.5,0.0
393,393,-2,39300,SQUID_INK,1988.0,29.0,,,,,1990,2,1991.0,1.0,1992.0,28.0,1989.0,0.0
394,394,-2,39400,SQUID_INK,1989.0,30.0,,,,,1992,26,,,,,1990.5,0.0
395,395,-2,39500,SQUID_INK,1991.0,1.0,1989.0,31.0,,,1992,31,,,,,1991.5,0.0
396,396,-2,39600,SQUID_INK,1990.0,2.0,1989.0,26.0,,,1993,28,,,,,1991.5,0.0
397,397,-2,39700,SQUID_INK,1989.0,23.0,,,,,1992,23,,,,,1990.5,0.0
398,398,-2,39800,SQUID_INK,1988.0,24.0,,,,,1989,4,1992.0,24.0,,,1988.5,0.0
399,399,-2,39900,SQUID_INK,1988.0,23.0,,,,,1991,23,,,,,1989.5,0.0
400,400,-2,40000,SQUID_INK,1988.0,27.0,,,,,1991,27,,,,,1989.5,0.0
401,401,-2,40100,SQUID_INK,1988.0,27.0,,,,,1991,1,1992.0,26.0,,,1989.5,0.0
402,402,-2,40200,SQUID_INK,1990.0,5.0,1988.0,29.0,,,1991,29,,,,,1990.5,0.0
403,403,-2,40300,SQUID_INK,1989.0,26.0,,,,,1992,28,,,,,1990.5,0.0
404,404,-2,40400,SQUID_INK,1989.0,37.0,,,,,1992,30,,,,,1990.5,0.0
405,405,-2,40500,SQUID_INK,1989.0,30.0,,,,,1992,30,,,,,1990.5,0.0
406,406,-2,40600,SQUID_INK,1989.0,2.0,1988.0,29.0,,,1992,29,,,,,1990.5,0.0
407,407,-2,40700,SQUID_INK,1990.0,3.0,1988.0,29.0,,,1991,24,,,,,1990.5,0.0
408,408,-2,40800,SQUID_INK,1988.0,24.0,,,,,1992,24,,,,,1990.0,0.0
409,409,-2,40900,SQUID_INK,1988.0,23.0,,,,,1989,3,1992.0,23.0,,,1988.5,0.0
410,410,-2,41000,SQUID_INK,1990.0,2.0,1989.0,4.0,1988.0,24.0,1992,24,,,,,1991.0,0.0
411,411,-2,41100,SQUID_INK,1991.0,9.0,1989.0,26.0,,,1992,26,,,,,1991.5,0.0
412,412,-2,41200,SQUID_INK,1989.0,2.0,1988.0,25.0,,,1991,25,,,,,1990.0,0.0
413,413,-2,41300,SQUID_INK,1988.0,30.0,,,,,1991,2,1992.0,28.0,,,1989.5,0.0
414,414,-2,41400,SQUID_INK,1986.0,31.0,,,,,1988,6,1989.0,31.0,,,1987.0,0.0
415,415,-2,41500,SQUID_INK,1985.0,23.0,,,,,1986,6,1987.0,8.0,1988.0,2.0,1985.5,0.0
416,416,-2,41600,SQUID_INK,1986.0,23.0,,,,,1990,23,,,,,1988.0,0.0
417,417,-2,41700,SQUID_INK,1986.0,29.0,,,,,1989,29,,,,,1987.5,0.0
418,418,-2,41800,SQUID_INK,1986.0,31.0,,,,,1988,1,1989.0,31.0,,,1987.0,0.0
419,419,-2,41900,SQUID_INK,1986.0,30.0,,,,,1987,3,1989.0,30.0,,,1986.5,0.0
420,420,-2,42000,SQUID_INK,1986.0,20.0,,,,,1989,20,,,,,1987.5,0.0
421,421,-2,42100,SQUID_INK,1985.0,27.0,,,,,1988,21,,,,,1986.5,0.0
422,422,-2,42200,SQUID_INK,1983.0,22.0,,,,,1987,22,,,,,1985.0,0.0
423,423,-2,42300,SQUID_INK,1984.0,24.0,,,,,1986,4,1987.0,24.0,,,1985.0,0.0
424,424,-2,42400,SQUID_INK,1984.0,2.0,1983.0,25.0,,,1987,27,,,,,1985.5,0.0
425,425,-2,42500,SQUID_INK,1984.0,2.0,1983.0,22.0,,,1987,24,,,,,1985.5,0.0
426,426,-2,42600,SQUID_INK,1985.0,24.0,,,,,1988,24,,,,,1986.5,0.0
427,427,-2,42700,SQUID_INK,1987.0,5.0,1985.0,29.0,,,1988,24,,,,,1987.5,0.0
428,428,-2,42800,SQUID_INK,1986.0,27.0,,,,,1989,27,,,,,1987.5,0.0
429,429,-2,42900,SQUID_INK,1986.0,28.0,,,,,1988,7,1989.0,28.0,,,1987.0,0.0
430,430,-2,43000,SQUID_INK,1985.0,21.0,,,,,1989,21,,,,,1987.0,0.0
431,431,-2,43100,SQUID_INK,1984.0,21.0,,,,,1986,3,1987.0,21.0,,,1985.0,0.0
432,432,-2,43200,SQUID_INK,1984.0,32.0,,,,,1987,29,,,,,1985.5,0.0
433,433,-2,43300,SQUID_INK,1985.0,25.0,,,,,1988,25,,,,,1986.5,0.0
434,434,-2,43400,SQUID_INK,1985.0,28.0,,,,,1988,28,,,,,1986.5,0.0
435,435,-2,43500,SQUID_INK,1985.0,23.0,,,,,1988,2,1989.0,22.0,,,1986.5,0.0
436,436,-2,43600,SQUID_INK,1986.0,22.0,,,,,1989,22,,,,,1987.5,0.0
437,437,-2,43700,SQUID_INK,1987.0,1.0,1985.0,30.0,,,1988,30,,,,,1987.5,0.0
438,438,-2,43800,SQUID_INK,1987.0,30.0,,,,,1990,29,,,,,1988.5,0.0
439,439,-2,43900,SQUID_INK,1988.0,23.0,,,,,1992,24,,,,,1990.0,0.0
440,440,-2,44000,SQUID_INK,1990.0,30.0,,,,,1992,3,1993.0,30.0,,,1991.0,0.0
441,441,-2,44100,SQUID_INK,1991.0,36.0,,,,,1994,30,,,,,1992.5,0.0
442,442,-2,44200,SQUID_INK,1991.0,27.0,,,,,1994,27,,,,,1992.5,0.0
443,443,-2,44300,SQUID_INK,1990.0,28.0,,,,,1992,1,1993.0,28.0,,,1991.0,0.0
444,444,-2,44400,SQUID_INK,1990.0,23.0,,,,,1992,6,1993.0,23.0,,,1991.0,0.0
445,445,-2,44500,SQUID_INK,1990.0,29.0,,,,,1992,1,1993.0,29.0,,,1991.0,0.0
446,446,-2,44600,SQUID_INK,1990.0,26.0,,,,,1993,26,,,,,1991.5,0.0
447,447,-2,44700,SQUID_INK,1992.0,1.0,1990.0,28.0,,,1993,1,1994.0,27.0,,,1992.5,0.0
448,448,-2,44800,SQUID_INK,1992.0,9.0,1990.0,24.0,,,1993,24,,,,,1992.5,0.0
449,449,-2,44900,SQUID_INK,1989.0,31.0,,,,,1992,30,,,,,1990.5,0.0
450,450,-2,45000,SQUID_INK,1989.0,24.0,,,,,1992,25,,,,,1990.5,0.0
451,451,-2,45100,SQUID_INK,1988.0,26.0,,,,,1992,26,,,,,1990.0,0.0
452,452,-2,45200,SQUID_INK,1987.0,24.0,,,,,1990,24,,,,,1988.5,0.0
453,453,-2,45300,SQUID_INK,1987.0,30.0,,,,,1990,30,,,,,1988.5,0.0
454,454,-2,45400,SQUID_INK,1987.0,30.0,,,,,1990,25,,,,,1988.5,0.0
455,455,-2,45500,SQUID_INK,1991.0,1.0,1988.0,29.0,,,1992,29,,,,,1991.5,0.0
456,456,-2,45600,SQUID_INK,1992.0,27.0,,,,,1995,27,,,,,1993.5,0.0
457,457,-2,45700,SQUID_INK,1991.0,22.0,,,,,1994,22,,,,,1992.5,0.0
458,458,-2,45800,SQUID_INK,1990.0,26.0,,,,,1993,21,,,,,1991.5,0.0
459,459,-2,45900,SQUID_INK,1990.0,28.0,,,,,1992,3,1993.0,28.0,,,1991.0,0.0
460,460,-2,46000,SQUID_INK,1988.0,26.0,,,,,1990,1,1992.0,26.0,,,1989.0,0.0
461,461,-2,46100,SQUID_INK,1988.0,24.0,,,,,1992,24,,,,,1990.0,0.0
462,462,-2,46200,SQUID_INK,1989.0,20.0,,,,,1991,1,1993.0,20.0,,,1990.0,0.0
463,463,-2,46300,SQUID_INK,1990.0,26.0,,,,,1993,23,,,,,1991.5,0.0
464,464,-2,46400,SQUID_INK,1990.0,26.0,,,,,1994,26,,,,,1992.0,0.0
465,465,-2,46500,SQUID_INK,1989.0,26.0,,,,,1992,2,1993.0,24.0,,,1990.5,0.0
466,466,-2,46600,SQUID_INK,1989.0,22.0,,,,,1992,22,,,,,1990.5,0.0
467,467,-2,46700,SQUID_INK,1991.0,29.0,,,,,1994,27,,,,,1992.5,0.0
468,468,-2,46800,SQUID_INK,1991.0,30.0,,,,,1992,5,1994.0,31.0,,,1991.5,0.0
469,469,-2,46900,SQUID_INK,1991.0,34.0,,,,,1994,31,,,,,1992.5,0.0
470,470,-2,47000,SQUID_INK,1991.0,8.0,1990.0,29.0,,,1994,29,,,,,1992.5,0.0
471,471,-2,47100,SQUID_INK,1991.0,2.0,1990.0,26.0,,,1994,28,,,,,1992.5,0.0
472,472,-2,47200,SQUID_INK,1993.0,1.0,1992.0,5.0,1991.0,26.0,1994,26,,,,,1993.5,0.0
473,473,-2,47300,SQUID_INK,1989.0,31.0,,,,,1992,31,,,,,1990.5,0.0
474,474,-2,47400,SQUID_INK,1990.0,28.0,,,,,1993,29,,,,,1991.5,0.0
475,475,-2,47500,SQUID_INK,1992.0,1.0,1990.0,27.0,,,1993,27,,,,,1992.5,0.0
476,476,-2,47600,SQUID_INK,1990.0,8.0,1988.0,27.0,,,1991,1,1992.0,26.0,,,1990.5,0.0
477,477,-2,47700,SQUID_INK,1989.0,23.0,,,,,1991,2,1992.0,24.0,,,1990.0,0.0
478,478,-2,47800,SQUID_INK,1989.0,25.0,,,,,1992,25,,,,,1990.5,0.0
479,479,-2,47900,SQUID_INK,1989.0,26.0,,,,,1992,26,,,,,1990.5,0.0
480,480,-2,48000,SQUID_INK,1989.0,28.0,,,,,1992,28,,,,,1990.5,0.0
481,481,-2,48100,SQUID_INK,1991.0,10.0,1989.0,24.0,,,1992,2,1993.0,22.0,,,1991.5,0.0
482,482,-2,48200,SQUID_INK,1987.0,25.0,,,,,1989,6,1990.0,1.0,1991.0,24.0,1988.0,0.0
483,483,-2,48300,SQUID_INK,1988.0,26.0,,,,,1992,26,,,,,1990.0,0.0
484,484,-2,48400,SQUID_INK,1990.0,30.0,,,,,1993,30,,,,,1991.5,0.0
485,485,-2,48500,SQUID_INK,1989.0,25.0,,,,,1993,25,,,,,1991.0,0.0
486,486,-2,48600,SQUID_INK,1991.0,23.0,,,,,1993,2,1994.0,24.0,,,1992.0,0.0
487,487,-2,48700,SQUID_INK,1990.0,20.0,,,,,1992,2,1993.0,21.0,,,1991.0,0.0
488,488,-2,48800,SQUID_INK,1991.0,25.0,,,,,1994,25,,,,,1992.5,0.0
489,489,-2,48900,SQUID_INK,1991.0,27.0,,,,,1994,28,,,,,1992.5,0.0
490,490,-2,49000,SQUID_INK,1991.0,21.0,,,,,1994,21,,,,,1992.5,0.0
491,491,-2,49100,SQUID_INK,1991.0,2.0,1990.0,28.0,,,1994,28,,,,,1992.5,0.0
492,492,-2,49200,SQUID_INK,1990.0,29.0,,,,,1993,29,,,,,1991.5,0.0
493,493,-2,49300,SQUID_INK,1990.0,26.0,,,,,1993,22,,,,,1991.5,0.0
494,494,-2,49400,SQUID_INK,1990.0,20.0,,,,,1994,21,,,,,1992.0,0.0
495,495,-2,49500,SQUID_INK,1993.0,1.0,1991.0,30.0,,,1994,30,,,,,1993.5,0.0
496,496,-2,49600,SQUID_INK,1990.0,30.0,,,,,1992,5,1993.0,30.0,,,1991.0,0.0
497,497,-2,49700,SQUID_INK,1991.0,33.0,,,,,1994,27,,,,,1992.5,0.0
498,498,-2,49800,SQUID_INK,1991.0,26.0,,,,,1994,26,,,,,1992.5,0.0
499,499,-2,49900,SQUID_INK,1991.0,21.0,,,,,1993,1,1995.0,22.0,,,1992.0,0.0
500,500,-2,50000,SQUID_INK,1991.0,33.0,,,,,1994,28,,,,,1992.5,0.0
501,501,-2,50100,SQUID_INK,1992.0,30.0,,,,,1995,30,,,,,1993.5,0.0
502,502,-2,50200,SQUID_INK,1991.0,31.0,,,,,1994,31,,,,,1992.5,0.0
503,503,-2,50300,SQUID_INK,1992.0,1.0,1990.0,21.0,,,1994,21,,,,,1993.0,0.0
504,504,-2,50400,SQUID_INK,1990.0,28.0,,,,,1993,23,,,,,1991.5,0.0
505,505,-2,50500,SQUID_INK,1990.0,2.0,1989.0,26.0,,,1993,28,,,,,1991.5,0.0
506,506,-2,50600,SQUID_INK,1986.0,22.0,,,,,1990,22,,,,,1988.0,0.0
507,507,-2,50700,SQUID_INK,1984.0,27.0,,,,,1987,27,,,,,1985.5,0.0
508,508,-2,50800,SQUID_INK,1982.0,30.0,,,,,1985,30,,,,,1983.5,0.0
509,509,-2,50900,SQUID_INK,1983.0,23.0,,,,,1986,26,,,,,1984.5,0.0
510,510,-2,51000,SQUID_INK,1983.0,34.0,,,,,1986,27,,,,,1984.5,0.0
511,511,-2,51100,SQUID_INK,1985.0,31.0,,,,,1987,6,1988.0,31.0,,,1986.0,0.0
512,512,-2,51200,SQUID_INK,1983.0,29.0,,,,,1986,29,,,,,1984.5,0.0
513,513,-2,51300,SQUID_INK,1986.0,1.0,1983.0,26.0,,,1987,26,,,,,1986.5,0.0
514,514,-2,51400,SQUID_INK,1980.0,22.0,,,,,1982,8,1984.0,22.0,,,1981.0,0.0
515,515,-2,51500,SQUID_INK,1984.0,31.0,,,,,1987,31,,,,,1985.5,0.0
516,516,-2,51600,SQUID_INK,1983.0,32.0,,,,,1985,3,1986.0,32.0,,,1984.0,0.0
517,517,-2,51700,SQUID_INK,1984.0,22.0,,,,,1987,21,,,,,1985.5,0.0
518,518,-2,51800,SQUID_INK,1985.0,22.0,,,,,1987,8,1988.0,22.0,,,1986.0,0.0
519,519,-2,51900,SQUID_INK,1986.0,1.0,1985.0,23.0,,,1989,24,,,,,1987.5,0.0
520,520,-2,52000,SQUID_INK,1988.0,23.0,,,,,1991,23,,,,,1989.5,0.0
521,521,-2,52100,SQUID_INK,1988.0,2.0,1986.0,24.0,,,1989,24,,,,,1988.5,0.0
522,522,-2,52200,SQUID_INK,1987.0,1.0,1986.0,24.0,,,1990,26,,,,,1988.5,0.0
523,523,-2,52300,SQUID_INK,1989.0,3.0,1988.0,29.0,,,1991,29,,,,,1990.0,0.0
524,524,-2,52400,SQUID_INK,1989.0,3.0,1988.0,21.0,,,1992,21,,,,,1990.5,0.0
525,525,-2,52500,SQUID_INK,1989.0,31.0,,,,,1992,31,,,,,1990.5,0.0
526,526,-2,52600,SQUID_INK,1989.0,25.0,,,,,1991,7,1992.0,25.0,,,1990.0,0.0
527,527,-2,52700,SQUID_INK,1988.0,21.0,,,,,1991,1,1992.0,20.0,,,1989.5,0.0
528,528,-2,52800,SQUID_INK,1987.0,22.0,,,,,1990,22,,,,,1988.5,0.0
529,529,-2,52900,SQUID_INK,1986.0,25.0,,,,,1988,3,1990.0,25.0,,,1987.0,0.0
530,530,-2,53000,SQUID_INK,1987.0,22.0,,,,,1990,22,,,,,1988.5,0.0
531,531,-2,53100,SQUID_INK,1985.0,23.0,,,,,1988,23,,,,,1986.5,0.0
532,532,-2,53200,SQUID_INK,1985.0,28.0,,,,,1988,28,,,,,1986.5,0.0
533,533,-2,53300,SQUID_INK,1986.0,25.0,,,,,1988,6,1989.0,25.0,,,1987.0,0.0
534,534,-2,53400,SQUID_INK,1985.0,28.0,,,,,1987,6,1989.0,28.0,,,1986.0,0.0
535,535,-2,53500,SQUID_INK,1988.0,1.0,1986.0,8.0,1985.0,21.0,1989,21,,,,,1988.5,0.0
536,536,-2,53600,SQUID_INK,1986.0,2.0,1985.0,25.0,,,1989,27,,,,,1987.5,0.0
537,537,-2,53700,SQUID_INK,1985.0,23.0,,,,,1988,23,,,,,1986.5,0.0
538,538,-2,53800,SQUID_INK,1985.0,25.0,,,,,1986,6,1987.0,3.0,1988.0,25.0,1985.5,0.0
539,539,-2,53900,SQUID_INK,1985.0,31.0,,,,,1988,1,1989.0,30.0,,,1986.5,0.0
540,540,-2,54000,SQUID_INK,1987.0,1.0,1986.0,30.0,,,1988,3,1990.0,31.0,,,1987.5,0.0
541,541,-2,54100,SQUID_INK,1985.0,27.0,,,,,1989,27,,,,,1987.0,0.0
542,542,-2,54200,SQUID_INK,1986.0,30.0,,,,,1990,30,,,,,1988.0,0.0
543,543,-2,54300,SQUID_INK,1986.0,24.0,,,,,1989,24,,,,,1987.5,0.0
544,544,-2,54400,SQUID_INK,1986.0,30.0,,,,,1988,4,1989.0,30.0,,,1987.0,0.0
545,545,-2,54500,SQUID_INK,1986.0,24.0,,,,,1990,24,,,,,1988.0,0.0
546,546,-2,54600,SQUID_INK,1987.0,24.0,,,,,1990,1,1991.0,24.0,,,1988.5,0.0
547,547,-2,54700,SQUID_INK,1990.0,1.0,1988.0,25.0,,,1991,25,,,,,1990.5,0.0
548,548,-2,54800,SQUID_INK,1987.0,31.0,,,,,1990,31,,,,,1988.5,0.0
549,549,-2,54900,SQUID_INK,1989.0,31.0,,,,,1992,25,,,,,1990.5,0.0
550,550,-2,55000,SQUID_INK,1990.0,24.0,,,,,1991,5,1993.0,24.0,,,1990.5,0.0
551,551,-2,55100,SQUID_INK,1989.0,28.0,,,,,1992,21,,,,,1990.5,0.0
552,552,-2,55200,SQUID_INK,1988.0,21.0,,,,,1992,21,,,,,1990.0,0.0
553,553,-2,55300,SQUID_INK,1989.0,29.0,,,,,1992,29,,,,,1990.5,0.0
554,554,-2,55400,SQUID_INK,1990.0,36.0,,,,,1993,28,,,,,1991.5,0.0
555,555,-2,55500,SQUID_INK,1991.0,2.0,1990.0,29.0,,,1994,31,,,,,1992.5,0.0
556,556,-2,55600,SQUID_INK,1991.0,28.0,,,,,1994,29,,,,,1992.5,0.0
557,557,-2,55700,SQUID_INK,1991.0,21.0,,,,,1994,21,,,,,1992.5,0.0
558,558,-2,55800,SQUID_INK,1991.0,22.0,,,,,1994,22,,,,,1992.5,0.0
559,559,-2,55900,SQUID_INK,1991.0,27.0,,,,,1994,27,,,,,1992.5,0.0
560,560,-2,56000,SQUID_INK,1991.0,29.0,,,,,1994,29,,,,,1992.5,0.0
561,561,-2,56100,SQUID_INK,1990.0,23.0,,,,,1994,23,,,,,1992.0,0.0
562,562,-2,56200,SQUID_INK,1990.0,23.0,,,,,1992,7,1994.0,23.0,,,1991.0,0.0
563,563,-2,56300,SQUID_INK,1991.0,30.0,,,,,1994,31,,,,,1992.5,0.0
564,564,-2,56400,SQUID_INK,1991.0,2.0,1990.0,25.0,,,1994,25,,,,,1992.5,0.0
565,565,-2,56500,SQUID_INK,1991.0,23.0,,,,,1994,22,,,,,1992.5,0.0
566,566,-2,56600,SQUID_INK,1990.0,28.0,,,,,1992,3,1993.0,28.0,,,1991.0,0.0
567,567,-2,56700,SQUID_INK,1991.0,22.0,,,,,1994,22,,,,,1992.5,0.0
568,568,-2,56800,SQUID_INK,1989.0,25.0,,,,,1991,2,1992.0,2.0,1993.0,23.0,1990.0,0.0
569,569,-2,56900,SQUID_INK,1989.0,21.0,,,,,1992,1,1993.0,20.0,,,1990.5,0.0
570,570,-2,57000,SQUID_INK,1990.0,32.0,,,,,1993,32,,,,,1991.5,0.0
571,571,-2,57100,SQUID_INK,1990.0,21.0,,,,,1993,24,,,,,1991.5,0.0
572,572,-2,57200,SQUID_INK,1990.0,24.0,,,,,1991,4,1993.0,24.0,,,1990.5,0.0
573,573,-2,57300,SQUID_INK,1990.0,21.0,,,,,1992,6,1994.0,21.0,,,1991.0,0.0
574,574,-2,57400,SQUID_INK,1993.0,1.0,1991.0,25.0,,,1994,25,,,,,1993.5,0.0
575,575,-2,57500,SQUID_INK,1991.0,25.0,,,,,1994,25,,,,,1992.5,0.0
576,576,-2,57600,SQUID_INK,1992.0,32.0,,,,,1994,3,1995.0,32.0,,,1993.0,0.0
577,577,-2,57700,SQUID_INK,1992.0,26.0,,,,,1995,26,,,,,1993.5,0.0
578,578,-2,57800,SQUID_INK,1991.0,28.0,,,,,1995,29,,,,,1993.0,0.0
579,579,-2,57900,SQUID_INK,1992.0,30.0,,,,,1995,30,,,,,1993.5,0.0
580,580,-2,58000,SQUID_INK,1994.0,1.0,1993.0,3.0,1992.0,1.0,1995,23,,,,,1994.5,0.0
581,581,-2,58100,SQUID_INK,1991.0,28.0,,,,,1993,6,1994.0,28.0,,,1992.0,0.0
582,582,-2,58200,SQUID_INK,1991.0,26.0,,,,,1993,8,1994.0,26.0,,,1992.0,0.0
583,583,-2,58300,SQUID_INK,1991.0,22.0,,,,,1995,22,,,,,1993.0,0.0
584,584,-2,58400,SQUID_INK,1991.0,29.0,,,,,1995,29,,,,,1993.0,0.0
585,585,-2,58500,SQUID_INK,1993.0,1.0,1992.0,23.0,,,1995,2,1996.0,21.0,,,1994.0,0.0
586,586,-2,58600,SQUID_INK,1992.0,29.0,,,,,1995,29,,,,,1993.5,0.0
587,587,-2,58700,SQUID_INK,1993.0,30.0,,,,,1996,30,,,,,1994.5,0.0
588,588,-2,58800,SQUID_INK,1993.0,21.0,,,,,1996,22,,,,,1994.5,0.0
589,589,-2,58900,SQUID_INK,1993.0,5.0,1992.0,25.0,,,1996,26,,,,,1994.5,0.0
590,590,-2,59000,SQUID_INK,1993.0,22.0,,,,,1996,22,,,,,1994.5,0.0
591,591,-2,59100,SQUID_INK,1993.0,28.0,,,,,1995,6,1996.0,28.0,,,1994.0,0.0
592,592,-2,59200,SQUID_INK,1992.0,24.0,,,,,1996,24,,,,,1994.0,0.0
593,593,-2,59300,SQUID_INK,1992.0,24.0,,,,,1995,24,,,,,1993.5,0.0
594,594,-2,59400,SQUID_INK,1991.0,31.0,,,,,1994,29,,,,,1992.5,0.0
595,595,-2,59500,SQUID_INK,1991.0,26.0,,,,,1994,26,,,,,1992.5,0.0
596,596,-2,59600,SQUID_INK,1991.0,28.0,,,,,1994,28,,,,,1992.5,0.0
597,597,-2,59700,SQUID_INK,1990.0,21.0,,,,,1993,1,1994.0,20.0,,,1991.5,0.0
598,598,-2,59800,SQUID_INK,1991.0,3.0,1990.0,24.0,,,1993,2,1994.0,22.0,,,1992.0,0.0
599,599,-2,59900,SQUID_INK,1990.0,23.0,,,,,1991,1,1994.0,23.0,,,1990.5,0.0
600,600,-2,60000,SQUID_INK,1992.0,1.0,1990.0,26.0,,,1993,26,,,,,1992.5,0.0
601,601,-2,60100,SQUID_INK,1990.0,10.0,1988.0,24.0,,,1991,24,,,,,1990.5,0.0
602,602,-2,60200,SQUID_INK,1986.0,24.0,,,,,1988,3,1990.0,24.0,,,1987.0,0.0
603,603,-2,60300,SQUID_INK,1988.0,28.0,,,,,1991,28,,,,,1989.5,0.0
604,604,-2,60400,SQUID_INK,1989.0,22.0,,,,,1992,22,,,,,1990.5,0.0
605,605,-2,60500,SQUID_INK,1987.0,30.0,,,,,1988,3,1989.0,2.0,1991.0,30.0,1987.5,0.0
606,606,-2,60600,SQUID_INK,1987.0,26.0,,,,,1989,2,1991.0,27.0,,,1988.0,0.0
607,607,-2,60700,SQUID_INK,1987.0,9.0,1986.0,26.0,,,1990,27,,,,,1988.5,0.0
608,608,-2,60800,SQUID_INK,1987.0,21.0,,,,,1990,21,,,,,1988.5,0.0
609,609,-2,60900,SQUID_INK,1987.0,22.0,,,,,1990,22,,,,,1988.5,0.0
610,610,-2,61000,SQUID_INK,1987.0,22.0,,,,,1990,22,,,,,1988.5,0.0
611,611,-2,61100,SQUID_INK,1989.0,5.0,1987.0,29.0,,,1991,29,,,,,1990.0,0.0
612,612,-2,61200,SQUID_INK,1987.0,1.0,1986.0,29.0,,,1990,30,,,,,1988.5,0.0
613,613,-2,61300,SQUID_INK,1987.0,27.0,,,,,1989,7,1990.0,27.0,,,1988.0,0.0
614,614,-2,61400,SQUID_INK,1988.0,29.0,,,,,1990,5,1991.0,29.0,,,1989.0,0.0
615,615,-2,61500,SQUID_INK,1988.0,21.0,,,,,1992,21,,,,,1990.0,0.0
616,616,-2,61600,SQUID_INK,1989.0,27.0,,,,,1992,27,,,,,1990.5,0.0
617,617,-2,61700,SQUID_INK,1990.0,30.0,,,,,1994,30,,,,,1992.0,0.0
618,618,-2,61800,SQUID_INK,1992.0,5.0,1990.0,26.0,,,1993,1,1994.0,25.0,,,1992.5,0.0
619,619,-2,61900,SQUID_INK,1991.0,22.0,,,,,1994,22,,,,,1992.5,0.0
620,620,-2,62000,SQUID_INK,1993.0,21.0,,,,,1996,21,,,,,1994.5,0.0
621,621,-2,62100,SQUID_INK,1993.0,22.0,,,,,1997,22,,,,,1995.0,0.0
622,622,-2,62200,SQUID_INK,1994.0,29.0,,,,,1998,29,,,,,1996.0,0.0
623,623,-2,62300,SQUID_INK,1998.0,25.0,,,,,2000,8,2002.0,25.0,,,1999.0,0.0
624,624,-2,62400,SQUID_INK,1999.0,26.0,,,,,2002,26,,,,,2000.5,0.0
625,625,-2,62500,SQUID_INK,2002.0,2.0,2001.0,26.0,,,2005,28,,,,,2003.5,0.0
626,626,-2,62600,SQUID_INK,2002.0,28.0,,,,,2005,29,,,,,2003.5,0.0
627,627,-2,62700,SQUID_INK,2003.0,25.0,,,,,2006,25,,,,,2004.5,0.0
628,628,-2,62800,SQUID_INK,2004.0,23.0,,,,,2007,1,2008.0,22.0,,,2005.5,0.0
629,629,-2,62900,SQUID_INK,2003.0,29.0,,,,,2005,6,2006.0,29.0,,,2004.0,0.0
630,630,-2,63000,SQUID_INK,2001.0,22.0,,,,,2002,9,2003.0,9.0,2005.0,23.0,2001.5,0.0
631,631,-2,63100,SQUID_INK,2000.0,24.0,,,,,2004,24,,,,,2002.0,0.0
632,632,-2,63200,SQUID_INK,2001.0,34.0,,,,,2004,28,,,,,2002.5,0.0
633,633,-2,63300,SQUID_INK,2002.0,23.0,,,,,2005,23,,,,,2003.5,0.0
634,634,-2,63400,SQUID_INK,2003.0,22.0,,,,,2006,22,,,,,2004.5,0.0
635,635,-2,63500,SQUID_INK,2002.0,22.0,,,,,2005,22,,,,,2003.5,0.0
636,636,-2,63600,SQUID_INK,2003.0,22.0,,,,,2006,22,,,,,2004.5,0.0
637,637,-2,63700,SQUID_INK,2003.0,31.0,,,,,2006,1,2007.0,30.0,,,2004.5,0.0
638,638,-2,63800,SQUID_INK,2003.0,21.0,,,,,2006,21,,,,,2004.5,0.0
639,639,-2,63900,SQUID_INK,2004.0,27.0,,,,,2007,27,,,,,2005.5,0.0
640,640,-2,64000,SQUID_INK,2002.0,29.0,,,,,2006,29,,,,,2004.0,0.0
641,641,-2,64100,SQUID_INK,2000.0,32.0,,,,,2002,6,2003.0,32.0,,,2001.0,0.0
642,642,-2,64200,SQUID_INK,2000.0,22.0,,,,,2003,22,,,,,2001.5,0.0
643,643,-2,64300,SQUID_INK,2000.0,29.0,,,,,2003,29,,,,,2001.5,0.0
644,644,-2,64400,SQUID_INK,2000.0,24.0,,,,,2003,24,,,,,2001.5,0.0
645,645,-2,64500,SQUID_INK,2001.0,1.0,2000.0,26.0,,,2004,26,,,,,2002.5,0.0
646,646,-2,64600,SQUID_INK,2001.0,25.0,,,,,2005,25,,,,,2003.0,0.0
647,647,-2,64700,SQUID_INK,2003.0,6.0,2002.0,29.0,,,2005,1,2006.0,28.0,,,2004.0,0.0
648,648,-2,64800,SQUID_INK,2002.0,2.0,2001.0,25.0,,,2005,27,,,,,2003.5,0.0
649,649,-2,64900,SQUID_INK,2001.0,29.0,,,,,2003,7,2004.0,29.0,,,2002.0,0.0
650,650,-2,65000,SQUID_INK,2001.0,22.0,,,,,2003,2,2004.0,22.0,,,2002.0,0.0
651,651,-2,65100,SQUID_INK,2001.0,26.0,,,,,2004,26,,,,,2002.5,0.0
652,652,-2,65200,SQUID_INK,2001.0,31.0,,,,,2004,31,,,,,2002.5,0.0
653,653,-2,65300,SQUID_INK,2002.0,5.0,2001.0,1.0,2000.0,23.0,2004,23,,,,,2003.0,0.0
654,654,-2,65400,SQUID_INK,2001.0,20.0,,,,,2004,20,,,,,2002.5,0.0
655,655,-2,65500,SQUID_INK,2001.0,22.0,,,,,2005,22,,,,,2003.0,0.0
656,656,-2,65600,SQUID_INK,2003.0,3.0,2002.0,30.0,,,2006,30,,,,,2004.5,0.0
657,657,-2,65700,SQUID_INK,2003.0,26.0,,,,,2005,4,2006.0,26.0,,,2004.0,0.0
658,658,-2,65800,SQUID_INK,2003.0,32.0,,,,,2006,30,,,,,2004.5,0.0
659,659,-2,65900,SQUID_INK,2002.0,25.0,,,,,2005,25,,,,,2003.5,0.0
660,660,-2,66000,SQUID_INK,2002.0,1.0,2001.0,27.0,,,2005,28,,,,,2003.5,0.0
661,661,-2,66100,SQUID_INK,2002.0,1.0,2001.0,24.0,,,2005,25,,,,,2003.5,0.0
662,662,-2,66200,SQUID_INK,2003.0,16.0,,,,,2006,24,,,,,2004.5,0.0
663,663,-2,66300,SQUID_INK,2004.0,29.0,,,,,2007,27,,,,,2005.5,0.0
664,664,-2,66400,SQUID_INK,2003.0,25.0,,,,,2006,25,,,,,2004.5,0.0
665,665,-2,66500,SQUID_INK,2003.0,24.0,,,,,2006,24,,,,,2004.5,0.0
666,666,-2,66600,SQUID_INK,2002.0,37.0,,,,,2005,31,,,,,2003.5,0.0
667,667,-2,66700,SQUID_INK,2002.0,21.0,,,,,2006,21,,,,,2004.0,0.0
668,668,-2,66800,SQUID_INK,2003.0,29.0,,,,,2007,29,,,,,2005.0,0.0
669,669,-2,66900,SQUID_INK,2004.0,30.0,,,,,2005,4,2006.0,1.0,2007.0,30.0,2004.5,0.0
670,670,-2,67000,SQUID_INK,2005.0,6.0,2004.0,22.0,,,2008,22,,,,,2006.5,0.0
671,671,-2,67100,SQUID_INK,2005.0,37.0,,,,,2008,29,,,,,2006.5,0.0
672,672,-2,67200,SQUID_INK,2007.0,1.0,2005.0,1.0,2004.0,23.0,2008,24,,,,,2007.5,0.0
673,673,-2,67300,SQUID_INK,2005.0,26.0,,,,,2009,26,,,,,2007.0,0.0
674,674,-2,67400,SQUID_INK,2005.0,27.0,,,,,2008,27,,,,,2006.5,0.0
675,675,-2,67500,SQUID_INK,2006.0,8.0,2005.0,29.0,,,2008,2,2009.0,27.0,,,2007.0,0.0
676,676,-2,67600,SQUID_INK,2005.0,2.0,2004.0,30.0,,,2008,32,,,,,2006.5,0.0
677,677,-2,67700,SQUID_INK,2007.0,4.0,2005.0,29.0,,,2009,29,,,,,2008.0,0.0
678,678,-2,67800,SQUID_INK,2005.0,23.0,,,,,2007,3,2008.0,23.0,,,2006.0,0.0
679,679,-2,67900,SQUID_INK,2005.0,34.0,,,,,2008,32,,,,,2006.5,0.0
680,680,-2,68000,SQUID_INK,2004.0,24.0,,,,,2006,2,2007.0,25.0,,,2005.0,0.0
681,681,-2,68100,SQUID_INK,2002.0,29.0,,,,,2005,29,,,,,2003.5,0.0
682,682,-2,68200,SQUID_INK,2005.0,1.0,2003.0,20.0,,,2006,20,,,,,2005.5,0.0
683,683,-2,68300,SQUID_INK,2003.0,20.0,,,,,2006,21,,,,,2004.5,0.0
684,684,-2,68400,SQUID_INK,2001.0,2.0,2000.0,25.0,,,2004,27,,,,,2002.5,0.0
685,685,-2,68500,SQUID_INK,2001.0,25.0,,,,,2005,25,,,,,2003.0,0.0
686,686,-2,68600,SQUID_INK,2003.0,23.0,,,,,2006,27,,,,,2004.5,0.0
687,687,-2,68700,SQUID_INK,2002.0,31.0,,,,,2005,25,,,,,2003.5,0.0
688,688,-2,68800,SQUID_INK,2001.0,28.0,,,,,2003,6,2004.0,28.0,,,2002.0,0.0
689,689,-2,68900,SQUID_INK,2005.0,1.0,2003.0,25.0,,,2006,25,,,,,2005.5,0.0
690,690,-2,69000,SQUID_INK,2002.0,23.0,,,,,2005,2,2006.0,21.0,,,2003.5,0.0
691,691,-2,69100,SQUID_INK,2002.0,25.0,,,,,2005,25,,,,,2003.5,0.0
692,692,-2,69200,SQUID_INK,2004.0,2.0,2003.0,24.0,,,2005,6,2007.0,26.0,,,2004.5,0.0
693,693,-2,69300,SQUID_INK,2006.0,8.0,2004.0,30.0,,,2007,28,,,,,2006.5,0.0
694,694,-2,69400,SQUID_INK,2006.0,1.0,2004.0,22.0,,,2007,22,,,,,2006.5,0.0
695,695,-2,69500,SQUID_INK,2004.0,20.0,,,,,2008,20,,,,,2006.0,0.0
696,696,-2,69600,SQUID_INK,2005.0,2.0,2004.0,21.0,,,2008,22,,,,,2006.5,0.0
697,697,-2,69700,SQUID_INK,2004.0,21.0,,,,,2007,21,,,,,2005.5,0.0
698,698,-2,69800,SQUID_INK,2006.0,1.0,2004.0,27.0,,,2007,27,,,,,2006.5,0.0
699,699,-2,69900,SQUID_INK,2003.0,29.0,,,,,2006,29,,,,,2004.5,0.0
700,700,-2,70000,SQUID_INK,2003.0,28.0,,,,,2006,28,,,,,2004.5,0.0
701,701,-2,70100,SQUID_INK,2002.0,24.0,,,,,2006,24,,,,,2004.0,0.0
702,702,-2,70200,SQUID_INK,2005.0,3.0,2003.0,31.0,,,2006,31,,,,,2005.5,0.0
703,703,-2,70300,SQUID_INK,2003.0,29.0,,,,,2006,29,,,,,2004.5,0.0
704,704,-2,70400,SQUID_INK,2003.0,17.0,,,,,2006,26,,,,,2004.5,0.0
705,705,-2,70500,SQUID_INK,2003.0,29.0,,,,,2006,25,,,,,2004.5,0.0
706,706,-2,70600,SQUID_INK,2004.0,30.0,,,,,2007,30,,,,,2005.5,0.0
707,707,-2,70700,SQUID_INK,2004.0,22.0,,,,,2007,22,,,,,2005.5,0.0
708,708,-2,70800,SQUID_INK,2005.0,28.0,,,,,2008,28,,,,,2006.5,0.0
709,709,-2,70900,SQUID_INK,2005.0,26.0,,,,,2008,26,,,,,2006.5,0.0
710,710,-2,71000,SQUID_INK,2005.0,31.0,,,,,2008,31,,,,,2006.5,0.0
711,711,-2,71100,SQUID_INK,2005.0,25.0,,,,,2008,25,,,,,2006.5,0.0
712,712,-2,71200,SQUID_INK,2005.0,5.0,2004.0,28.0,,,2007,2,2008.0,26.0,,,2006.0,0.0
713,713,-2,71300,SQUID_INK,2005.0,32.0,,,,,2008,29,,,,,2006.5,0.0
714,714,-2,71400,SQUID_INK,2006.0,28.0,,,,,2009,29,,,,,2007.5,0.0
715,715,-2,71500,SQUID_INK,2003.0,32.0,,,,,2006,30,,,,,2004.5,0.0
716,716,-2,71600,SQUID_INK,2003.0,20.0,,,,,2007,20,,,,,2005.0,0.0
717,717,-2,71700,SQUID_INK,2004.0,20.0,,,,,2008,20,,,,,2006.0,0.0
718,718,-2,71800,SQUID_INK,2007.0,1.0,2005.0,25.0,,,2008,25,,,,,2007.5,0.0
719,719,-2,71900,SQUID_INK,2004.0,30.0,,,,,2005,2,2008.0,30.0,,,2004.5,0.0
720,720,-2,72000,SQUID_INK,2004.0,26.0,,,,,2008,26,,,,,2006.0,0.0
721,721,-2,72100,SQUID_INK,2005.0,9.0,2003.0,24.0,,,2006,24,,,,,2005.5,0.0
722,722,-2,72200,SQUID_INK,2003.0,24.0,,,,,2006,24,,,,,2004.5,0.0
723,723,-2,72300,SQUID_INK,2003.0,30.0,,,,,2006,30,,,,,2004.5,0.0
724,724,-2,72400,SQUID_INK,2003.0,23.0,,,,,2006,23,,,,,2004.5,0.0
725,725,-2,72500,SQUID_INK,2003.0,24.0,,,,,2005,7,2006.0,24.0,,,2004.0,0.0
726,726,-2,72600,SQUID_INK,2004.0,22.0,,,,,2006,4,2007.0,1.0,2008.0,21.0,2005.0,0.0
727,727,-2,72700,SQUID_INK,2003.0,23.0,,,,,2007,23,,,,,2005.0,0.0
728,728,-2,72800,SQUID_INK,2004.0,26.0,,,,,2007,26,,,,,2005.5,0.0
729,729,-2,72900,SQUID_INK,2004.0,25.0,,,,,2006,3,2007.0,25.0,,,2005.0,0.0
730,730,-2,73000,SQUID_INK,2003.0,24.0,,,,,2007,24,,,,,2005.0,0.0
731,731,-2,73100,SQUID_INK,2005.0,26.0,,,,,2008,26,,,,,2006.5,0.0
732,732,-2,73200,SQUID_INK,2005.0,2.0,2004.0,28.0,,,2008,30,,,,,2006.5,0.0
733,733,-2,73300,SQUID_INK,2004.0,6.0,2003.0,30.0,,,2007,32,,,,,2005.5,0.0
734,734,-2,73400,SQUID_INK,2003.0,31.0,,,,,2006,31,,,,,2004.5,0.0
735,735,-2,73500,SQUID_INK,2002.0,20.0,,,,,2006,20,,,,,2004.0,0.0
736,736,-2,73600,SQUID_INK,2003.0,26.0,,,,,2007,26,,,,,2005.0,0.0
737,737,-2,73700,SQUID_INK,2002.0,30.0,,,,,2006,30,,,,,2004.0,0.0
738,738,-2,73800,SQUID_INK,2004.0,3.0,2003.0,31.0,,,2006,30,,,,,2005.0,0.0
739,739,-2,73900,SQUID_INK,2003.0,26.0,,,,,2005,8,2006.0,27.0,,,2004.0,0.0
740,740,-2,74000,SQUID_INK,2003.0,29.0,,,,,2006,29,,,,,2004.5,0.0
741,741,-2,74100,SQUID_INK,2002.0,31.0,,,,,2005,31,,,,,2003.5,0.0
742,742,-2,74200,SQUID_INK,2004.0,1.0,2002.0,31.0,,,2005,28,,,,,2004.5,0.0
743,743,-2,74300,SQUID_INK,2002.0,25.0,,,,,2006,25,,,,,2004.0,0.0
744,744,-2,74400,SQUID_INK,2003.0,6.0,2002.0,21.0,,,2005,21,,,,,2004.0,0.0
745,745,-2,74500,SQUID_INK,2002.0,23.0,,,,,2004,1,2005.0,23.0,,,2003.0,0.0
746,746,-2,74600,SQUID_INK,2002.0,31.0,,,,,2005,31,,,,,2003.5,0.0
747,747,-2,74700,SQUID_INK,2002.0,26.0,,,,,2006,26,,,,,2004.0,0.0
748,748,-2,74800,SQUID_INK,2002.0,30.0,,,,,2005,26,,,,,2003.5,0.0
749,749,-2,74900,SQUID_INK,2002.0,24.0,,,,,2006,24,,,,,2004.0,0.0
750,750,-2,75000,SQUID_INK,2001.0,30.0,,,,,2005,30,,,,,2003.0,0.0
751,751,-2,75100,SQUID_INK,2001.0,30.0,,,,,2004,25,,,,,2002.5,0.0
752,752,-2,75200,SQUID_INK,2002.0,2.0,2001.0,20.0,,,2005,22,,,,,2003.5,0.0
753,753,-2,75300,SQUID_INK,2001.0,33.0,,,,,2004,27,,,,,2002.5,0.0
754,754,-2,75400,SQUID_INK,2001.0,2.0,2000.0,30.0,,,2004,30,,,,,2002.5,0.0
755,755,-2,75500,SQUID_INK,1999.0,29.0,,,,,2002,30,,,,,2000.5,0.0
756,756,-2,75600,SQUID_INK,2001.0,1.0,2000.0,6.0,1999.0,23.0,2002,22,,,,,2001.5,0.0
757,757,-2,75700,SQUID_INK,1998.0,22.0,,,,,2001,1,2002.0,21.0,,,1999.5,0.0
758,758,-2,75800,SQUID_INK,1998.0,22.0,,,,,2001,1,2002.0,21.0,,,1999.5,0.0
759,759,-2,75900,SQUID_INK,1999.0,2.0,1998.0,30.0,,,2000,4,2002.0,32.0,,,1999.5,0.0
760,760,-2,76000,SQUID_INK,1999.0,7.0,1998.0,21.0,,,2002,22,,,,,2000.5,0.0
761,761,-2,76100,SQUID_INK,1998.0,28.0,,,,,2001,2,2002.0,26.0,,,1999.5,0.0
762,762,-2,76200,SQUID_INK,1998.0,26.0,,,,,2000,1,2001.0,26.0,,,1999.0,0.0
763,763,-2,76300,SQUID_INK,1997.0,27.0,,,,,1999,2,2001.0,27.0,,,1998.0,0.0
764,764,-2,76400,SQUID_INK,1998.0,27.0,,,,,1999,3,2001.0,2.0,2002.0,26.0,1998.5,0.0
765,765,-2,76500,SQUID_INK,1998.0,31.0,,,,,2002,31,,,,,2000.0,0.0
766,766,-2,76600,SQUID_INK,1998.0,31.0,,,,,2000,8,2002.0,31.0,,,1999.0,0.0
767,767,-2,76700,SQUID_INK,1999.0,22.0,,,,,2001,8,2002.0,22.0,,,2000.0,0.0
768,768,-2,76800,SQUID_INK,2000.0,26.0,,,,,2003,26,,,,,2001.5,0.0
769,769,-2,76900,SQUID_INK,1999.0,31.0,,,,,2002,31,,,,,2000.5,0.0
770,770,-2,77000,SQUID_INK,1998.0,25.0,,,,,2001,25,,,,,1999.5,0.0
771,771,-2,77100,SQUID_INK,1999.0,8.0,1998.0,27.0,,,2002,27,,,,,2000.5,0.0
772,772,-2,77200,SQUID_INK,1998.0,28.0,,,,,2000,2,2001.0,28.0,,,1999.0,0.0
773,773,-2,77300,SQUID_INK,1998.0,30.0,,,,,2000,6,2002.0,30.0,,,1999.0,0.0
774,774,-2,77400,SQUID_INK,1999.0,28.0,,,,,2000,6,2002.0,28.0,,,1999.5,0.0
775,775,-2,77500,SQUID_INK,1999.0,20.0,,,,,2003,20,,,,,2001.0,0.0
776,776,-2,77600,SQUID_INK,2000.0,2.0,1999.0,26.0,,,2002,1,2003.0,25.0,,,2001.0,0.0
777,777,-2,77700,SQUID_INK,1998.0,26.0,,,,,2001,26,,,,,1999.5,0.0
778,778,-2,77800,SQUID_INK,1999.0,22.0,,,,,2002,26,,,,,2000.5,0.0
779,779,-2,77900,SQUID_INK,1999.0,30.0,,,,,2002,30,,,,,2000.5,0.0
780,780,-2,78000,SQUID_INK,1999.0,1.0,1998.0,27.0,,,2002,28,,,,,2000.5,0.0
781,781,-2,78100,SQUID_INK,2000.0,1.0,1998.0,32.0,,,2001,2,2002.0,30.0,,,2000.5,0.0
782,782,-2,78200,SQUID_INK,1997.0,20.0,,,,,2000,20,,,,,1998.5,0.0
783,783,-2,78300,SQUID_INK,1997.0,6.0,1996.0,22.0,,,2000,22,,,,,1998.5,0.0
784,784,-2,78400,SQUID_INK,1997.0,28.0,,,,,2000,2,2001.0,26.0,,,1998.5,0.0
785,785,-2,78500,SQUID_INK,1999.0,32.0,,,,,2002,32,,,,,2000.5,0.0
786,786,-2,78600,SQUID_INK,1999.0,29.0,,,,,2002,30,,,,,2000.5,0.0
787,787,-2,78700,SQUID_INK,1999.0,29.0,,,,,2002,29,,,,,2000.5,0.0
788,788,-2,78800,SQUID_INK,1999.0,23.0,,,,,2002,24,,,,,2000.5,0.0
789,789,-2,78900,SQUID_INK,1999.0,32.0,,,,,2002,30,,,,,2000.5,0.0
790,790,-2,79000,SQUID_INK,2000.0,8.0,1999.0,22.0,,,2003,22,,,,,2001.5,0.0
791,791,-2,79100,SQUID_INK,2001.0,5.0,2000.0,27.0,,,2003,27,,,,,2002.0,0.0
792,792,-2,79200,SQUID_INK,2000.0,30.0,,,,,2002,8,2003.0,1.0,2004.0,29.0,2001.0,0.0
793,793,-2,79300,SQUID_INK,2000.0,29.0,,,,,2003,29,,,,,2001.5,0.0
794,794,-2,79400,SQUID_INK,2000.0,20.0,,,,,2004,20,,,,,2002.0,0.0
795,795,-2,79500,SQUID_INK,2001.0,2.0,2000.0,26.0,,,2004,28,,,,,2002.5,0.0
796,796,-2,79600,SQUID_INK,2001.0,27.0,,,,,2004,27,,,,,2002.5,0.0
797,797,-2,79700,SQUID_INK,2001.0,32.0,,,,,2004,32,,,,,2002.5,0.0
798,798,-2,79800,SQUID_INK,2000.0,22.0,,,,,2001,4,2004.0,22.0,,,2000.5,0.0
799,799,-2,79900,SQUID_INK,1998.0,24.0,,,,,2001,23,,,,,1999.5,0.0
800,800,-2,80000,SQUID_INK,1993.0,30.0,,,,,1997,30,,,,,1995.0,0.0
801,801,-2,80100,SQUID_INK,1995.0,1.0,1993.0,31.0,,,1996,31,,,,,1995.5,0.0
802,802,-2,80200,SQUID_INK,1992.0,27.0,,,,,1995,27,,,,,1993.5,0.0
803,803,-2,80300,SQUID_INK,1993.0,34.0,,,,,1996,30,,,,,1994.5,0.0
804,804,-2,80400,SQUID_INK,1994.0,23.0,,,,,1995,4,1997.0,23.0,,,1994.5,0.0
805,805,-2,80500,SQUID_INK,1993.0,22.0,,,,,1995,3,1996.0,23.0,,,1994.0,0.0
806,806,-2,80600,SQUID_INK,1993.0,27.0,,,,,1997,27,,,,,1995.0,0.0
807,807,-2,80700,SQUID_INK,1995.0,2.0,1994.0,29.0,,,1998,29,,,,,1996.5,0.0
808,808,-2,80800,SQUID_INK,1995.0,6.0,1994.0,25.0,,,1998,25,,,,,1996.5,0.0
809,809,-2,80900,SQUID_INK,1994.0,29.0,,,,,1996,1,1997.0,30.0,,,1995.0,0.0
810,810,-2,81000,SQUID_INK,1994.0,32.0,,,,,1997,32,,,,,1995.5,0.0
811,811,-2,81100,SQUID_INK,1994.0,29.0,,,,,1997,29,,,,,1995.5,0.0
812,812,-2,81200,SQUID_INK,1995.0,1.0,1994.0,26.0,,,1998,27,,,,,1996.5,0.0
813,813,-2,81300,SQUID_INK,1996.0,1.0,1994.0,22.0,,,1997,22,,,,,1996.5,0.0
814,814,-2,81400,SQUID_INK,1994.0,23.0,,,,,1997,23,,,,,1995.5,0.0
815,815,-2,81500,SQUID_INK,1993.0,28.0,,,,,1997,28,,,,,1995.0,0.0
816,816,-2,81600,SQUID_INK,1994.0,20.0,,,,,1996,5,1998.0,20.0,,,1995.0,0.0
817,817,-2,81700,SQUID_INK,1995.0,3.0,1994.0,27.0,,,1997,2,1998.0,25.0,,,1996.0,0.0
818,818,-2,81800,SQUID_INK,1993.0,28.0,,,,,1995,8,1996.0,29.0,,,1994.0,0.0
819,819,-2,81900,SQUID_INK,1994.0,34.0,,,,,1995,4,1997.0,27.0,,,1994.5,0.0
820,820,-2,82000,SQUID_INK,1995.0,32.0,,,,,1997,4,1998.0,32.0,,,1996.0,0.0
821,821,-2,82100,SQUID_INK,1993.0,21.0,,,,,1996,22,,,,,1994.5,0.0
822,822,-2,82200,SQUID_INK,1993.0,1.0,1991.0,2.0,1990.0,28.0,1994,30,,,,,1993.5,0.0
823,823,-2,82300,SQUID_INK,1993.0,27.0,,,,,1996,27,,,,,1994.5,0.0
824,824,-2,82400,SQUID_INK,1992.0,26.0,,,,,1993,4,1995.0,26.0,,,1992.5,0.0
825,825,-2,82500,SQUID_INK,1992.0,26.0,,,,,1996,26,,,,,1994.0,0.0
826,826,-2,82600,SQUID_INK,1993.0,22.0,,,,,1995,8,1997.0,23.0,,,1994.0,0.0
827,827,-2,82700,SQUID_INK,1993.0,31.0,,,,,1996,31,,,,,1994.5,0.0
828,828,-2,82800,SQUID_INK,1992.0,22.0,,,,,1995,22,,,,,1993.5,0.0
829,829,-2,82900,SQUID_INK,1991.0,1.0,1990.0,22.0,,,1994,23,,,,,1992.5,0.0
830,830,-2,83000,SQUID_INK,1990.0,34.0,,,,,1993,31,,,,,1991.5,0.0
831,831,-2,83100,SQUID_INK,1992.0,7.0,1991.0,21.0,,,1995,21,,,,,1993.5,0.0
832,832,-2,83200,SQUID_INK,1993.0,28.0,,,,,1996,28,,,,,1994.5,0.0
833,833,-2,83300,SQUID_INK,1992.0,22.0,,,,,1995,22,,,,,1993.5,0.0
834,834,-2,83400,SQUID_INK,1994.0,3.0,1992.0,30.0,,,1995,30,,,,,1994.5,0.0
835,835,-2,83500,SQUID_INK,1992.0,29.0,,,,,1995,29,,,,,1993.5,0.0
836,836,-2,83600,SQUID_INK,1993.0,25.0,,,,,1996,25,,,,,1994.5,0.0
837,837,-2,83700,SQUID_INK,1995.0,27.0,,,,,1998,27,,,,,1996.5,0.0
838,838,-2,83800,SQUID_INK,1995.0,32.0,,,,,1998,32,,,,,1996.5,0.0
839,839,-2,83900,SQUID_INK,1997.0,1.0,1995.0,6.0,1994.0,26.0,1998,27,,,,,1997.5,0.0
840,840,-2,84000,SQUID_INK,1996.0,25.0,,,,,1998,5,1999.0,25.0,,,1997.0,0.0
841,841,-2,84100,SQUID_INK,1997.0,29.0,,,,,2000,26,,,,,1998.5,0.0
842,842,-2,84200,SQUID_INK,1999.0,1.0,1997.0,30.0,,,2000,27,,,,,1999.5,0.0
843,843,-2,84300,SQUID_INK,1997.0,25.0,,,,,2001,25,,,,,1999.0,0.0
844,844,-2,84400,SQUID_INK,1997.0,30.0,,,,,2000,30,,,,,1998.5,0.0
845,845,-2,84500,SQUID_INK,1997.0,1.0,1996.0,28.0,,,2000,29,,,,,1998.5,0.0
846,846,-2,84600,SQUID_INK,1997.0,28.0,,,,,2000,28,,,,,1998.5,0.0
847,847,-2,84700,SQUID_INK,2000.0,1.0,1998.0,28.0,,,2001,28,,,,,2000.5,0.0
848,848,-2,84800,SQUID_INK,1997.0,24.0,,,,,2000,1,2001.0,23.0,,,1998.5,0.0
849,849,-2,84900,SQUID_INK,1997.0,28.0,,,,,1999,1,2001.0,28.0,,,1998.0,0.0
850,850,-2,85000,SQUID_INK,1996.0,30.0,,,,,1999,30,,,,,1997.5,0.0
851,851,-2,85100,SQUID_INK,1996.0,1.0,1995.0,25.0,,,1997,8,1999.0,26.0,,,1996.5,0.0
852,852,-2,85200,SQUID_INK,1996.0,27.0,,,,,1998,1,1999.0,27.0,,,1997.0,0.0
853,853,-2,85300,SQUID_INK,1997.0,28.0,,,,,2000,28,,,,,1998.5,0.0
854,854,-2,85400,SQUID_INK,1997.0,4.0,1996.0,28.0,,,2000,29,,,,,1998.5,0.0
855,855,-2,85500,SQUID_INK,1996.0,28.0,,,,,1999,28,,,,,1997.5,0.0
856,856,-2,85600,SQUID_INK,1996.0,29.0,,,,,1999,29,,,,,1997.5,0.0
857,857,-2,85700,SQUID_INK,1996.0,28.0,,,,,1999,28,,,,,1997.5,0.0
858,858,-2,85800,SQUID_INK,1997.0,29.0,,,,,2000,29,,,,,1998.5,0.0
859,859,-2,85900,SQUID_INK,1997.0,30.0,,,,,2000,30,,,,,1998.5,0.0
860,860,-2,86000,SQUID_INK,1998.0,23.0,,,,,1999,1,2002.0,23.0,,,1998.5,0.0
861,861,-2,86100,SQUID_INK,1998.0,20.0,,,,,2001,20,,,,,1999.5,0.0
862,862,-2,86200,SQUID_INK,1998.0,28.0,,,,,2002,28,,,,,2000.0,0.0
863,863,-2,86300,SQUID_INK,1998.0,28.0,,,,,2001,29,,,,,1999.5,0.0
864,864,-2,86400,SQUID_INK,1999.0,37.0,,,,,2002,31,,,,,2000.5,0.0
865,865,-2,86500,SQUID_INK,1999.0,1.0,1998.0,23.0,,,2001,2,2002.0,21.0,,,2000.0,0.0
866,866,-2,86600,SQUID_INK,2000.0,22.0,,,,,2002,5,2003.0,22.0,,,2001.0,0.0
867,867,-2,86700,SQUID_INK,2000.0,21.0,,,,,2003,21,,,,,2001.5,0.0
868,868,-2,86800,SQUID_INK,2000.0,23.0,,,,,2003,23,,,,,2001.5,0.0
869,869,-2,86900,SQUID_INK,1999.0,23.0,,,,,2001,4,2002.0,23.0,,,2000.0,0.0
870,870,-2,87000,SQUID_INK,2000.0,22.0,,,,,2002,6,2003.0,22.0,,,2001.0,0.0
871,871,-2,87100,SQUID_INK,2001.0,23.0,,,,,2003,8,2004.0,23.0,,,2002.0,0.0
872,872,-2,87200,SQUID_INK,1999.0,20.0,,,,,2002,20,,,,,2000.5,0.0
873,873,-2,87300,SQUID_INK,1998.0,30.0,,,,,2002,30,,,,,2000.0,0.0
874,874,-2,87400,SQUID_INK,1998.0,28.0,,,,,2001,28,,,,,1999.5,0.0
875,875,-2,87500,SQUID_INK,1998.0,31.0,,,,,2001,24,,,,,1999.5,0.0
876,876,-2,87600,SQUID_INK,1998.0,30.0,,,,,2001,30,,,,,1999.5,0.0
877,877,-2,87700,SQUID_INK,1998.0,20.0,,,,,2001,20,,,,,1999.5,0.0
878,878,-2,87800,SQUID_INK,1997.0,20.0,,,,,2001,20,,,,,1999.0,0.0
879,879,-2,87900,SQUID_INK,1999.0,10.0,1998.0,5.0,1997.0,25.0,2001,25,,,,,2000.0,0.0
880,880,-2,88000,SQUID_INK,1997.0,27.0,,,,,2000,27,,,,,1998.5,0.0
881,881,-2,88100,SQUID_INK,1996.0,28.0,,,,,1999,28,,,,,1997.5,0.0
882,882,-2,88200,SQUID_INK,1997.0,34.0,,,,,2000,26,,,,,1998.5,0.0
883,883,-2,88300,SQUID_INK,1998.0,5.0,1996.0,26.0,,,2000,26,,,,,1999.0,0.0
884,884,-2,88400,SQUID_INK,1998.0,1.0,1996.0,28.0,,,2000,28,,,,,1999.0,0.0
885,885,-2,88500,SQUID_INK,1996.0,22.0,,,,,2000,22,,,,,1998.0,0.0
886,886,-2,88600,SQUID_INK,1996.0,25.0,,,,,1997,4,1999.0,25.0,,,1996.5,0.0
887,887,-2,88700,SQUID_INK,1995.0,28.0,,,,,1997,1,1999.0,28.0,,,1996.0,0.0
888,888,-2,88800,SQUID_INK,1994.0,26.0,,,,,1995,4,1997.0,31.0,,,1994.5,0.0
889,889,-2,88900,SQUID_INK,1994.0,1.0,1992.0,27.0,,,1996,27,,,,,1995.0,0.0
890,890,-2,89000,SQUID_INK,1992.0,24.0,,,,,1996,24,,,,,1994.0,0.0
891,891,-2,89100,SQUID_INK,1993.0,29.0,,,,,1994,2,1996.0,2.0,1997.0,27.0,1993.5,0.0
892,892,-2,89200,SQUID_INK,1993.0,30.0,,,,,1996,30,,,,,1994.5,0.0
893,893,-2,89300,SQUID_INK,1993.0,25.0,,,,,1996,25,,,,,1994.5,0.0
894,894,-2,89400,SQUID_INK,1994.0,4.0,1993.0,23.0,,,1995,3,1996.0,23.0,,,1994.5,0.0
895,895,-2,89500,SQUID_INK,1993.0,27.0,,,,,1996,27,,,,,1994.5,0.0
896,896,-2,89600,SQUID_INK,1992.0,26.0,,,,,1996,26,,,,,1994.0,0.0
897,897,-2,89700,SQUID_INK,1992.0,30.0,,,,,1994,8,1995.0,30.0,,,1993.0,0.0
898,898,-2,89800,SQUID_INK,1993.0,28.0,,,,,1996,28,,,,,1994.5,0.0
899,899,-2,89900,SQUID_INK,1993.0,26.0,,,,,1996,26,,,,,1994.5,0.0
900,900,-2,90000,SQUID_INK,1993.0,4.0,1992.0,24.0,,,1996,24,,,,,1994.5,0.0
901,901,-2,90100,SQUID_INK,1991.0,28.0,,,,,1995,28,,,,,1993.0,0.0
902,902,-2,90200,SQUID_INK,1992.0,21.0,,,,,1995,21,,,,,1993.5,0.0
903,903,-2,90300,SQUID_INK,1993.0,23.0,,,,,1995,6,1996.0,23.0,,,1994.0,0.0
904,904,-2,90400,SQUID_INK,1994.0,20.0,,,,,1997,25,,,,,1995.5,0.0
905,905,-2,90500,SQUID_INK,1993.0,30.0,,,,,1996,24,,,,,1994.5,0.0
906,906,-2,90600,SQUID_INK,1995.0,1.0,1993.0,26.0,,,1996,25,,,,,1995.5,0.0
907,907,-2,90700,SQUID_INK,1993.0,28.0,,,,,1996,28,,,,,1994.5,0.0
908,908,-2,90800,SQUID_INK,1994.0,26.0,,,,,1995,3,1997.0,26.0,,,1994.5,0.0
909,909,-2,90900,SQUID_INK,1993.0,26.0,,,,,1995,4,1997.0,26.0,,,1994.0,0.0
910,910,-2,91000,SQUID_INK,1993.0,30.0,,,,,1996,31,,,,,1994.5,0.0
911,911,-2,91100,SQUID_INK,1992.0,23.0,,,,,1994,4,1995.0,23.0,,,1993.0,0.0
912,912,-2,91200,SQUID_INK,1991.0,26.0,,,,,1994,26,,,,,1992.5,0.0
913,913,-2,91300,SQUID_INK,1991.0,27.0,,,,,1994,27,,,,,1992.5,0.0
914,914,-2,91400,SQUID_INK,1990.0,22.0,,,,,1993,22,,,,,1991.5,0.0
915,915,-2,91500,SQUID_INK,1989.0,26.0,,,,,1991,1,1992.0,26.0,,,1990.0,0.0
916,916,-2,91600,SQUID_INK,1990.0,30.0,,,,,1992,5,1994.0,30.0,,,1991.0,0.0
917,917,-2,91700,SQUID_INK,1989.0,27.0,,,,,1992,23,,,,,1990.5,0.0
918,918,-2,91800,SQUID_INK,1990.0,24.0,,,,,1993,24,,,,,1991.5,0.0
919,919,-2,91900,SQUID_INK,1990.0,29.0,,,,,1993,22,,,,,1991.5,0.0
920,920,-2,92000,SQUID_INK,1990.0,28.0,,,,,1994,28,,,,,1992.0,0.0
921,921,-2,92100,SQUID_INK,1992.0,22.0,,,,,1995,22,,,,,1993.5,0.0
922,922,-2,92200,SQUID_INK,1990.0,30.0,,,,,1992,4,1993.0,30.0,,,1991.0,0.0
923,923,-2,92300,SQUID_INK,1990.0,30.0,,,,,1993,29,,,,,1991.5,0.0
924,924,-2,92400,SQUID_INK,1990.0,2.0,1989.0,27.0,,,1991,8,1992.0,27.0,,,1990.5,0.0
925,925,-2,92500,SQUID_INK,1989.0,1.0,1988.0,26.0,,,1992,28,,,,,1990.5,0.0
926,926,-2,92600,SQUID_INK,1988.0,22.0,,,,,1990,4,1991.0,23.0,,,1989.0,0.0
927,927,-2,92700,SQUID_INK,1989.0,20.0,,,,,1992,20,,,,,1990.5,0.0
928,928,-2,92800,SQUID_INK,1989.0,22.0,,,,,1993,22,,,,,1991.0,0.0
929,929,-2,92900,SQUID_INK,1990.0,21.0,,,,,1994,21,,,,,1992.0,0.0
930,930,-2,93000,SQUID_INK,1992.0,22.0,,,,,1994,3,1995.0,22.0,,,1993.0,0.0
931,931,-2,93100,SQUID_INK,1993.0,4.0,1992.0,21.0,,,1994,2,1995.0,21.0,,,1993.5,0.0
932,932,-2,93200,SQUID_INK,1993.0,30.0,,,,,1995,3,1996.0,30.0,,,1994.0,0.0
933,933,-2,93300,SQUID_INK,1995.0,27.0,,,,,1998,25,,,,,1996.5,0.0
934,934,-2,93400,SQUID_INK,1993.0,26.0,,,,,1996,26,,,,,1994.5,0.0
935,935,-2,93500,SQUID_INK,1993.0,28.0,,,,,1996,28,,,,,1994.5,0.0
936,936,-2,93600,SQUID_INK,1993.0,30.0,,,,,1995,1,1996.0,30.0,,,1994.0,0.0
937,937,-2,93700,SQUID_INK,1995.0,29.0,,,,,1998,29,,,,,1996.5,0.0
938,938,-2,93800,SQUID_INK,1997.0,28.0,,,,,1999,8,2001.0,28.0,,,1998.0,0.0
939,939,-2,93900,SQUID_INK,1997.0,28.0,,,,,2000,28,,,,,1998.5,0.0
940,940,-2,94000,SQUID_INK,1996.0,30.0,,,,,1999,30,,,,,1997.5,0.0
941,941,-2,94100,SQUID_INK,1999.0,1.0,1997.0,28.0,,,2000,28,,,,,1999.5,0.0
942,942,-2,94200,SQUID_INK,1997.0,25.0,,,,,2001,25,,,,,1999.0,0.0
943,943,-2,94300,SQUID_INK,1997.0,22.0,,,,,1998,1,2001.0,22.0,,,1997.5,0.0
944,944,-2,94400,SQUID_INK,1997.0,23.0,,,,,2000,24,,,,,1998.5,0.0
945,945,-2,94500,SQUID_INK,1997.0,22.0,,,,,2001,23,,,,,1999.0,0.0
946,946,-2,94600,SQUID_INK,1999.0,4.0,1998.0,30.0,,,2001,30,,,,,2000.0,0.0
947,947,-2,94700,SQUID_INK,1996.0,22.0,,,,,1999,22,,,,,1997.5,0.0
948,948,-2,94800,SQUID_INK,1996.0,26.0,,,,,1999,26,,,,,1997.5,0.0
949,949,-2,94900,SQUID_INK,1996.0,5.0,1995.0,30.0,,,1999,30,,,,,1997.5,0.0
950,950,-2,95000,SQUID_INK,1997.0,2.0,1996.0,21.0,,,2000,23,,,,,1998.5,0.0
951,951,-2,95100,SQUID_INK,1997.0,25.0,,,,,1999,5,2000.0,25.0,,,1998.0,0.0
952,952,-2,95200,SQUID_INK,1997.0,23.0,,,,,2000,23,,,,,1998.5,0.0
953,953,-2,95300,SQUID_INK,1996.0,38.0,,,,,1999,31,,,,,1997.5,0.0
954,954,-2,95400,SQUID_INK,1997.0,25.0,,,,,2000,25,,,,,1998.5,0.0
955,955,-2,95500,SQUID_INK,1997.0,21.0,,,,,2000,21,,,,,1998.5,0.0
956,956,-2,95600,SQUID_INK,1999.0,1.0,1998.0,5.0,1997.0,22.0,2000,22,,,,,1999.5,0.0
957,957,-2,95700,SQUID_INK,1997.0,32.0,,,,,2000,32,,,,,1998.5,0.0
958,958,-2,95800,SQUID_INK,1994.0,25.0,,,,,1998,26,,,,,1996.0,0.0
959,959,-2,95900,SQUID_INK,1994.0,25.0,,,,,1996,3,1997.0,25.0,,,1995.0,0.0
960,960,-2,96000,SQUID_INK,1995.0,21.0,,,,,1998,21,,,,,1996.5,0.0
961,961,-2,96100,SQUID_INK,1995.0,30.0,,,,,1999,30,,,,,1997.0,0.0
962,962,-2,96200,SQUID_INK,1996.0,1.0,1995.0,27.0,,,1999,29,,,,,1997.5,0.0
963,963,-2,96300,SQUID_INK,1996.0,24.0,,,,,2000,24,,,,,1998.0,0.0
964,964,-2,96400,SQUID_INK,1997.0,1.0,1996.0,26.0,,,2000,27,,,,,1998.5,0.0
965,965,-2,96500,SQUID_INK,1997.0,23.0,,,,,2000,23,,,,,1998.5,0.0
966,966,-2,96600,SQUID_INK,1996.0,31.0,,,,,2000,31,,,,,1998.0,0.0
967,967,-2,96700,SQUID_INK,1997.0,2.0,1996.0,23.0,,,2000,25,,,,,1998.5,0.0
968,968,-2,96800,SQUID_INK,1999.0,1.0,1997.0,27.0,,,2000,27,,,,,1999.5,0.0
969,969,-2,96900,SQUID_INK,1997.0,21.0,,,,,2000,21,,,,,1998.5,0.0
970,970,-2,97000,SQUID_INK,1995.0,24.0,,,,,1996,2,1999.0,24.0,,,1995.5,0.0
971,971,-2,97100,SQUID_INK,1997.0,3.0,1996.0,20.0,,,1999,20,,,,,1998.0,0.0
972,972,-2,97200,SQUID_INK,1996.0,22.0,,,,,2000,22,,,,,1998.0,0.0
973,973,-2,97300,SQUID_INK,1996.0,32.0,,,,,1999,32,,,,,1997.5,0.0
974,974,-2,97400,SQUID_INK,1998.0,9.0,1997.0,30.0,,,2001,31,,,,,1999.5,0.0
975,975,-2,97500,SQUID_INK,1999.0,4.0,1997.0,22.0,,,2000,22,,,,,1999.5,0.0
976,976,-2,97600,SQUID_INK,1997.0,31.0,,,,,2000,31,,,,,1998.5,0.0
977,977,-2,97700,SQUID_INK,1997.0,32.0,,,,,2001,32,,,,,1999.0,0.0
978,978,-2,97800,SQUID_INK,1997.0,24.0,,,,,2000,24,,,,,1998.5,0.0
979,979,-2,97900,SQUID_INK,1997.0,30.0,,,,,2000,30,,,,,1998.5,0.0
980,980,-2,98000,SQUID_INK,1996.0,31.0,,,,,1999,31,,,,,1997.5,0.0
981,981,-2,98100,SQUID_INK,1998.0,1.0,1997.0,8.0,1996.0,27.0,2000,27,,,,,1999.0,0.0
982,982,-2,98200,SQUID_INK,1996.0,26.0,,,,,1998,3,2000.0,27.0,,,1997.0,0.0
983,983,-2,98300,SQUID_INK,1996.0,22.0,,,,,1998,5,1999.0,26.0,,,1997.0,0.0
984,984,-2,98400,SQUID_INK,1996.0,25.0,,,,,1999,26,,,,,1997.5,0.0
985,985,-2,98500,SQUID_INK,1998.0,5.0,1996.0,25.0,,,1999,25,,,,,1998.5,0.0
986,986,-2,98600,SQUID_INK,1996.0,21.0,,,,,1999,20,,,,,1997.5,0.0
987,987,-2,98700,SQUID_INK,1996.0,29.0,,,,,1999,29,,,,,1997.5,0.0
988,988,-2,98800,SQUID_INK,1998.0,32.0,,,,,2001,32,,,,,1999.5,0.0
989,989,-2,98900,SQUID_INK,1999.0,3.0,1998.0,25.0,,,2001,25,,,,,2000.0,0.0
990,990,-2,99000,SQUID_INK,1998.0,23.0,,,,,2000,7,2001.0,23.0,,,1999.0,0.0
991,991,-2,99100,SQUID_INK,1998.0,22.0,,,,,2000,2,2001.0,22.0,,,1999.0,0.0
992,992,-2,99200,SQUID_INK,1999.0,1.0,1998.0,3.0,1997.0,2.0,2000,31,,,,,1999.5,0.0
993,993,-2,99300,SQUID_INK,1997.0,1.0,1996.0,20.0,,,1998,2,2000.0,21.0,,,1997.5,0.0
994,994,-2,99400,SQUID_INK,1998.0,2.0,1997.0,24.0,,,2001,26,,,,,1999.5,0.0
995,995,-2,99500,SQUID_INK,1999.0,1.0,1997.0,34.0,,,2000,30,,,,,1999.5,0.0
996,996,-2,99600,SQUID_INK,1995.0,28.0,,,,,1998,28,,,,,1996.5,0.0
997,997,-2,99700,SQUID_INK,1995.0,31.0,,,,,1998,31,,,,,1996.5,0.0
998,998,-2,99800,SQUID_INK,1995.0,35.0,,,,,1996,4,1998.0,29.0,,,1995.5,0.0
999,999,-2,99900,SQUID_INK,1995.0,28.0,,,,,1998,28,,,,,1996.5,0.0
1000,1000,-2,100000,SQUID_INK,1996.0,30.0,,,,,1999,30,,,,,1997.5,0.0
1001,1001,-2,100100,SQUID_INK,1995.0,27.0,,,,,1998,28,,,,,1996.5,0.0
1002,1002,-2,100200,SQUID_INK,1994.0,22.0,,,,,1997,22,,,,,1995.5,0.0
1003,1003,-2,100300,SQUID_INK,1992.0,28.0,,,,,1995,1,1996.0,27.0,,,1993.5,0.0
1004,1004,-2,100400,SQUID_INK,1996.0,1.0,1994.0,1.0,1993.0,20.0,1997,21,,,,,1996.5,0.0
1005,1005,-2,100500,SQUID_INK,1994.0,24.0,,,,,1998,24,,,,,1996.0,0.0
1006,1006,-2,100600,SQUID_INK,1995.0,31.0,,,,,1998,31,,,,,1996.5,0.0
1007,1007,-2,100700,SQUID_INK,1995.0,27.0,,,,,1998,27,,,,,1996.5,0.0
1008,1008,-2,100800,SQUID_INK,1996.0,22.0,,,,,1999,22,,,,,1997.5,0.0
1009,1009,-2,100900,SQUID_INK,1995.0,26.0,,,,,1998,26,,,,,1996.5,0.0
1010,1010,-2,101000,SQUID_INK,1994.0,21.0,,,,,1998,21,,,,,1996.0,0.0
1011,1011,-2,101100,SQUID_INK,1996.0,6.0,1995.0,28.0,,,1998,1,1999.0,27.0,,,1997.0,0.0
1012,1012,-2,101200,SQUID_INK,1995.0,23.0,,,,,1998,23,,,,,1996.5,0.0
1013,1013,-2,101300,SQUID_INK,1997.0,6.0,1996.0,28.0,,,1999,1,2000.0,27.0,,,1998.0,0.0
1014,1014,-2,101400,SQUID_INK,1996.0,26.0,,,,,2000,26,,,,,1998.0,0.0
1015,1015,-2,101500,SQUID_INK,1998.0,26.0,,,,,2000,3,2001.0,26.0,,,1999.0,0.0
1016,1016,-2,101600,SQUID_INK,1997.0,28.0,,,,,2001,28,,,,,1999.0,0.0
1017,1017,-2,101700,SQUID_INK,1999.0,22.0,,,,,2002,22,,,,,2000.5,0.0
1018,1018,-2,101800,SQUID_INK,1998.0,23.0,,,,,2001,23,,,,,1999.5,0.0
1019,1019,-2,101900,SQUID_INK,1998.0,21.0,,,,,2001,21,,,,,1999.5,0.0
1020,1020,-2,102000,SQUID_INK,1998.0,25.0,,,,,2001,25,,,,,1999.5,0.0
1021,1021,-2,102100,SQUID_INK,1997.0,23.0,,,,,1999,4,2000.0,1.0,2001.0,22.0,1998.0,0.0
1022,1022,-2,102200,SQUID_INK,1998.0,31.0,,,,,2001,31,,,,,1999.5,0.0
1023,1023,-2,102300,SQUID_INK,1998.0,36.0,,,,,2001,30,,,,,1999.5,0.0
1024,1024,-2,102400,SQUID_INK,1998.0,30.0,,,,,2000,4,2002.0,31.0,,,1999.0,0.0
1025,1025,-2,102500,SQUID_INK,2001.0,1.0,1998.0,30.0,,,2002,30,,,,,2001.5,0.0
1026,1026,-2,102600,SQUID_INK,1999.0,23.0,,,,,2002,23,,,,,2000.5,0.0
1027,1027,-2,102700,SQUID_INK,1998.0,30.0,,,,,2001,22,,,,,1999.5,0.0
1028,1028,-2,102800,SQUID_INK,1998.0,29.0,,,,,2001,29,,,,,1999.5,0.0
1029,1029,-2,102900,SQUID_INK,1998.0,25.0,,,,,2001,25,,,,,1999.5,0.0
1030,1030,-2,103000,SQUID_INK,1999.0,2.0,1998.0,30.0,,,2001,2,2002.0,28.0,,,2000.0,0.0
1031,1031,-2,103100,SQUID_INK,1999.0,22.0,,,,,2002,22,,,,,2000.5,0.0
1032,1032,-2,103200,SQUID_INK,2000.0,24.0,,,,,2003,24,,,,,2001.5,0.0
1033,1033,-2,103300,SQUID_INK,2003.0,2.0,2001.0,21.0,,,2004,21,,,,,2003.5,0.0
1034,1034,-2,103400,SQUID_INK,2002.0,29.0,,,,,2004,5,2005.0,29.0,,,2003.0,0.0
1035,1035,-2,103500,SQUID_INK,2001.0,31.0,,,,,2004,2,2005.0,29.0,,,2002.5,0.0
1036,1036,-2,103600,SQUID_INK,2003.0,1.0,2001.0,31.0,,,2004,2,2005.0,29.0,,,2003.5,0.0
1037,1037,-2,103700,SQUID_INK,2002.0,30.0,,,,,2005,22,,,,,2003.5,0.0
1038,1038,-2,103800,SQUID_INK,2002.0,31.0,,,,,2005,31,,,,,2003.5,0.0
1039,1039,-2,103900,SQUID_INK,2001.0,22.0,,,,,2004,22,,,,,2002.5,0.0
1040,1040,-2,104000,SQUID_INK,2001.0,29.0,,,,,2004,29,,,,,2002.5,0.0
1041,1041,-2,104100,SQUID_INK,2000.0,30.0,,,,,2001,3,2002.0,6.0,2003.0,30.0,2000.5,0.0
1042,1042,-2,104200,SQUID_INK,2000.0,23.0,,,,,2003,23,,,,,2001.5,0.0
1043,1043,-2,104300,SQUID_INK,2000.0,24.0,,,,,2003,24,,,,,2001.5,0.0
1044,1044,-2,104400,SQUID_INK,2002.0,5.0,2001.0,29.0,,,2004,21,,,,,2003.0,0.0
1045,1045,-2,104500,SQUID_INK,2001.0,28.0,,,,,2004,25,,,,,2002.5,0.0
1046,1046,-2,104600,SQUID_INK,2001.0,30.0,,,,,2004,27,,,,,2002.5,0.0
1047,1047,-2,104700,SQUID_INK,2000.0,24.0,,,,,2003,25,,,,,2001.5,0.0
1048,1048,-2,104800,SQUID_INK,2001.0,5.0,2000.0,27.0,,,2003,2,2004.0,25.0,,,2002.0,0.0
1049,1049,-2,104900,SQUID_INK,2002.0,1.0,2000.0,1.0,1999.0,27.0,2003,28,,,,,2002.5,0.0
1050,1050,-2,105000,SQUID_INK,2000.0,31.0,,,,,2003,31,,,,,2001.5,0.0
1051,1051,-2,105100,SQUID_INK,1998.0,29.0,,,,,2001,29,,,,,1999.5,0.0
1052,1052,-2,105200,SQUID_INK,1998.0,21.0,,,,,2001,22,,,,,1999.5,0.0
1053,1053,-2,105300,SQUID_INK,1998.0,26.0,,,,,2001,23,,,,,1999.5,0.0
1054,1054,-2,105400,SQUID_INK,1998.0,29.0,,,,,2000,4,2001.0,29.0,,,1999.0,0.0
1055,1055,-2,105500,SQUID_INK,1998.0,22.0,,,,,2001,22,,,,,1999.5,0.0
1056,1056,-2,105600,SQUID_INK,1998.0,29.0,,,,,2000,3,2001.0,29.0,,,1999.0,0.0
1057,1057,-2,105700,SQUID_INK,1999.0,31.0,,,,,2002,31,,,,,2000.5,0.0
1058,1058,-2,105800,SQUID_INK,1999.0,28.0,,,,,2000,6,2003.0,28.0,,,1999.5,0.0
1059,1059,-2,105900,SQUID_INK,1998.0,27.0,,,,,2002,27,,,,,2000.0,0.0
1060,1060,-2,106000,SQUID_INK,1998.0,23.0,,,,,2002,23,,,,,2000.0,0.0
1061,1061,-2,106100,SQUID_INK,1997.0,26.0,,,,,2001,26,,,,,1999.0,0.0
1062,1062,-2,106200,SQUID_INK,1999.0,2.0,1998.0,23.0,,,2002,23,,,,,2000.5,0.0
1063,1063,-2,106300,SQUID_INK,1998.0,22.0,,,,,2001,22,,,,,1999.5,0.0
1064,1064,-2,106400,SQUID_INK,1999.0,26.0,,,,,2002,26,,,,,2000.5,0.0
1065,1065,-2,106500,SQUID_INK,1998.0,22.0,,,,,2002,22,,,,,2000.0,0.0
1066,1066,-2,106600,SQUID_INK,2000.0,7.0,1999.0,20.0,,,2003,20,,,,,2001.5,0.0
1067,1067,-2,106700,SQUID_INK,1999.0,30.0,,,,,2001,8,2002.0,30.0,,,2000.0,0.0
1068,1068,-2,106800,SQUID_INK,1999.0,23.0,,,,,2002,23,,,,,2000.5,0.0
1069,1069,-2,106900,SQUID_INK,1999.0,23.0,,,,,2000,10,2003.0,23.0,,,1999.5,0.0
1070,1070,-2,107000,SQUID_INK,1999.0,27.0,,,,,2003,27,,,,,2001.0,0.0
1071,1071,-2,107100,SQUID_INK,2002.0,1.0,2000.0,1.0,1999.0,29.0,2003,30,,,,,2002.5,0.0
1072,1072,-2,107200,SQUID_INK,1999.0,26.0,,,,,2003,26,,,,,2001.0,0.0
1073,1073,-2,107300,SQUID_INK,1998.0,29.0,,,,,2000,1,2002.0,29.0,,,1999.0,0.0
1074,1074,-2,107400,SQUID_INK,1999.0,25.0,,,,,2003,25,,,,,2001.0,0.0
1075,1075,-2,107500,SQUID_INK,1999.0,25.0,,,,,2002,2,2003.0,23.0,,,2000.5,0.0
1076,1076,-2,107600,SQUID_INK,1998.0,2.0,1997.0,20.0,,,2001,22,,,,,1999.5,0.0
1077,1077,-2,107700,SQUID_INK,2000.0,4.0,1998.0,24.0,,,2001,22,,,,,2000.5,0.0
1078,1078,-2,107800,SQUID_INK,2000.0,1.0,1997.0,22.0,,,2001,22,,,,,2000.5,0.0
1079,1079,-2,107900,SQUID_INK,1997.0,25.0,,,,,2000,2,2001.0,23.0,,,1998.5,0.0
1080,1080,-2,108000,SQUID_INK,1996.0,32.0,,,,,1999,32,,,,,1997.5,0.0
1081,1081,-2,108100,SQUID_INK,1999.0,24.0,,,,,2002,29,,,,,2000.5,0.0
1082,1082,-2,108200,SQUID_INK,1998.0,25.0,,,,,2001,25,,,,,1999.5,0.0
1083,1083,-2,108300,SQUID_INK,1998.0,27.0,,,,,2001,27,,,,,1999.5,0.0
1084,1084,-2,108400,SQUID_INK,1999.0,1.0,1996.0,27.0,,,2000,27,,,,,1999.5,0.0
1085,1085,-2,108500,SQUID_INK,1998.0,26.0,,,,,1999,2,2001.0,26.0,,,1998.5,0.0
1086,1086,-2,108600,SQUID_INK,1998.0,24.0,,,,,2001,26,,,,,1999.5,0.0
1087,1087,-2,108700,SQUID_INK,1997.0,26.0,,,,,2001,26,,,,,1999.0,0.0
1088,1088,-2,108800,SQUID_INK,1998.0,20.0,,,,,2000,4,2001.0,21.0,,,1999.0,0.0
1089,1089,-2,108900,SQUID_INK,1997.0,28.0,,,,,2000,28,,,,,1998.5,0.0
1090,1090,-2,109000,SQUID_INK,1997.0,22.0,,,,,1999,8,2001.0,22.0,,,1998.0,0.0
1091,1091,-2,109100,SQUID_INK,1999.0,3.0,1998.0,8.0,1997.0,21.0,2001,23,,,,,2000.0,0.0
1092,1092,-2,109200,SQUID_INK,1997.0,31.0,,,,,2000,26,,,,,1998.5,0.0
1093,1093,-2,109300,SQUID_INK,1997.0,23.0,,,,,2000,23,,,,,1998.5,0.0
1094,1094,-2,109400,SQUID_INK,1999.0,1.0,1997.0,30.0,,,2000,30,,,,,1999.5,0.0
1095,1095,-2,109500,SQUID_INK,1997.0,22.0,,,,,2000,22,,,,,1998.5,0.0
1096,1096,-2,109600,SQUID_INK,1997.0,23.0,,,,,2001,23,,,,,1999.0,0.0
1097,1097,-2,109700,SQUID_INK,1997.0,28.0,,,,,2000,1,2001.0,27.0,,,1998.5,0.0
1098,1098,-2,109800,SQUID_INK,1997.0,29.0,,,,,2000,29,,,,,1998.5,0.0
1099,1099,-2,109900,SQUID_INK,1998.0,26.0,,,,,2000,7,2001.0,26.0,,,1999.0,0.0
1100,1100,-2,110000,SQUID_INK,1999.0,32.0,,,,,2002,30,,,,,2000.5,0.0
1101,1101,-2,110100,SQUID_INK,2001.0,2.0,1999.0,28.0,,,2002,24,,,,,2001.5,0.0
1102,1102,-2,110200,SQUID_INK,1999.0,23.0,,,,,2002,23,,,,,2000.5,0.0
1103,1103,-2,110300,SQUID_INK,1999.0,30.0,,,,,2002,30,,,,,2000.5,0.0
1104,1104,-2,110400,SQUID_INK,1999.0,29.0,,,,,2003,29,,,,,2001.0,0.0
1105,1105,-2,110500,SQUID_INK,1999.0,23.0,,,,,2003,23,,,,,2001.0,0.0
1106,1106,-2,110600,SQUID_INK,1999.0,23.0,,,,,2002,23,,,,,2000.5,0.0
1107,1107,-2,110700,SQUID_INK,2000.0,22.0,,,,,2003,22,,,,,2001.5,0.0
1108,1108,-2,110800,SQUID_INK,1999.0,27.0,,,,,2003,27,,,,,2001.0,0.0
1109,1109,-2,110900,SQUID_INK,1998.0,32.0,,,,,2001,32,,,,,1999.5,0.0
1110,1110,-2,111000,SQUID_INK,1998.0,28.0,,,,,2002,28,,,,,2000.0,0.0
1111,1111,-2,111100,SQUID_INK,1998.0,21.0,,,,,2001,21,,,,,1999.5,0.0
1112,1112,-2,111200,SQUID_INK,2000.0,27.0,,,,,2001,3,2003.0,27.0,,,2000.5,0.0
1113,1113,-2,111300,SQUID_INK,2003.0,3.0,2001.0,20.0,,,2004,20,,,,,2003.5,0.0
1114,1114,-2,111400,SQUID_INK,2000.0,28.0,,,,,2004,28,,,,,2002.0,0.0
1115,1115,-2,111500,SQUID_INK,2000.0,25.0,,,,,2002,6,2003.0,25.0,,,2001.0,0.0
1116,1116,-2,111600,SQUID_INK,2000.0,29.0,,,,,2002,2,2004.0,31.0,,,2001.0,0.0
1117,1117,-2,111700,SQUID_INK,2001.0,28.0,,,,,2004,28,,,,,2002.5,0.0
1118,1118,-2,111800,SQUID_INK,2001.0,34.0,,,,,2004,26,,,,,2002.5,0.0
1119,1119,-2,111900,SQUID_INK,2001.0,26.0,,,,,2004,26,,,,,2002.5,0.0
1120,1120,-2,112000,SQUID_INK,2002.0,5.0,2001.0,28.0,,,2004,28,,,,,2003.0,0.0
1121,1121,-2,112100,SQUID_INK,2001.0,25.0,,,,,2004,25,,,,,2002.5,0.0
1122,1122,-2,112200,SQUID_INK,2002.0,3.0,2001.0,29.0,,,2005,29,,,,,2003.5,0.0
1123,1123,-2,112300,SQUID_INK,1999.0,25.0,,,,,2002,23,,,,,2000.5,0.0
1124,1124,-2,112400,SQUID_INK,2001.0,1.0,1999.0,29.0,,,2002,29,,,,,2001.5,0.0
1125,1125,-2,112500,SQUID_INK,1998.0,26.0,,,,,2002,27,,,,,2000.0,0.0
1126,1126,-2,112600,SQUID_INK,1999.0,30.0,,,,,2001,7,2002.0,30.0,,,2000.0,0.0
1127,1127,-2,112700,SQUID_INK,1998.0,22.0,,,,,2002,22,,,,,2000.0,0.0
1128,1128,-2,112800,SQUID_INK,1999.0,2.0,1998.0,22.0,,,2001,2,2002.0,20.0,,,2000.0,0.0
1129,1129,-2,112900,SQUID_INK,1999.0,23.0,,,,,2001,4,2002.0,23.0,,,2000.0,0.0
1130,1130,-2,113000,SQUID_INK,2000.0,1.0,1999.0,23.0,,,2003,24,,,,,2001.5,0.0
1131,1131,-2,113100,SQUID_INK,2002.0,1.0,2000.0,25.0,,,2003,25,,,,,2002.5,0.0
1132,1132,-2,113200,SQUID_INK,1999.0,27.0,,,,,2003,28,,,,,2001.0,0.0
1133,1133,-2,113300,SQUID_INK,2000.0,21.0,,,,,2002,4,2003.0,21.0,,,2001.0,0.0
1134,1134,-2,113400,SQUID_INK,2000.0,21.0,,,,,2002,7,2003.0,21.0,,,2001.0,0.0
1135,1135,-2,113500,SQUID_INK,1999.0,26.0,,,,,2002,20,,,,,2000.5,0.0
1136,1136,-2,113600,SQUID_INK,1998.0,27.0,,,,,2002,28,,,,,2000.0,0.0
1137,1137,-2,113700,SQUID_INK,2000.0,2.0,1999.0,24.0,,,2001,1,2003.0,26.0,,,2000.5,0.0
1138,1138,-2,113800,SQUID_INK,2000.0,28.0,,,,,2002,2,2003.0,28.0,,,2001.0,0.0
1139,1139,-2,113900,SQUID_INK,2001.0,1.0,2000.0,28.0,,,2004,28,,,,,2002.5,0.0
1140,1140,-2,114000,SQUID_INK,2000.0,26.0,,,,,2003,26,,,,,2001.5,0.0
1141,1141,-2,114100,SQUID_INK,2003.0,9.0,2001.0,31.0,,,2004,28,,,,,2003.5,0.0
1142,1142,-2,114200,SQUID_INK,2000.0,28.0,,,,,2003,28,,,,,2001.5,0.0
1143,1143,-2,114300,SQUID_INK,2000.0,21.0,,,,,2004,22,,,,,2002.0,0.0
1144,1144,-2,114400,SQUID_INK,2000.0,25.0,,,,,2002,5,2003.0,2.0,2004.0,23.0,2001.0,0.0
1145,1145,-2,114500,SQUID_INK,2000.0,28.0,,,,,2002,1,2003.0,28.0,,,2001.0,0.0
1146,1146,-2,114600,SQUID_INK,1999.0,21.0,,,,,2002,21,,,,,2000.5,0.0
1147,1147,-2,114700,SQUID_INK,1999.0,31.0,,,,,2002,26,,,,,2000.5,0.0
1148,1148,-2,114800,SQUID_INK,1998.0,31.0,,,,,2000,4,2002.0,31.0,,,1999.0,0.0
1149,1149,-2,114900,SQUID_INK,1999.0,25.0,,,,,2002,25,,,,,2000.5,0.0
1150,1150,-2,115000,SQUID_INK,1999.0,23.0,,,,,2002,24,,,,,2000.5,0.0
1151,1151,-2,115100,SQUID_INK,2000.0,26.0,,,,,2002,8,2003.0,26.0,,,2001.0,0.0
1152,1152,-2,115200,SQUID_INK,2000.0,21.0,,,,,2003,22,,,,,2001.5,0.0
1153,1153,-2,115300,SQUID_INK,1999.0,28.0,,,,,2002,28,,,,,2000.5,0.0
1154,1154,-2,115400,SQUID_INK,1999.0,34.0,,,,,2002,26,,,,,2000.5,0.0
1155,1155,-2,115500,SQUID_INK,1999.0,30.0,,,,,2002,30,,,,,2000.5,0.0
1156,1156,-2,115600,SQUID_INK,1999.0,24.0,,,,,2002,27,,,,,2000.5,0.0
1157,1157,-2,115700,SQUID_INK,1998.0,25.0,,,,,2000,4,2001.0,25.0,,,1999.0,0.0
1158,1158,-2,115800,SQUID_INK,2000.0,1.0,1998.0,31.0,,,2001,1,2002.0,30.0,,,2000.5,0.0
1159,1159,-2,115900,SQUID_INK,1999.0,23.0,,,,,2002,23,,,,,2000.5,0.0
1160,1160,-2,116000,SQUID_INK,1998.0,27.0,,,,,2000,3,2001.0,27.0,,,1999.0,0.0
1161,1161,-2,116100,SQUID_INK,1999.0,32.0,,,,,2002,32,,,,,2000.5,0.0
1162,1162,-2,116200,SQUID_INK,1998.0,23.0,,,,,2001,23,,,,,1999.5,0.0
1163,1163,-2,116300,SQUID_INK,1999.0,2.0,1998.0,23.0,,,2002,25,,,,,2000.5,0.0
1164,1164,-2,116400,SQUID_INK,1999.0,23.0,,,,,2001,1,2002.0,23.0,,,2000.0,0.0
1165,1165,-2,116500,SQUID_INK,2000.0,30.0,,,,,2003,30,,,,,2001.5,0.0
1166,1166,-2,116600,SQUID_INK,1999.0,22.0,,,,,2000,3,2001.0,1.0,2002.0,2.0,1999.5,0.0
1167,1167,-2,116700,SQUID_INK,2002.0,1.0,1999.0,30.0,,,2003,30,,,,,2002.5,0.0
1168,1168,-2,116800,SQUID_INK,2000.0,25.0,,,,,2003,25,,,,,2001.5,0.0
1169,1169,-2,116900,SQUID_INK,2000.0,32.0,,,,,2001,5,2003.0,32.0,,,2000.5,0.0
1170,1170,-2,117000,SQUID_INK,2000.0,24.0,,,,,2002,2,2003.0,24.0,,,2001.0,0.0
1171,1171,-2,117100,SQUID_INK,2000.0,27.0,,,,,2002,2,2003.0,2.0,2004.0,25.0,2001.0,0.0
1172,1172,-2,117200,SQUID_INK,2000.0,26.0,,,,,2003,26,,,,,2001.5,0.0
1173,1173,-2,117300,SQUID_INK,2001.0,27.0,,,,,2003,2,2004.0,27.0,,,2002.0,0.0
1174,1174,-2,117400,SQUID_INK,2001.0,9.0,2000.0,26.0,,,2004,28,,,,,2002.5,0.0
1175,1175,-2,117500,SQUID_INK,2001.0,27.0,,,,,2004,26,,,,,2002.5,0.0
1176,1176,-2,117600,SQUID_INK,2001.0,23.0,,,,,2004,23,,,,,2002.5,0.0
1177,1177,-2,117700,SQUID_INK,2003.0,1.0,2001.0,27.0,,,2005,27,,,,,2004.0,0.0
1178,1178,-2,117800,SQUID_INK,2001.0,26.0,,,,,2002,4,2005.0,26.0,,,2001.5,0.0
1179,1179,-2,117900,SQUID_INK,2001.0,22.0,,,,,2005,22,,,,,2003.0,0.0
1180,1180,-2,118000,SQUID_INK,2002.0,35.0,,,,,2005,28,,,,,2003.5,0.0
1181,1181,-2,118100,SQUID_INK,2002.0,29.0,,,,,2005,29,,,,,2003.5,0.0
1182,1182,-2,118200,SQUID_INK,2003.0,3.0,2002.0,32.0,,,2005,29,,,,,2004.0,0.0
1183,1183,-2,118300,SQUID_INK,2003.0,2.0,2002.0,26.0,,,2004,7,2005.0,26.0,,,2003.5,0.0
1184,1184,-2,118400,SQUID_INK,2002.0,28.0,,,,,2005,23,,,,,2003.5,0.0
1185,1185,-2,118500,SQUID_INK,2001.0,30.0,,,,,2003,7,2004.0,30.0,,,2002.0,0.0
1186,1186,-2,118600,SQUID_INK,2001.0,30.0,,,,,2004,31,,,,,2002.5,0.0
1187,1187,-2,118700,SQUID_INK,2001.0,28.0,,,,,2005,28,,,,,2003.0,0.0
1188,1188,-2,118800,SQUID_INK,2001.0,29.0,,,,,2004,29,,,,,2002.5,0.0
1189,1189,-2,118900,SQUID_INK,2000.0,29.0,,,,,2003,29,,,,,2001.5,0.0
1190,1190,-2,119000,SQUID_INK,2000.0,32.0,,,,,2002,3,2004.0,32.0,,,2001.0,0.0
1191,1191,-2,119100,SQUID_INK,2001.0,23.0,,,,,2005,23,,,,,2003.0,0.0
1192,1192,-2,119200,SQUID_INK,2001.0,31.0,,,,,2004,27,,,,,2002.5,0.0
1193,1193,-2,119300,SQUID_INK,2000.0,29.0,,,,,2004,29,,,,,2002.0,0.0
1194,1194,-2,119400,SQUID_INK,2001.0,24.0,,,,,2004,24,,,,,2002.5,0.0
1195,1195,-2,119500,SQUID_INK,2001.0,26.0,,,,,2004,27,,,,,2002.5,0.0
1196,1196,-2,119600,SQUID_INK,2001.0,21.0,,,,,2004,21,,,,,2002.5,0.0
1197,1197,-2,119700,SQUID_INK,2001.0,7.0,2000.0,28.0,,,2004,30,,,,,2002.5,0.0
1198,1198,-2,119800,SQUID_INK,2001.0,9.0,2000.0,29.0,,,2004,31,,,,,2002.5,0.0
1199,1199,-2,119900,SQUID_INK,2000.0,27.0,,,,,2002,3,2003.0,27.0,,,2001.0,0.0
1200,1200,-2,120000,SQUID_INK,1999.0,23.0,,,,,2001,3,2002.0,23.0,,,2000.0,0.0
1201,1201,-2,120100,SQUID_INK,1998.0,27.0,,,,,2001,1,2002.0,26.0,,,1999.5,0.0
1202,1202,-2,120200,SQUID_INK,1998.0,21.0,,,,,1999,1,2002.0,21.0,,,1998.5,0.0
1203,1203,-2,120300,SQUID_INK,1999.0,33.0,,,,,2002,29,,,,,2000.5,0.0
1204,1204,-2,120400,SQUID_INK,1999.0,36.0,,,,,2002,31,,,,,2000.5,0.0
1205,1205,-2,120500,SQUID_INK,1999.0,31.0,,,,,2002,31,,,,,2000.5,0.0
1206,1206,-2,120600,SQUID_INK,1999.0,28.0,,,,,2002,28,,,,,2000.5,0.0
1207,1207,-2,120700,SQUID_INK,2000.0,30.0,,,,,2003,29,,,,,2001.5,0.0
1208,1208,-2,120800,SQUID_INK,2000.0,1.0,1999.0,11.0,1998.0,29.0,2002,29,,,,,2001.0,0.0
1209,1209,-2,120900,SQUID_INK,1997.0,30.0,,,,,1999,3,2001.0,30.0,,,1998.0,0.0
1210,1210,-2,121000,SQUID_INK,1998.0,27.0,,,,,2001,27,,,,,1999.5,0.0
1211,1211,-2,121100,SQUID_INK,1997.0,27.0,,,,,2000,27,,,,,1998.5,0.0
1212,1212,-2,121200,SQUID_INK,1997.0,1.0,1996.0,24.0,,,2000,24,,,,,1998.5,0.0
1213,1213,-2,121300,SQUID_INK,1996.0,1.0,1995.0,22.0,,,1999,23,,,,,1997.5,0.0
1214,1214,-2,121400,SQUID_INK,1996.0,26.0,,,,,1998,6,1999.0,26.0,,,1997.0,0.0
1215,1215,-2,121500,SQUID_INK,1993.0,25.0,,,,,1997,25,,,,,1995.0,0.0
1216,1216,-2,121600,SQUID_INK,1994.0,30.0,,,,,1997,30,,,,,1995.5,0.0
1217,1217,-2,121700,SQUID_INK,1995.0,27.0,,,,,1998,27,,,,,1996.5,0.0
1218,1218,-2,121800,SQUID_INK,1993.0,23.0,,,,,1995,5,1997.0,23.0,,,1994.0,0.0
1219,1219,-2,121900,SQUID_INK,1994.0,24.0,,,,,1997,24,,,,,1995.5,0.0
1220,1220,-2,122000,SQUID_INK,1994.0,13.0,,,,,1997,22,,,,,1995.5,0.0
1221,1221,-2,122100,SQUID_INK,1994.0,21.0,,,,,1996,8,1997.0,21.0,,,1995.0,0.0
1222,1222,-2,122200,SQUID_INK,1994.0,25.0,,,,,1997,20,,,,,1995.5,0.0
1223,1223,-2,122300,SQUID_INK,1995.0,1.0,1994.0,32.0,,,1997,2,1998.0,30.0,,,1996.0,0.0
1224,1224,-2,122400,SQUID_INK,1995.0,20.0,,,,,1997,5,1998.0,20.0,,,1996.0,0.0
1225,1225,-2,122500,SQUID_INK,1995.0,22.0,,,,,1997,5,1998.0,22.0,,,1996.0,0.0
1226,1226,-2,122600,SQUID_INK,1996.0,2.0,1995.0,27.0,,,1999,29,,,,,1997.5,0.0
1227,1227,-2,122700,SQUID_INK,1997.0,26.0,,,,,2000,27,,,,,1998.5,0.0
1228,1228,-2,122800,SQUID_INK,1997.0,26.0,,,,,2000,26,,,,,1998.5,0.0
1229,1229,-2,122900,SQUID_INK,1998.0,28.0,,,,,2000,6,2002.0,28.0,,,1999.0,0.0
1230,1230,-2,123000,SQUID_INK,1998.0,1.0,1997.0,24.0,,,2001,24,,,,,1999.5,0.0
1231,1231,-2,123100,SQUID_INK,1998.0,31.0,,,,,1999,5,2001.0,32.0,,,1998.5,0.0
1232,1232,-2,123200,SQUID_INK,2000.0,1.0,1999.0,6.0,1998.0,36.0,2001,30,,,,,2000.5,0.0
1233,1233,-2,123300,SQUID_INK,2000.0,9.0,1998.0,28.0,,,2001,28,,,,,2000.5,0.0
1234,1234,-2,123400,SQUID_INK,1999.0,25.0,,,,,2002,25,,,,,2000.5,0.0
1235,1235,-2,123500,SQUID_INK,2000.0,30.0,,,,,2003,26,,,,,2001.5,0.0
1236,1236,-2,123600,SQUID_INK,2000.0,28.0,,,,,2004,28,,,,,2002.0,0.0
1237,1237,-2,123700,SQUID_INK,2001.0,31.0,,,,,2004,31,,,,,2002.5,0.0
1238,1238,-2,123800,SQUID_INK,2000.0,24.0,,,,,2004,24,,,,,2002.0,0.0
1239,1239,-2,123900,SQUID_INK,2002.0,1.0,2001.0,2.0,2000.0,27.0,2004,27,,,,,2003.0,0.0
1240,1240,-2,124000,SQUID_INK,2003.0,1.0,2001.0,28.0,,,2004,28,,,,,2003.5,0.0
1241,1241,-2,124100,SQUID_INK,2000.0,22.0,,,,,2003,22,,,,,2001.5,0.0
1242,1242,-2,124200,SQUID_INK,2000.0,3.0,1999.0,25.0,,,2002,25,,,,,2001.0,0.0
1243,1243,-2,124300,SQUID_INK,2000.0,29.0,,,,,2003,29,,,,,2001.5,0.0
1244,1244,-2,124400,SQUID_INK,2000.0,21.0,,,,,2004,21,,,,,2002.0,0.0
1245,1245,-2,124500,SQUID_INK,1999.0,26.0,,,,,2003,26,,,,,2001.0,0.0
1246,1246,-2,124600,SQUID_INK,2000.0,19.0,,,,,2003,22,,,,,2001.5,0.0
1247,1247,-2,124700,SQUID_INK,1999.0,26.0,,,,,2002,26,,,,,2000.5,0.0
1248,1248,-2,124800,SQUID_INK,1999.0,25.0,,,,,2003,25,,,,,2001.0,0.0
1249,1249,-2,124900,SQUID_INK,1999.0,30.0,,,,,2002,30,,,,,2000.5,0.0
1250,1250,-2,125000,SQUID_INK,2000.0,28.0,,,,,2003,28,,,,,2001.5,0.0
1251,1251,-2,125100,SQUID_INK,2000.0,31.0,,,,,2003,32,,,,,2001.5,0.0
1252,1252,-2,125200,SQUID_INK,1999.0,26.0,,,,,2001,1,2002.0,26.0,,,2000.0,0.0
1253,1253,-2,125300,SQUID_INK,1998.0,27.0,,,,,2001,27,,,,,1999.5,0.0
1254,1254,-2,125400,SQUID_INK,1998.0,32.0,,,,,2000,6,2001.0,32.0,,,1999.0,0.0
1255,1255,-2,125500,SQUID_INK,1998.0,28.0,,,,,2001,28,,,,,1999.5,0.0
1256,1256,-2,125600,SQUID_INK,1998.0,29.0,,,,,2000,7,2001.0,2.0,2002.0,27.0,1999.0,0.0
1257,1257,-2,125700,SQUID_INK,1999.0,27.0,,,,,2002,27,,,,,2000.5,0.0
1258,1258,-2,125800,SQUID_INK,2000.0,22.0,,,,,2003,22,,,,,2001.5,0.0
1259,1259,-2,125900,SQUID_INK,1999.0,27.0,,,,,2002,23,,,,,2000.5,0.0
1260,1260,-2,126000,SQUID_INK,2000.0,2.0,1999.0,28.0,,,2003,30,,,,,2001.5,0.0
1261,1261,-2,126100,SQUID_INK,1999.0,26.0,,,,,2003,26,,,,,2001.0,0.0
1262,1262,-2,126200,SQUID_INK,2000.0,27.0,,,,,2003,29,,,,,2001.5,0.0
1263,1263,-2,126300,SQUID_INK,1999.0,31.0,,,,,2002,28,,,,,2000.5,0.0
1264,1264,-2,126400,SQUID_INK,2000.0,30.0,,,,,2003,30,,,,,2001.5,0.0
1265,1265,-2,126500,SQUID_INK,2001.0,27.0,,,,,2004,27,,,,,2002.5,0.0
1266,1266,-2,126600,SQUID_INK,2000.0,26.0,,,,,2002,2,2003.0,26.0,,,2001.0,0.0
1267,1267,-2,126700,SQUID_INK,2000.0,26.0,,,,,2003,26,,,,,2001.5,0.0
1268,1268,-2,126800,SQUID_INK,2001.0,25.0,,,,,2004,25,,,,,2002.5,0.0
1269,1269,-2,126900,SQUID_INK,2001.0,33.0,,,,,2004,25,,,,,2002.5,0.0
1270,1270,-2,127000,SQUID_INK,2002.0,28.0,,,,,2006,28,,,,,2004.0,0.0
1271,1271,-2,127100,SQUID_INK,2002.0,20.0,,,,,2005,20,,,,,2003.5,0.0
1272,1272,-2,127200,SQUID_INK,2002.0,25.0,,,,,2005,24,,,,,2003.5,0.0
1273,1273,-2,127300,SQUID_INK,2002.0,23.0,,,,,2005,24,,,,,2003.5,0.0
1274,1274,-2,127400,SQUID_INK,2002.0,3.0,2001.0,23.0,,,2005,24,,,,,2003.5,0.0
1275,1275,-2,127500,SQUID_INK,2001.0,24.0,,,,,2003,2,2005.0,24.0,,,2002.0,0.0
1276,1276,-2,127600,SQUID_INK,2002.0,22.0,,,,,2003,1,2004.0,3.0,2006.0,22.0,2002.5,0.0
1277,1277,-2,127700,SQUID_INK,2003.0,26.0,,,,,2005,7,2006.0,26.0,,,2004.0,0.0
1278,1278,-2,127800,SQUID_INK,2002.0,24.0,,,,,2004,1,2006.0,24.0,,,2003.0,0.0
1279,1279,-2,127900,SQUID_INK,2002.0,33.0,,,,,2005,28,,,,,2003.5,0.0
1280,1280,-2,128000,SQUID_INK,2002.0,27.0,,,,,2005,27,,,,,2003.5,0.0
1281,1281,-2,128100,SQUID_INK,2002.0,32.0,,,,,2005,26,,,,,2003.5,0.0
1282,1282,-2,128200,SQUID_INK,2000.0,22.0,,,,,2004,22,,,,,2002.0,0.0
1283,1283,-2,128300,SQUID_INK,1998.0,22.0,,,,,2000,6,2001.0,22.0,,,1999.0,0.0
1284,1284,-2,128400,SQUID_INK,1998.0,31.0,,,,,1999,9,2001.0,1.0,2002.0,30.0,1998.5,0.0
1285,1285,-2,128500,SQUID_INK,1999.0,28.0,,,,,2002,28,,,,,2000.5,0.0
1286,1286,-2,128600,SQUID_INK,2000.0,34.0,,,,,2003,31,,,,,2001.5,0.0
1287,1287,-2,128700,SQUID_INK,2000.0,29.0,,,,,2002,2,2003.0,29.0,,,2001.0,0.0
1288,1288,-2,128800,SQUID_INK,2002.0,1.0,1999.0,24.0,,,2003,24,,,,,2002.5,0.0
1289,1289,-2,128900,SQUID_INK,2001.0,3.0,1999.0,25.0,,,2003,25,,,,,2002.0,0.0
1290,1290,-2,129000,SQUID_INK,1999.0,27.0,,,,,2002,22,,,,,2000.5,0.0
1291,1291,-2,129100,SQUID_INK,1999.0,29.0,,,,,2003,29,,,,,2001.0,0.0
1292,1292,-2,129200,SQUID_INK,1999.0,30.0,,,,,2002,30,,,,,2000.5,0.0
1293,1293,-2,129300,SQUID_INK,1999.0,2.0,1998.0,26.0,,,2002,28,,,,,2000.5,0.0
1294,1294,-2,129400,SQUID_INK,1998.0,24.0,,,,,2002,24,,,,,2000.0,0.0
1295,1295,-2,129500,SQUID_INK,1999.0,1.0,1998.0,25.0,,,2002,25,,,,,2000.5,0.0
1296,1296,-2,129600,SQUID_INK,1997.0,29.0,,,,,1999,6,2001.0,29.0,,,1998.0,0.0
1297,1297,-2,129700,SQUID_INK,1996.0,20.0,,,,,1997,1,2000.0,20.0,,,1996.5,0.0
1298,1298,-2,129800,SQUID_INK,1997.0,22.0,,,,,2000,21,,,,,1998.5,0.0
1299,1299,-2,129900,SQUID_INK,1997.0,27.0,,,,,2001,27,,,,,1999.0,0.0
1300,1300,-2,130000,SQUID_INK,1998.0,23.0,,,,,2001,23,,,,,1999.5,0.0
1301,1301,-2,130100,SQUID_INK,1997.0,31.0,,,,,2000,31,,,,,1998.5,0.0
1302,1302,-2,130200,SQUID_INK,1997.0,24.0,,,,,2000,25,,,,,1998.5,0.0
1303,1303,-2,130300,SQUID_INK,1997.0,29.0,,,,,2000,30,,,,,1998.5,0.0
1304,1304,-2,130400,SQUID_INK,1997.0,26.0,,,,,1998,3,2000.0,27.0,,,1997.5,0.0
1305,1305,-2,130500,SQUID_INK,1996.0,31.0,,,,,1999,31,,,,,1997.5,0.0
1306,1306,-2,130600,SQUID_INK,1998.0,1.0,1996.0,25.0,,,1999,25,,,,,1998.5,0.0
1307,1307,-2,130700,SQUID_INK,1995.0,25.0,,,,,1999,25,,,,,1997.0,0.0
1308,1308,-2,130800,SQUID_INK,1994.0,24.0,,,,,1996,5,1998.0,24.0,,,1995.0,0.0
1309,1309,-2,130900,SQUID_INK,1996.0,31.0,,,,,1999,31,,,,,1997.5,0.0
1310,1310,-2,131000,SQUID_INK,1995.0,27.0,,,,,1997,7,1998.0,27.0,,,1996.0,0.0
1311,1311,-2,131100,SQUID_INK,1995.0,18.0,,,,,1996,2,1997.0,5.0,1998.0,24.0,1995.5,0.0
1312,1312,-2,131200,SQUID_INK,1995.0,29.0,,,,,1999,29,,,,,1997.0,0.0
1313,1313,-2,131300,SQUID_INK,1996.0,27.0,,,,,1999,27,,,,,1997.5,0.0
1314,1314,-2,131400,SQUID_INK,1998.0,30.0,,,,,2001,30,,,,,1999.5,0.0
1315,1315,-2,131500,SQUID_INK,1997.0,22.0,,,,,2001,22,,,,,1999.0,0.0
1316,1316,-2,131600,SQUID_INK,1998.0,20.0,,,,,2000,5,2001.0,20.0,,,1999.0,0.0
1317,1317,-2,131700,SQUID_INK,1997.0,24.0,,,,,2000,24,,,,,1998.5,0.0
1318,1318,-2,131800,SQUID_INK,1997.0,30.0,,,,,2000,30,,,,,1998.5,0.0
1319,1319,-2,131900,SQUID_INK,1997.0,23.0,,,,,2000,23,,,,,1998.5,0.0
1320,1320,-2,132000,SQUID_INK,1997.0,2.0,1996.0,23.0,,,2000,25,,,,,1998.5,0.0
1321,1321,-2,132100,SQUID_INK,1996.0,29.0,,,,,1997,6,2000.0,30.0,,,1996.5,0.0
1322,1322,-2,132200,SQUID_INK,1997.0,2.0,1996.0,20.0,,,2000,22,,,,,1998.5,0.0
1323,1323,-2,132300,SQUID_INK,1998.0,4.0,1997.0,27.0,,,2001,27,,,,,1999.5,0.0
1324,1324,-2,132400,SQUID_INK,1997.0,25.0,,,,,2001,25,,,,,1999.0,0.0
1325,1325,-2,132500,SQUID_INK,1998.0,31.0,,,,,2001,31,,,,,1999.5,0.0
1326,1326,-2,132600,SQUID_INK,1997.0,25.0,,,,,1999,7,2000.0,25.0,,,1998.0,0.0
1327,1327,-2,132700,SQUID_INK,1998.0,24.0,,,,,1999,3,2001.0,24.0,,,1998.5,0.0
1328,1328,-2,132800,SQUID_INK,1998.0,22.0,,,,,2001,22,,,,,1999.5,0.0
1329,1329,-2,132900,SQUID_INK,1997.0,26.0,,,,,2001,26,,,,,1999.0,0.0
1330,1330,-2,133000,SQUID_INK,1998.0,1.0,1997.0,21.0,,,2001,22,,,,,1999.5,0.0
1331,1331,-2,133100,SQUID_INK,1997.0,30.0,,,,,2001,30,,,,,1999.0,0.0
1332,1332,-2,133200,SQUID_INK,1997.0,26.0,,,,,2000,26,,,,,1998.5,0.0
1333,1333,-2,133300,SQUID_INK,1997.0,25.0,,,,,1999,5,2000.0,25.0,,,1998.0,0.0
1334,1334,-2,133400,SQUID_INK,1997.0,22.0,,,,,2000,22,,,,,1998.5,0.0
1335,1335,-2,133500,SQUID_INK,1996.0,20.0,,,,,2000,20,,,,,1998.0,0.0
1336,1336,-2,133600,SQUID_INK,1997.0,31.0,,,,,2000,26,,,,,1998.5,0.0
1337,1337,-2,133700,SQUID_INK,1997.0,29.0,,,,,2000,29,,,,,1998.5,0.0
1338,1338,-2,133800,SQUID_INK,1997.0,26.0,,,,,2000,26,,,,,1998.5,0.0
1339,1339,-2,133900,SQUID_INK,1997.0,27.0,,,,,2000,27,,,,,1998.5,0.0
1340,1340,-2,134000,SQUID_INK,1997.0,29.0,,,,,2000,29,,,,,1998.5,0.0
1341,1341,-2,134100,SQUID_INK,1998.0,9.0,1996.0,29.0,,,1999,29,,,,,1998.5,0.0
1342,1342,-2,134200,SQUID_INK,1994.0,26.0,,,,,1995,1,1998.0,27.0,,,1994.5,0.0
1343,1343,-2,134300,SQUID_INK,1998.0,1.0,1996.0,27.0,,,1999,27,,,,,1998.5,0.0
1344,1344,-2,134400,SQUID_INK,1995.0,26.0,,,,,1999,26,,,,,1997.0,0.0
1345,1345,-2,134500,SQUID_INK,1994.0,26.0,,,,,1998,26,,,,,1996.0,0.0
1346,1346,-2,134600,SQUID_INK,1993.0,26.0,,,,,1997,26,,,,,1995.0,0.0
1347,1347,-2,134700,SQUID_INK,1994.0,5.0,1993.0,31.0,,,1996,1,1997.0,30.0,,,1995.0,0.0
1348,1348,-2,134800,SQUID_INK,1993.0,23.0,,,,,1995,8,1996.0,23.0,,,1994.0,0.0
1349,1349,-2,134900,SQUID_INK,1993.0,29.0,,,,,1996,29,,,,,1994.5,0.0
1350,1350,-2,135000,SQUID_INK,1991.0,22.0,,,,,1994,22,,,,,1992.5,0.0
1351,1351,-2,135100,SQUID_INK,1991.0,26.0,,,,,1994,26,,,,,1992.5,0.0
1352,1352,-2,135200,SQUID_INK,1990.0,23.0,,,,,1993,23,,,,,1991.5,0.0
1353,1353,-2,135300,SQUID_INK,1987.0,25.0,,,,,1990,26,,,,,1988.5,0.0
1354,1354,-2,135400,SQUID_INK,1985.0,21.0,,,,,1989,21,,,,,1987.0,0.0
1355,1355,-2,135500,SQUID_INK,1984.0,25.0,,,,,1987,25,,,,,1985.5,0.0
1356,1356,-2,135600,SQUID_INK,1985.0,24.0,,,,,1988,25,,,,,1986.5,0.0
1357,1357,-2,135700,SQUID_INK,1985.0,26.0,,,,,1987,1,1989.0,26.0,,,1986.0,0.0
1358,1358,-2,135800,SQUID_INK,1987.0,26.0,,,,,1991,26,,,,,1989.0,0.0
1359,1359,-2,135900,SQUID_INK,1988.0,24.0,,,,,1991,1,1992.0,23.0,,,1989.5,0.0
1360,1360,-2,136000,SQUID_INK,1989.0,29.0,,,,,1991,3,1993.0,29.0,,,1990.0,0.0
1361,1361,-2,136100,SQUID_INK,1989.0,28.0,,,,,1991,4,1993.0,28.0,,,1990.0,0.0
1362,1362,-2,136200,SQUID_INK,1988.0,20.0,,,,,1992,20,,,,,1990.0,0.0
1363,1363,-2,136300,SQUID_INK,1987.0,27.0,,,,,1990,25,,,,,1988.5,0.0
1364,1364,-2,136400,SQUID_INK,1988.0,8.0,1987.0,25.0,,,1991,25,,,,,1989.5,0.0
1365,1365,-2,136500,SQUID_INK,1986.0,25.0,,,,,1989,26,,,,,1987.5,0.0
1366,1366,-2,136600,SQUID_INK,1985.0,29.0,,,,,1988,29,,,,,1986.5,0.0
1367,1367,-2,136700,SQUID_INK,1987.0,29.0,,,,,1990,29,,,,,1988.5,0.0
1368,1368,-2,136800,SQUID_INK,1987.0,23.0,,,,,1989,8,1991.0,23.0,,,1988.0,0.0
1369,1369,-2,136900,SQUID_INK,1987.0,2.0,1986.0,26.0,,,1990,26,,,,,1988.5,0.0
1370,1370,-2,137000,SQUID_INK,1985.0,28.0,,,,,1988,28,,,,,1986.5,0.0
1371,1371,-2,137100,SQUID_INK,1986.0,31.0,,,,,1988,5,1989.0,31.0,,,1987.0,0.0
1372,1372,-2,137200,SQUID_INK,1986.0,22.0,,,,,1987,3,1988.0,3.0,1989.0,22.0,1986.5,0.0
1373,1373,-2,137300,SQUID_INK,1988.0,2.0,1986.0,31.0,,,1990,31,,,,,1989.0,0.0
1374,1374,-2,137400,SQUID_INK,1986.0,24.0,,,,,1990,24,,,,,1988.0,0.0
1375,1375,-2,137500,SQUID_INK,1989.0,1.0,1987.0,25.0,,,1990,25,,,,,1989.5,0.0
1376,1376,-2,137600,SQUID_INK,1986.0,25.0,,,,,1989,25,,,,,1987.5,0.0
1377,1377,-2,137700,SQUID_INK,1986.0,29.0,,,,,1989,29,,,,,1987.5,0.0
1378,1378,-2,137800,SQUID_INK,1985.0,30.0,,,,,1988,30,,,,,1986.5,0.0
1379,1379,-2,137900,SQUID_INK,1985.0,27.0,,,,,1988,27,,,,,1986.5,0.0
1380,1380,-2,138000,SQUID_INK,1985.0,26.0,,,,,1988,26,,,,,1986.5,0.0
1381,1381,-2,138100,SQUID_INK,1985.0,32.0,,,,,1989,32,,,,,1987.0,0.0
1382,1382,-2,138200,SQUID_INK,1986.0,31.0,,,,,1989,31,,,,,1987.5,0.0
1383,1383,-2,138300,SQUID_INK,1989.0,1.0,1987.0,32.0,,,1990,32,,,,,1989.5,0.0
1384,1384,-2,138400,SQUID_INK,1986.0,25.0,,,,,1989,25,,,,,1987.5,0.0
1385,1385,-2,138500,SQUID_INK,1986.0,31.0,,,,,1988,6,1989.0,31.0,,,1987.0,0.0
1386,1386,-2,138600,SQUID_INK,1987.0,24.0,,,,,1989,2,1990.0,24.0,,,1988.0,0.0
1387,1387,-2,138700,SQUID_INK,1986.0,22.0,,,,,1988,3,1990.0,22.0,,,1987.0,0.0
1388,1388,-2,138800,SQUID_INK,1989.0,1.0,1987.0,5.0,1986.0,29.0,1990,31,,,,,1989.5,0.0
1389,1389,-2,138900,SQUID_INK,1986.0,22.0,,,,,1989,22,,,,,1987.5,0.0
1390,1390,-2,139000,SQUID_INK,1988.0,1.0,1986.0,24.0,,,1989,20,,,,,1988.5,0.0
1391,1391,-2,139100,SQUID_INK,1985.0,24.0,,,,,1988,24,,,,,1986.5,0.0
1392,1392,-2,139200,SQUID_INK,1985.0,26.0,,,,,1987,5,1988.0,26.0,,,1986.0,0.0
1393,1393,-2,139300,SQUID_INK,1984.0,30.0,,,,,1988,30,,,,,1986.0,0.0
1394,1394,-2,139400,SQUID_INK,1985.0,22.0,,,,,1989,22,,,,,1987.0,0.0
1395,1395,-2,139500,SQUID_INK,1987.0,1.0,1986.0,5.0,1985.0,21.0,1989,21,,,,,1988.0,0.0
1396,1396,-2,139600,SQUID_INK,1986.0,23.0,,,,,1989,23,,,,,1987.5,0.0
1397,1397,-2,139700,SQUID_INK,1986.0,30.0,,,,,1989,30,,,,,1987.5,0.0
1398,1398,-2,139800,SQUID_INK,1988.0,8.0,1987.0,27.0,,,1990,1,1991.0,26.0,,,1989.0,0.0
1399,1399,-2,139900,SQUID_INK,1987.0,25.0,,,,,1991,25,,,,,1989.0,0.0
1400,1400,-2,140000,SQUID_INK,1987.0,26.0,,,,,1991,26,,,,,1989.0,0.0
1401,1401,-2,140100,SQUID_INK,1986.0,28.0,,,,,1989,28,,,,,1987.5,0.0
1402,1402,-2,140200,SQUID_INK,1987.0,23.0,,,,,1990,23,,,,,1988.5,0.0
