day,timestamp,product,bid_price_1,bid_volume_1,bid_price_2,bid_volume_2,bid_price_3,bid_volume_3,ask_price_1,ask_volume_1,ask_price_2,ask_volume_2,ask_price_3,ask_volume_3,mid_price,profit_and_loss
0,0,KELP,2028.0,30.0,,,,,2032,30,,,,,2030.0,0.0
0,100,KELP,2030.0,4.0,2028.0,31.0,,,2032,31,,,,,2031.0,0.0
0,200,KELP,2029.0,1.0,2028.0,21.0,,,2032,22,,,,,2030.5,0.0
0,300,KELP,2029.0,25.0,,,,,2032,25,,,,,2030.5,0.0
0,400,KELP,2029.0,2.0,2028.0,23.0,,,2030,6,2032.0,25.0,,,2029.5,0.0
0,500,KELP,2028.0,24.0,,,,,2031,24,,,,,2029.5,0.0
0,600,KELP,2028.0,26.0,,,,,2031,26,,,,,2029.5,0.0
0,700,KELP,2029.0,5.0,2028.0,27.0,,,2032,27,,,,,2030.5,0.0
0,800,KELP,2028.0,26.0,,,,,2032,26,,,,,2030.0,0.0
0,900,KELP,2029.0,29.0,,,,,2032,29,,,,,2030.5,0.0
0,1000,KELP,2029.0,28.0,,,,,2032,28,,,,,2030.5,0.0
0,1100,KELP,2029.0,31.0,,,,,2032,25,,,,,2030.5,0.0
0,1200,KELP,2030.0,8.0,2029.0,30.0,,,2033,30,,,,,2031.5,0.0
0,1300,KELP,2029.0,28.0,,,,,2030,5,2033.0,28.0,,,2029.5,0.0
0,1400,KELP,2029.0,25.0,,,,,2033,26,,,,,2031.0,0.0
0,1500,KELP,2032.0,1.0,2029.0,22.0,,,2033,22,,,,,2032.5,0.0
0,1600,KELP,2029.0,23.0,,,,,2033,23,,,,,2031.0,0.0
0,1700,KELP,2029.0,27.0,,,,,2031,8,2033.0,27.0,,,2030.0,0.0
0,1800,KELP,2030.0,8.0,2029.0,27.0,,,2033,27,,,,,2031.5,0.0
0,1900,KELP,2030.0,31.0,,,,,2033,31,,,,,2031.5,0.0
0,2000,KELP,2030.0,19.0,,,,,2033,26,,,,,2031.5,0.0
0,2100,KELP,2030.0,23.0,,,,,2034,23,,,,,2032.0,0.0
0,2200,KELP,2030.0,32.0,,,,,2034,32,,,,,2032.0,0.0
0,2300,KELP,2030.0,24.0,,,,,2033,24,,,,,2031.5,0.0
0,2400,KELP,2032.0,10.0,2030.0,25.0,,,2033,25,,,,,2032.5,0.0
0,2500,KELP,2030.0,21.0,,,,,2033,1,2034.0,20.0,,,2031.5,0.0
0,2600,KELP,2030.0,25.0,,,,,2034,25,,,,,2032.0,0.0
0,2700,KELP,2030.0,25.0,,,,,2032,3,2033.0,1.0,2034.0,24.0,2031.0,0.0
0,2800,KELP,2033.0,1.0,2030.0,29.0,,,2034,29,,,,,2033.5,0.0
0,2900,KELP,2030.0,25.0,,,,,2034,25,,,,,2032.0,0.0
0,3000,KELP,2030.0,31.0,,,,,2034,31,,,,,2032.0,0.0
0,3100,KELP,2031.0,27.0,,,,,2034,28,,,,,2032.5,0.0
0,3200,KELP,2031.0,2.0,2030.0,30.0,,,2034,32,,,,,2032.5,0.0
0,3300,KELP,2031.0,28.0,,,,,2034,28,,,,,2032.5,0.0
0,3400,KELP,2030.0,29.0,,,,,2034,29,,,,,2032.0,0.0
0,3500,KELP,2031.0,30.0,,,,,2034,30,,,,,2032.5,0.0
0,3600,KELP,2031.0,23.0,,,,,2034,21,,,,,2032.5,0.0
0,3700,KELP,2031.0,2.0,2030.0,29.0,,,2032,4,2034.0,31.0,,,2031.5,0.0
0,3800,KELP,2030.0,30.0,,,,,2032,2,2033.0,30.0,,,2031.0,0.0
0,3900,KELP,2030.0,25.0,,,,,2033,25,,,,,2031.5,0.0
0,4000,KELP,2030.0,34.0,,,,,2033,29,,,,,2031.5,0.0
0,4100,KELP,2030.0,31.0,,,,,2033,24,,,,,2031.5,0.0
0,4200,KELP,2030.0,31.0,,,,,2033,28,,,,,2031.5,0.0
0,4300,KELP,2030.0,31.0,,,,,2033,31,,,,,2031.5,0.0
0,4400,KELP,2030.0,34.0,,,,,2033,27,,,,,2031.5,0.0
0,4500,KELP,2030.0,5.0,2029.0,27.0,,,2033,27,,,,,2031.5,0.0
0,4600,KELP,2029.0,22.0,,,,,2032,1,2033.0,21.0,,,2030.5,0.0
0,4700,KELP,2029.0,27.0,,,,,2031,1,2032.0,27.0,,,2030.0,0.0
0,4800,KELP,2029.0,25.0,,,,,2031,3,2032.0,25.0,,,2030.0,0.0
0,4900,KELP,2029.0,22.0,,,,,2032,22,,,,,2030.5,0.0
0,5000,KELP,2029.0,1.0,2028.0,22.0,,,2030,1,2032.0,23.0,,,2029.5,0.0
0,5100,KELP,2031.0,1.0,2028.0,25.0,,,2032,25,,,,,2031.5,0.0
0,5200,KELP,2029.0,2.0,2028.0,22.0,,,2032,24,,,,,2030.5,0.0
0,5300,KELP,2029.0,25.0,,,,,2032,25,,,,,2030.5,0.0
0,5400,KELP,2029.0,27.0,,,,,2030,6,2032.0,27.0,,,2029.5,0.0
0,5500,KELP,2029.0,36.0,,,,,2032,30,,,,,2030.5,0.0
0,5600,KELP,2031.0,2.0,2029.0,27.0,,,2032,1,2033.0,26.0,,,2031.5,0.0
0,5700,KELP,2029.0,25.0,,,,,2031,5,2033.0,25.0,,,2030.0,0.0
0,5800,KELP,2031.0,1.0,2029.0,24.0,,,2033,24,,,,,2032.0,0.0
0,5900,KELP,2030.0,9.0,2029.0,21.0,,,2033,21,,,,,2031.5,0.0
0,6000,KELP,2029.0,24.0,,,,,2032,2,2033.0,22.0,,,2030.5,0.0
0,6100,KELP,2029.0,25.0,,,,,2030,5,2033.0,25.0,,,2029.5,0.0
0,6200,KELP,2029.0,30.0,,,,,2033,30,,,,,2031.0,0.0
0,6300,KELP,2029.0,24.0,,,,,2033,25,,,,,2031.0,0.0
0,6400,KELP,2030.0,4.0,2029.0,23.0,,,2032,23,,,,,2031.0,0.0
0,6500,KELP,2031.0,3.0,2029.0,20.0,,,2032,20,,,,,2031.5,0.0
0,6600,KELP,2029.0,27.0,,,,,2032,27,,,,,2030.5,0.0
0,6700,KELP,2029.0,33.0,,,,,2032,28,,,,,2030.5,0.0
0,6800,KELP,2029.0,24.0,,,,,2033,24,,,,,2031.0,0.0
0,6900,KELP,2030.0,28.0,,,,,2032,4,2033.0,28.0,,,2031.0,0.0
0,7000,KELP,2031.0,6.0,2030.0,29.0,,,2033,29,,,,,2032.0,0.0
0,7100,KELP,2030.0,30.0,,,,,2033,30,,,,,2031.5,0.0
0,7200,KELP,2030.0,23.0,,,,,2033,23,,,,,2031.5,0.0
0,7300,KELP,2030.0,25.0,,,,,2033,25,,,,,2031.5,0.0
0,7400,KELP,2030.0,30.0,,,,,2032,6,2033.0,30.0,,,2031.0,0.0
0,7500,KELP,2030.0,29.0,,,,,2033,29,,,,,2031.5,0.0
0,7600,KELP,2030.0,26.0,,,,,2033,26,,,,,2031.5,0.0
0,7700,KELP,2030.0,28.0,,,,,2032,5,2033.0,28.0,,,2031.0,0.0
0,7800,KELP,2032.0,1.0,2030.0,23.0,,,2033,23,,,,,2032.5,0.0
0,7900,KELP,2032.0,1.0,2030.0,26.0,,,2033,26,,,,,2032.5,0.0
0,8000,KELP,2030.0,6.0,2029.0,22.0,,,2033,23,,,,,2031.5,0.0
0,8100,KELP,2030.0,5.0,2029.0,22.0,,,2033,22,,,,,2031.5,0.0
0,8200,KELP,2030.0,20.0,,,,,2032,8,2033.0,20.0,,,2031.0,0.0
0,8300,KELP,2030.0,27.0,,,,,2033,27,,,,,2031.5,0.0
0,8400,KELP,2030.0,34.0,,,,,2033,26,,,,,2031.5,0.0
0,8500,KELP,2030.0,30.0,,,,,2033,30,,,,,2031.5,0.0
0,8600,KELP,2030.0,23.0,,,,,2032,4,2033.0,23.0,,,2031.0,0.0
0,8700,KELP,2030.0,30.0,,,,,2032,6,2033.0,30.0,,,2031.0,0.0
0,8800,KELP,2030.0,24.0,,,,,2033,23,,,,,2031.5,0.0
0,8900,KELP,2030.0,27.0,,,,,2033,27,,,,,2031.5,0.0
0,9000,KELP,2030.0,23.0,,,,,2033,23,,,,,2031.5,0.0
0,9100,KELP,2030.0,31.0,,,,,2033,31,,,,,2031.5,0.0
0,9200,KELP,2030.0,24.0,,,,,2032,7,2033.0,24.0,,,2031.0,0.0
0,9300,KELP,2032.0,4.0,2030.0,28.0,,,2033,23,,,,,2032.5,0.0
0,9400,KELP,2030.0,24.0,,,,,2033,24,,,,,2031.5,0.0
0,9500,KELP,2030.0,29.0,,,,,2032,4,2033.0,29.0,,,2031.0,0.0
0,9600,KELP,2030.0,14.0,,,,,2033,20,,,,,2031.5,0.0
0,9700,KELP,2029.0,25.0,,,,,2033,25,,,,,2031.0,0.0
0,9800,KELP,2030.0,21.0,,,,,2033,21,,,,,2031.5,0.0
0,9900,KELP,2030.0,22.0,,,,,2033,22,,,,,2031.5,0.0
0,10000,KELP,2030.0,31.0,,,,,2033,31,,,,,2031.5,0.0
0,10100,KELP,2032.0,4.0,2030.0,22.0,,,2033,22,,,,,2032.5,0.0
0,10200,KELP,2030.0,25.0,,,,,2033,25,,,,,2031.5,0.0
0,10300,KELP,2030.0,22.0,,,,,2033,22,,,,,2031.5,0.0
0,10400,KELP,2030.0,30.0,,,,,2032,5,2033.0,30.0,,,2031.0,0.0
0,10500,KELP,2030.0,28.0,,,,,2033,28,,,,,2031.5,0.0
0,10600,KELP,2030.0,23.0,,,,,2032,3,2033.0,23.0,,,2031.0,0.0
0,10700,KELP,2029.0,23.0,,,,,2033,23,,,,,2031.0,0.0
0,10800,KELP,2029.0,22.0,,,,,2033,23,,,,,2031.0,0.0
0,10900,KELP,2029.0,30.0,,,,,2033,30,,,,,2031.0,0.0
0,11000,KELP,2029.0,30.0,,,,,2032,1,2033.0,29.0,,,2030.5,0.0
0,11100,KELP,2029.0,31.0,,,,,2033,31,,,,,2031.0,0.0
0,11200,KELP,2029.0,29.0,,,,,2032,1,2033.0,28.0,,,2030.5,0.0
0,11300,KELP,2029.0,27.0,,,,,2033,27,,,,,2031.0,0.0
0,11400,KELP,2029.0,24.0,,,,,2033,24,,,,,2031.0,0.0
0,11500,KELP,2030.0,7.0,2029.0,29.0,,,2033,29,,,,,2031.5,0.0
0,11600,KELP,2029.0,26.0,,,,,2031,6,2033.0,26.0,,,2030.0,0.0
0,11700,KELP,2029.0,22.0,,,,,2033,22,,,,,2031.0,0.0
0,11800,KELP,2029.0,21.0,,,,,2033,21,,,,,2031.0,0.0
0,11900,KELP,2029.0,25.0,,,,,2033,25,,,,,2031.0,0.0
0,12000,KELP,2030.0,25.0,,,,,2033,25,,,,,2031.5,0.0
0,12100,KELP,2030.0,2.0,2029.0,20.0,,,2033,22,,,,,2031.5,0.0
0,12200,KELP,2029.0,28.0,,,,,2033,28,,,,,2031.0,0.0
0,12300,KELP,2030.0,28.0,,,,,2031,6,2033.0,24.0,,,2030.5,0.0
0,12400,KELP,2030.0,30.0,,,,,2033,30,,,,,2031.5,0.0
0,12500,KELP,2030.0,31.0,,,,,2032,8,2033.0,31.0,,,2031.0,0.0
0,12600,KELP,2030.0,31.0,,,,,2033,31,,,,,2031.5,0.0
0,12700,KELP,2030.0,31.0,,,,,2033,31,,,,,2031.5,0.0
0,12800,KELP,2030.0,31.0,,,,,2032,3,2033.0,31.0,,,2031.0,0.0
0,12900,KELP,2030.0,24.0,,,,,2032,4,2033.0,24.0,,,2031.0,0.0
0,13000,KELP,2029.0,27.0,,,,,2033,27,,,,,2031.0,0.0
0,13100,KELP,2031.0,2.0,2030.0,7.0,2029.0,30.0,2032,2,2033.0,28.0,,,2031.5,0.0
0,13200,KELP,2030.0,28.0,,,,,2032,3,2033.0,28.0,,,2031.0,0.0
0,13300,KELP,2030.0,28.0,,,,,2032,6,2033.0,28.0,,,2031.0,0.0
0,13400,KELP,2030.0,34.0,,,,,2033,26,,,,,2031.5,0.0
0,13500,KELP,2030.0,35.0,,,,,2033,30,,,,,2031.5,0.0
0,13600,KELP,2032.0,5.0,2030.0,25.0,,,2033,25,,,,,2032.5,0.0
0,13700,KELP,2031.0,3.0,2030.0,30.0,,,2034,30,,,,,2032.5,0.0
0,13800,KELP,2030.0,25.0,,,,,2034,25,,,,,2032.0,0.0
0,13900,KELP,2030.0,20.0,,,,,2034,20,,,,,2032.0,0.0
0,14000,KELP,2033.0,1.0,2030.0,27.0,,,2034,27,,,,,2033.5,0.0
0,14100,KELP,2032.0,3.0,2030.0,24.0,,,2034,24,,,,,2033.0,0.0
0,14200,KELP,2030.0,24.0,,,,,2034,24,,,,,2032.0,0.0
0,14300,KELP,2030.0,30.0,,,,,2031,1,2034.0,30.0,,,2030.5,0.0
0,14400,KELP,2030.0,23.0,,,,,2032,4,2034.0,23.0,,,2031.0,0.0
0,14500,KELP,2030.0,22.0,,,,,2031,2,2032.0,1.0,2034.0,23.0,2030.5,0.0
0,14600,KELP,2030.0,21.0,,,,,2034,21,,,,,2032.0,0.0
0,14700,KELP,2030.0,26.0,,,,,2034,26,,,,,2032.0,0.0
0,14800,KELP,2030.0,22.0,,,,,2032,5,2034.0,23.0,,,2031.0,0.0
0,14900,KELP,2030.0,30.0,,,,,2034,30,,,,,2032.0,0.0
0,15000,KELP,2030.0,22.0,,,,,2034,23,,,,,2032.0,0.0
0,15100,KELP,2033.0,1.0,2030.0,26.0,,,2034,26,,,,,2033.5,0.0
0,15200,KELP,2030.0,25.0,,,,,2031,3,2034.0,25.0,,,2030.5,0.0
0,15300,KELP,2031.0,4.0,2030.0,24.0,,,2034,24,,,,,2032.5,0.0
0,15400,KELP,2030.0,26.0,,,,,2032,3,2034.0,26.0,,,2031.0,0.0
0,15500,KELP,2030.0,20.0,,,,,2032,5,2033.0,20.0,,,2031.0,0.0
0,15600,KELP,2031.0,8.0,2030.0,24.0,,,2033,1,2034.0,23.0,,,2032.0,0.0
0,15700,KELP,2030.0,22.0,,,,,2033,22,,,,,2031.5,0.0
0,15800,KELP,2030.0,26.0,,,,,2032,3,2033.0,26.0,,,2031.0,0.0
0,15900,KELP,2030.0,27.0,,,,,2033,27,,,,,2031.5,0.0
0,16000,KELP,2030.0,35.0,,,,,2033,27,,,,,2031.5,0.0
0,16100,KELP,2030.0,29.0,,,,,2033,29,,,,,2031.5,0.0
0,16200,KELP,2032.0,1.0,2030.0,21.0,,,2033,21,,,,,2032.5,0.0
0,16300,KELP,2030.0,31.0,,,,,2032,2,2033.0,31.0,,,2031.0,0.0
0,16400,KELP,2030.0,20.0,,,,,2033,24,,,,,2031.5,0.0
0,16500,KELP,2030.0,27.0,,,,,2032,6,2033.0,27.0,,,2031.0,0.0
0,16600,KELP,2030.0,25.0,,,,,2033,25,,,,,2031.5,0.0
0,16700,KELP,2030.0,23.0,,,,,2033,24,,,,,2031.5,0.0
0,16800,KELP,2030.0,32.0,,,,,2033,32,,,,,2031.5,0.0
0,16900,KELP,2030.0,30.0,,,,,2033,24,,,,,2031.5,0.0
0,17000,KELP,2030.0,23.0,,,,,2033,23,,,,,2031.5,0.0
0,17100,KELP,2030.0,30.0,,,,,2033,31,,,,,2031.5,0.0
0,17200,KELP,2030.0,26.0,,,,,2033,26,,,,,2031.5,0.0
0,17300,KELP,2030.0,28.0,,,,,2032,2,2033.0,28.0,,,2031.0,0.0
0,17400,KELP,2030.0,29.0,,,,,2033,25,,,,,2031.5,0.0
0,17500,KELP,2030.0,24.0,,,,,2033,24,,,,,2031.5,0.0
0,17600,KELP,2030.0,27.0,,,,,2033,27,,,,,2031.5,0.0
0,17700,KELP,2030.0,24.0,,,,,2033,24,,,,,2031.5,0.0
0,17800,KELP,2030.0,23.0,,,,,2033,23,,,,,2031.5,0.0
0,17900,KELP,2030.0,30.0,,,,,2033,30,,,,,2031.5,0.0
0,18000,KELP,2032.0,5.0,2030.0,28.0,,,2033,28,,,,,2032.5,0.0
0,18100,KELP,2030.0,21.0,,,,,2033,21,,,,,2031.5,0.0
0,18200,KELP,2032.0,1.0,2030.0,2.0,2029.0,23.0,2033,24,,,,,2032.5,0.0
0,18300,KELP,2030.0,2.0,2029.0,29.0,,,2033,29,,,,,2031.5,0.0
0,18400,KELP,2029.0,30.0,,,,,2031,3,2033.0,30.0,,,2030.0,0.0
0,18500,KELP,2029.0,32.0,,,,,2033,32,,,,,2031.0,0.0
0,18600,KELP,2029.0,31.0,,,,,2031,7,2033.0,31.0,,,2030.0,0.0
0,18700,KELP,2029.0,27.0,,,,,2031,3,2033.0,27.0,,,2030.0,0.0
0,18800,KELP,2029.0,24.0,,,,,2031,8,2033.0,24.0,,,2030.0,0.0
0,18900,KELP,2030.0,4.0,2029.0,28.0,,,2033,28,,,,,2031.5,0.0
0,19000,KELP,2031.0,5.0,2029.0,25.0,,,2033,25,,,,,2032.0,0.0
0,19100,KELP,2030.0,1.0,2029.0,28.0,,,2031,12,2033.0,29.0,,,2030.5,0.0
0,19200,KELP,2030.0,1.0,2029.0,28.0,,,2033,29,,,,,2031.5,0.0
0,19300,KELP,2030.0,5.0,2029.0,30.0,,,2033,32,,,,,2031.5,0.0
0,19400,KELP,2030.0,5.0,2029.0,20.0,,,2033,21,,,,,2031.5,0.0
0,19500,KELP,2030.0,23.0,,,,,2033,22,,,,,2031.5,0.0
0,19600,KELP,2030.0,31.0,,,,,2033,31,,,,,2031.5,0.0
0,19700,KELP,2030.0,25.0,,,,,2033,25,,,,,2031.5,0.0
0,19800,KELP,2030.0,20.0,,,,,2033,20,,,,,2031.5,0.0
0,19900,KELP,2030.0,28.0,,,,,2033,28,,,,,2031.5,0.0
0,20000,KELP,2030.0,29.0,,,,,2033,29,,,,,2031.5,0.0
0,20100,KELP,2030.0,31.0,,,,,2033,31,,,,,2031.5,0.0
0,20200,KELP,2030.0,29.0,,,,,2033,29,,,,,2031.5,0.0
0,20300,KELP,2030.0,23.0,,,,,2033,23,,,,,2031.5,0.0
0,20400,KELP,2030.0,24.0,,,,,2033,24,,,,,2031.5,0.0
0,20500,KELP,2032.0,10.0,2030.0,30.0,,,2033,30,,,,,2032.5,0.0
0,20600,KELP,2030.0,23.0,,,,,2033,23,,,,,2031.5,0.0
0,20700,KELP,2030.0,31.0,,,,,2033,31,,,,,2031.5,0.0
0,20800,KELP,2032.0,1.0,2030.0,25.0,,,2033,25,,,,,2032.5,0.0
0,20900,KELP,2030.0,24.0,,,,,2033,24,,,,,2031.5,0.0
0,21000,KELP,2030.0,27.0,,,,,2033,27,,,,,2031.5,0.0
0,21100,KELP,2030.0,30.0,,,,,2033,30,,,,,2031.5,0.0
0,21200,KELP,2030.0,23.0,,,,,2033,23,,,,,2031.5,0.0
0,21300,KELP,2030.0,28.0,,,,,2032,5,2034.0,29.0,,,2031.0,0.0
0,21400,KELP,2030.0,30.0,,,,,2034,30,,,,,2032.0,0.0
0,21500,KELP,2030.0,24.0,,,,,2032,5,2034.0,24.0,,,2031.0,0.0
0,21600,KELP,2030.0,28.0,,,,,2034,29,,,,,2032.0,0.0
0,21700,KELP,2030.0,31.0,,,,,2034,31,,,,,2032.0,0.0
0,21800,KELP,2030.0,28.0,,,,,2034,29,,,,,2032.0,0.0
0,21900,KELP,2031.0,1.0,2030.0,30.0,,,2034,30,,,,,2032.5,0.0
0,22000,KELP,2031.0,4.0,2030.0,24.0,,,2032,2,2034.0,24.0,,,2031.5,0.0
0,22100,KELP,2031.0,24.0,,,,,2034,25,,,,,2032.5,0.0
0,22200,KELP,2031.0,28.0,,,,,2033,6,2034.0,28.0,,,2032.0,0.0
0,22300,KELP,2031.0,30.0,,,,,2034,30,,,,,2032.5,0.0
0,22400,KELP,2031.0,26.0,,,,,2034,26,,,,,2032.5,0.0
0,22500,KELP,2031.0,27.0,,,,,2034,27,,,,,2032.5,0.0
0,22600,KELP,2031.0,27.0,,,,,2034,27,,,,,2032.5,0.0
0,22700,KELP,2031.0,28.0,,,,,2034,28,,,,,2032.5,0.0
0,22800,KELP,2031.0,30.0,,,,,2034,30,,,,,2032.5,0.0
0,22900,KELP,2031.0,26.0,,,,,2034,26,,,,,2032.5,0.0
0,23000,KELP,2031.0,26.0,,,,,2034,26,,,,,2032.5,0.0
0,23100,KELP,2031.0,1.0,2030.0,23.0,,,2034,24,,,,,2032.5,0.0
0,23200,KELP,2030.0,26.0,,,,,2034,26,,,,,2032.0,0.0
0,23300,KELP,2032.0,2.0,2031.0,22.0,,,2033,3,2034.0,22.0,,,2032.5,0.0
0,23400,KELP,2030.0,21.0,,,,,2034,21,,,,,2032.0,0.0
0,23500,KELP,2031.0,28.0,,,,,2034,28,,,,,2032.5,0.0
0,23600,KELP,2031.0,21.0,,,,,2033,2,2034.0,21.0,,,2032.0,0.0
0,23700,KELP,2031.0,24.0,,,,,2034,24,,,,,2032.5,0.0
0,23800,KELP,2031.0,23.0,,,,,2034,23,,,,,2032.5,0.0
0,23900,KELP,2033.0,1.0,2031.0,20.0,,,2034,20,,,,,2033.5,0.0
0,24000,KELP,2031.0,1.0,2030.0,22.0,,,2034,23,,,,,2032.5,0.0
0,24100,KELP,2030.0,26.0,,,,,2032,5,2034.0,26.0,,,2031.0,0.0
0,24200,KELP,2032.0,1.0,2030.0,27.0,,,2034,27,,,,,2033.0,0.0
0,24300,KELP,2030.0,23.0,,,,,2034,23,,,,,2032.0,0.0
0,24400,KELP,2030.0,25.0,,,,,2034,25,,,,,2032.0,0.0
0,24500,KELP,2031.0,2.0,2030.0,21.0,,,2034,21,,,,,2032.5,0.0
0,24600,KELP,2030.0,27.0,,,,,2034,27,,,,,2032.0,0.0
0,24700,KELP,2030.0,22.0,,,,,2034,22,,,,,2032.0,0.0
0,24800,KELP,2030.0,28.0,,,,,2034,28,,,,,2032.0,0.0
0,24900,KELP,2030.0,30.0,,,,,2032,1,2034.0,30.0,,,2031.0,0.0
0,25000,KELP,2031.0,8.0,2030.0,27.0,,,2034,27,,,,,2032.5,0.0
0,25100,KELP,2030.0,23.0,,,,,2034,23,,,,,2032.0,0.0
0,25200,KELP,2031.0,1.0,2030.0,24.0,,,2034,26,,,,,2032.5,0.0
0,25300,KELP,2031.0,2.0,2030.0,24.0,,,2034,26,,,,,2032.5,0.0
0,25400,KELP,2030.0,32.0,,,,,2034,32,,,,,2032.0,0.0
0,25500,KELP,2030.0,25.0,,,,,2032,1,2034.0,25.0,,,2031.0,0.0
0,25600,KELP,2033.0,1.0,2030.0,31.0,,,2034,31,,,,,2033.5,0.0
0,25700,KELP,2031.0,1.0,2030.0,22.0,,,2032,4,2034.0,23.0,,,2031.5,0.0
0,25800,KELP,2032.0,2.0,2031.0,28.0,,,2034,28,,,,,2033.0,0.0
0,25900,KELP,2030.0,28.0,,,,,2033,3,2034.0,28.0,,,2031.5,0.0
0,26000,KELP,2031.0,24.0,,,,,2034,24,,,,,2032.5,0.0
0,26100,KELP,2031.0,25.0,,,,,2034,25,,,,,2032.5,0.0
0,26200,KELP,2031.0,26.0,,,,,2034,26,,,,,2032.5,0.0
0,26300,KELP,2031.0,26.0,,,,,2034,24,,,,,2032.5,0.0
0,26400,KELP,2031.0,28.0,,,,,2034,29,,,,,2032.5,0.0
0,26500,KELP,2033.0,1.0,2031.0,26.0,,,2034,24,,,,,2033.5,0.0
0,26600,KELP,2031.0,22.0,,,,,2034,22,,,,,2032.5,0.0
0,26700,KELP,2031.0,24.0,,,,,2032,4,2034.0,24.0,,,2031.5,0.0
0,26800,KELP,2031.0,24.0,,,,,2034,24,,,,,2032.5,0.0
0,26900,KELP,2031.0,27.0,,,,,2034,27,,,,,2032.5,0.0
0,27000,KELP,2031.0,31.0,,,,,2034,31,,,,,2032.5,0.0
0,27100,KELP,2031.0,24.0,,,,,2034,24,,,,,2032.5,0.0
0,27200,KELP,2031.0,31.0,,,,,2034,31,,,,,2032.5,0.0
0,27300,KELP,2032.0,5.0,2031.0,33.0,,,2034,27,,,,,2033.0,0.0
0,27400,KELP,2031.0,22.0,,,,,2034,25,,,,,2032.5,0.0
0,27500,KELP,2031.0,26.0,,,,,2034,26,,,,,2032.5,0.0
0,27600,KELP,2031.0,23.0,,,,,2034,23,,,,,2032.5,0.0
0,27700,KELP,2033.0,3.0,2031.0,26.0,,,2034,26,,,,,2033.5,0.0
0,27800,KELP,2031.0,28.0,,,,,2034,28,,,,,2032.5,0.0
0,27900,KELP,2031.0,33.0,,,,,2034,26,,,,,2032.5,0.0
0,28000,KELP,2031.0,24.0,,,,,2034,24,,,,,2032.5,0.0
0,28100,KELP,2031.0,20.0,,,,,2034,22,,,,,2032.5,0.0
0,28200,KELP,2031.0,30.0,,,,,2034,30,,,,,2032.5,0.0
0,28300,KELP,2031.0,24.0,,,,,2033,7,2034.0,24.0,,,2032.0,0.0
0,28400,KELP,2031.0,21.0,,,,,2034,21,,,,,2032.5,0.0
0,28500,KELP,2033.0,1.0,2031.0,31.0,,,2034,31,,,,,2033.5,0.0
0,28600,KELP,2031.0,30.0,,,,,2033,7,2034.0,31.0,,,2032.0,0.0
0,28700,KELP,2031.0,33.0,,,,,2034,25,,,,,2032.5,0.0
0,28800,KELP,2031.0,22.0,,,,,2034,22,,,,,2032.5,0.0
0,28900,KELP,2031.0,25.0,,,,,2034,22,,,,,2032.5,0.0
0,29000,KELP,2031.0,24.0,,,,,2034,24,,,,,2032.5,0.0
0,29100,KELP,2030.0,31.0,,,,,2032,6,2034.0,31.0,,,2031.0,0.0
0,29200,KELP,2030.0,20.0,,,,,2032,2,2034.0,20.0,,,2031.0,0.0
0,29300,KELP,2030.0,25.0,,,,,2031,1,2034.0,25.0,,,2030.5,0.0
0,29400,KELP,2030.0,24.0,,,,,2033,1,2034.0,23.0,,,2031.5,0.0
0,29500,KELP,2030.0,29.0,,,,,2033,24,,,,,2031.5,0.0
0,29600,KELP,2030.0,20.0,,,,,2034,20,,,,,2032.0,0.0
0,29700,KELP,2030.0,27.0,,,,,2033,1,2034.0,26.0,,,2031.5,0.0
0,29800,KELP,2030.0,30.0,,,,,2033,1,2034.0,29.0,,,2031.5,0.0
0,29900,KELP,2030.0,27.0,,,,,2031,6,2034.0,27.0,,,2030.5,0.0
0,30000,KELP,2032.0,1.0,2030.0,21.0,,,2034,21,,,,,2033.0,0.0
0,30100,KELP,2030.0,22.0,,,,,2032,1,2034.0,22.0,,,2031.0,0.0
0,30200,KELP,2030.0,24.0,,,,,2033,2,2034.0,22.0,,,2031.5,0.0
0,30300,KELP,2030.0,30.0,,,,,2032,2,2033.0,30.0,,,2031.0,0.0
0,30400,KELP,2030.0,23.0,,,,,2033,23,,,,,2031.5,0.0
0,30500,KELP,2030.0,29.0,,,,,2032,7,2033.0,29.0,,,2031.0,0.0
0,30600,KELP,2030.0,30.0,,,,,2032,8,2033.0,30.0,,,2031.0,0.0
0,30700,KELP,2030.0,22.0,,,,,2033,23,,,,,2031.5,0.0
0,30800,KELP,2030.0,32.0,,,,,2033,29,,,,,2031.5,0.0
0,30900,KELP,2030.0,29.0,,,,,2033,23,,,,,2031.5,0.0
0,31000,KELP,2030.0,20.0,,,,,2033,20,,,,,2031.5,0.0
0,31100,KELP,2030.0,22.0,,,,,2033,22,,,,,2031.5,0.0
0,31200,KELP,2030.0,28.0,,,,,2033,29,,,,,2031.5,0.0
0,31300,KELP,2030.0,30.0,,,,,2032,7,2033.0,30.0,,,2031.0,0.0
0,31400,KELP,2030.0,37.0,,,,,2033,32,,,,,2031.5,0.0
0,31500,KELP,2030.0,22.0,,,,,2032,1,2033.0,23.0,,,2031.0,0.0
0,31600,KELP,2030.0,32.0,,,,,2033,32,,,,,2031.5,0.0
0,31700,KELP,2030.0,29.0,,,,,2033,29,,,,,2031.5,0.0
0,31800,KELP,2030.0,21.0,,,,,2033,21,,,,,2031.5,0.0
0,31900,KELP,2030.0,29.0,,,,,2033,29,,,,,2031.5,0.0
0,32000,KELP,2030.0,30.0,,,,,2031,4,2032.0,8.0,2033.0,30.0,2030.5,0.0
0,32100,KELP,2030.0,31.0,,,,,2032,6,2033.0,31.0,,,2031.0,0.0
0,32200,KELP,2032.0,1.0,2030.0,26.0,,,2033,26,,,,,2032.5,0.0
0,32300,KELP,2030.0,26.0,,,,,2033,26,,,,,2031.5,0.0
0,32400,KELP,2029.0,29.0,,,,,2030,1,2033.0,29.0,,,2029.5,0.0
0,32500,KELP,2032.0,1.0,2029.0,25.0,,,2033,25,,,,,2032.5,0.0
0,32600,KELP,2029.0,30.0,,,,,2031,8,2033.0,30.0,,,2030.0,0.0
0,32700,KELP,2029.0,27.0,,,,,2032,27,,,,,2030.5,0.0
0,32800,KELP,2029.0,23.0,,,,,2030,5,2031.0,3.0,2033.0,23.0,2029.5,0.0
0,32900,KELP,2030.0,24.0,,,,,2032,6,2033.0,24.0,,,2031.0,0.0
0,33000,KELP,2030.0,28.0,,,,,2032,6,2033.0,28.0,,,2031.0,0.0
0,33100,KELP,2030.0,24.0,,,,,2032,2,2033.0,24.0,,,2031.0,0.0
0,33200,KELP,2030.0,31.0,,,,,2033,25,,,,,2031.5,0.0
0,33300,KELP,2030.0,26.0,,,,,2033,26,,,,,2031.5,0.0
0,33400,KELP,2030.0,27.0,,,,,2032,6,2033.0,27.0,,,2031.0,0.0
0,33500,KELP,2030.0,25.0,,,,,2032,8,2033.0,25.0,,,2031.0,0.0
0,33600,KELP,2030.0,26.0,,,,,2033,27,,,,,2031.5,0.0
0,33700,KELP,2030.0,28.0,,,,,2033,23,,,,,2031.5,0.0
0,33800,KELP,2029.0,26.0,,,,,2033,26,,,,,2031.0,0.0
0,33900,KELP,2030.0,8.0,2029.0,24.0,,,2033,24,,,,,2031.5,0.0
0,34000,KELP,2030.0,6.0,2029.0,25.0,,,2033,25,,,,,2031.5,0.0
0,34100,KELP,2029.0,27.0,,,,,2033,27,,,,,2031.0,0.0
0,34200,KELP,2030.0,1.0,2029.0,27.0,,,2033,27,,,,,2031.5,0.0
0,34300,KELP,2030.0,1.0,2029.0,20.0,,,2033,22,,,,,2031.5,0.0
0,34400,KELP,2030.0,24.0,,,,,2033,25,,,,,2031.5,0.0
0,34500,KELP,2030.0,25.0,,,,,2032,6,2033.0,25.0,,,2031.0,0.0
0,34600,KELP,2030.0,22.0,,,,,2032,2,2033.0,22.0,,,2031.0,0.0
0,34700,KELP,2029.0,29.0,,,,,2033,29,,,,,2031.0,0.0
0,34800,KELP,2031.0,2.0,2029.0,24.0,,,2033,24,,,,,2032.0,0.0
0,34900,KELP,2029.0,24.0,,,,,2030,1,2033.0,24.0,,,2029.5,0.0
0,35000,KELP,2030.0,3.0,2029.0,22.0,,,2033,22,,,,,2031.5,0.0
0,35100,KELP,2030.0,27.0,,,,,2033,26,,,,,2031.5,0.0
0,35200,KELP,2030.0,23.0,,,,,2032,5,2033.0,24.0,,,2031.0,0.0
0,35300,KELP,2030.0,24.0,,,,,2034,24,,,,,2032.0,0.0
0,35400,KELP,2030.0,22.0,,,,,2032,7,2033.0,22.0,,,2031.0,0.0
0,35500,KELP,2030.0,24.0,,,,,2034,25,,,,,2032.0,0.0
0,35600,KELP,2030.0,26.0,,,,,2033,1,2034.0,26.0,,,2031.5,0.0
0,35700,KELP,2030.0,27.0,,,,,2033,1,2034.0,26.0,,,2031.5,0.0
0,35800,KELP,2030.0,30.0,,,,,2033,2,2034.0,28.0,,,2031.5,0.0
0,35900,KELP,2030.0,30.0,,,,,2032,6,2034.0,30.0,,,2031.0,0.0
0,36000,KELP,2030.0,28.0,,,,,2034,28,,,,,2032.0,0.0
0,36100,KELP,2030.0,26.0,,,,,2033,26,,,,,2031.5,0.0
0,36200,KELP,2030.0,31.0,,,,,2033,30,,,,,2031.5,0.0
0,36300,KELP,2030.0,21.0,,,,,2033,22,,,,,2031.5,0.0
0,36400,KELP,2030.0,28.0,,,,,2032,1,2033.0,28.0,,,2031.0,0.0
0,36500,KELP,2029.0,27.0,,,,,2033,27,,,,,2031.0,0.0
0,36600,KELP,2029.0,21.0,,,,,2033,21,,,,,2031.0,0.0
0,36700,KELP,2030.0,29.0,,,,,2033,30,,,,,2031.5,0.0
0,36800,KELP,2031.0,3.0,2030.0,27.0,,,2033,27,,,,,2032.0,0.0
0,36900,KELP,2029.0,31.0,,,,,2033,31,,,,,2031.0,0.0
0,37000,KELP,2030.0,3.0,2029.0,23.0,,,2033,23,,,,,2031.5,0.0
0,37100,KELP,2032.0,1.0,2029.0,24.0,,,2033,24,,,,,2032.5,0.0
0,37200,KELP,2029.0,22.0,,,,,2033,22,,,,,2031.0,0.0
0,37300,KELP,2029.0,27.0,,,,,2033,27,,,,,2031.0,0.0
0,37400,KELP,2029.0,23.0,,,,,2033,23,,,,,2031.0,0.0
0,37500,KELP,2032.0,1.0,2030.0,37.0,,,2033,29,,,,,2032.5,0.0
0,37600,KELP,2029.0,26.0,,,,,2033,26,,,,,2031.0,0.0
0,37700,KELP,2032.0,1.0,2030.0,1.0,2029.0,28.0,2033,29,,,,,2032.5,0.0
0,37800,KELP,2030.0,8.0,2029.0,27.0,,,2033,29,,,,,2031.5,0.0
0,37900,KELP,2030.0,20.0,,,,,2031,3,2033.0,29.0,,,2030.5,0.0
0,38000,KELP,2030.0,29.0,,,,,2033,25,,,,,2031.5,0.0
0,38100,KELP,2030.0,27.0,,,,,2033,28,,,,,2031.5,0.0
0,38200,KELP,2030.0,23.0,,,,,2033,23,,,,,2031.5,0.0
0,38300,KELP,2030.0,27.0,,,,,2033,27,,,,,2031.5,0.0
0,38400,KELP,2030.0,20.0,,,,,2033,21,,,,,2031.5,0.0
0,38500,KELP,2032.0,1.0,2030.0,29.0,,,2033,25,,,,,2032.5,0.0
0,38600,KELP,2030.0,27.0,,,,,2033,27,,,,,2031.5,0.0
0,38700,KELP,2032.0,4.0,2030.0,30.0,,,2033,30,,,,,2032.5,0.0
0,38800,KELP,2032.0,4.0,2030.0,27.0,,,2033,27,,,,,2032.5,0.0
0,38900,KELP,2030.0,26.0,,,,,2032,7,2033.0,26.0,,,2031.0,0.0
0,39000,KELP,2030.0,29.0,,,,,2033,29,,,,,2031.5,0.0
0,39100,KELP,2030.0,30.0,,,,,2032,6,2033.0,30.0,,,2031.0,0.0
0,39200,KELP,2032.0,1.0,2030.0,24.0,,,2033,24,,,,,2032.5,0.0
0,39300,KELP,2030.0,27.0,,,,,2033,27,,,,,2031.5,0.0
0,39400,KELP,2029.0,29.0,,,,,2032,2,2033.0,27.0,,,2030.5,0.0
0,39500,KELP,2029.0,22.0,,,,,2033,22,,,,,2031.0,0.0
0,39600,KELP,2029.0,22.0,,,,,2033,22,,,,,2031.0,0.0
0,39700,KELP,2029.0,20.0,,,,,2033,20,,,,,2031.0,0.0
0,39800,KELP,2029.0,31.0,,,,,2032,31,,,,,2030.5,0.0
0,39900,KELP,2029.0,2.0,2028.0,30.0,,,2032,32,,,,,2030.5,0.0
0,40000,KELP,2029.0,1.0,2028.0,30.0,,,2032,31,,,,,2030.5,0.0
0,40100,KELP,2028.0,27.0,,,,,2032,27,,,,,2030.0,0.0
0,40200,KELP,2029.0,1.0,2028.0,22.0,,,2032,23,,,,,2030.5,0.0
0,40300,KELP,2028.0,25.0,,,,,2029,2,2032.0,25.0,,,2028.5,0.0
0,40400,KELP,2029.0,1.0,2028.0,20.0,,,2032,21,,,,,2030.5,0.0
0,40500,KELP,2029.0,24.0,,,,,2032,24,,,,,2030.5,0.0
0,40600,KELP,2029.0,26.0,,,,,2032,26,,,,,2030.5,0.0
0,40700,KELP,2029.0,26.0,,,,,2032,26,,,,,2030.5,0.0
0,40800,KELP,2029.0,29.0,,,,,2032,29,,,,,2030.5,0.0
0,40900,KELP,2028.0,22.0,,,,,2032,22,,,,,2030.0,0.0
0,41000,KELP,2029.0,22.0,,,,,2032,22,,,,,2030.5,0.0
0,41100,KELP,2029.0,23.0,,,,,2032,23,,,,,2030.5,0.0
0,41200,KELP,2031.0,3.0,2029.0,26.0,,,2032,26,,,,,2031.5,0.0
0,41300,KELP,2029.0,21.0,,,,,2030,6,2032.0,1.0,2033.0,20.0,2029.5,0.0
0,41400,KELP,2029.0,22.0,,,,,2033,23,,,,,2031.0,0.0
0,41500,KELP,2029.0,30.0,,,,,2030,2,2033.0,30.0,,,2029.5,0.0
0,41600,KELP,2029.0,28.0,,,,,2032,28,,,,,2030.5,0.0
0,41700,KELP,2029.0,20.0,,,,,2032,20,,,,,2030.5,0.0
0,41800,KELP,2029.0,35.0,,,,,2032,30,,,,,2030.5,0.0
0,41900,KELP,2028.0,30.0,,,,,2029,2,2030.0,7.0,2032.0,30.0,2028.5,0.0
0,42000,KELP,2029.0,2.0,2028.0,28.0,,,2032,30,,,,,2030.5,0.0
0,42100,KELP,2029.0,24.0,,,,,2031,3,2032.0,24.0,,,2030.0,0.0
0,42200,KELP,2029.0,29.0,,,,,2032,26,,,,,2030.5,0.0
0,42300,KELP,2029.0,4.0,2028.0,24.0,,,2030,6,2032.0,24.0,,,2029.5,0.0
0,42400,KELP,2030.0,7.0,2028.0,25.0,,,2031,25,,,,,2030.5,0.0
0,42500,KELP,2028.0,23.0,,,,,2030,8,2031.0,24.0,,,2029.0,0.0
0,42600,KELP,2028.0,25.0,,,,,2030,2,2031.0,25.0,,,2029.0,0.0
0,42700,KELP,2028.0,21.0,,,,,2031,22,,,,,2029.5,0.0
0,42800,KELP,2028.0,23.0,,,,,2031,23,,,,,2029.5,0.0
0,42900,KELP,2028.0,22.0,,,,,2030,7,2031.0,22.0,,,2029.0,0.0
0,43000,KELP,2028.0,25.0,,,,,2031,25,,,,,2029.5,0.0
0,43100,KELP,2028.0,2.0,2027.0,23.0,,,2031,25,,,,,2029.5,0.0
0,43200,KELP,2028.0,28.0,,,,,2029,2,2031.0,28.0,,,2028.5,0.0
0,43300,KELP,2028.0,20.0,,,,,2031,20,,,,,2029.5,0.0
0,43400,KELP,2028.0,29.0,,,,,2029,1,2032.0,29.0,,,2028.5,0.0
0,43500,KELP,2028.0,24.0,,,,,2031,1,2032.0,23.0,,,2029.5,0.0
0,43600,KELP,2028.0,21.0,,,,,2030,8,2032.0,21.0,,,2029.0,0.0
0,43700,KELP,2028.0,36.0,,,,,2031,28,,,,,2029.5,0.0
0,43800,KELP,2027.0,25.0,,,,,2031,25,,,,,2029.0,0.0
0,43900,KELP,2028.0,34.0,,,,,2031,28,,,,,2029.5,0.0
0,44000,KELP,2028.0,26.0,,,,,2031,26,,,,,2029.5,0.0
0,44100,KELP,2028.0,29.0,,,,,2031,30,,,,,2029.5,0.0
0,44200,KELP,2028.0,22.0,,,,,2031,22,,,,,2029.5,0.0
0,44300,KELP,2028.0,32.0,,,,,2031,25,,,,,2029.5,0.0
0,44400,KELP,2028.0,31.0,,,,,2031,30,,,,,2029.5,0.0
0,44500,KELP,2028.0,27.0,,,,,2031,27,,,,,2029.5,0.0
0,44600,KELP,2028.0,23.0,,,,,2031,23,,,,,2029.5,0.0
0,44700,KELP,2028.0,31.0,,,,,2031,24,,,,,2029.5,0.0
0,44800,KELP,2028.0,24.0,,,,,2031,24,,,,,2029.5,0.0
0,44900,KELP,2030.0,9.0,2028.0,26.0,,,2032,26,,,,,2031.0,0.0
0,45000,KELP,2029.0,1.0,2028.0,26.0,,,2032,27,,,,,2030.5,0.0
0,45100,KELP,2029.0,27.0,,,,,2032,27,,,,,2030.5,0.0
0,45200,KELP,2029.0,27.0,,,,,2032,27,,,,,2030.5,0.0
0,45300,KELP,2029.0,28.0,,,,,2032,29,,,,,2030.5,0.0
0,45400,KELP,2029.0,28.0,,,,,2032,28,,,,,2030.5,0.0
0,45500,KELP,2029.0,24.0,,,,,2032,24,,,,,2030.5,0.0
0,45600,KELP,2029.0,25.0,,,,,2031,2,2032.0,25.0,,,2030.0,0.0
0,45700,KELP,2029.0,30.0,,,,,2032,30,,,,,2030.5,0.0
0,45800,KELP,2029.0,26.0,,,,,2032,26,,,,,2030.5,0.0
0,45900,KELP,2029.0,22.0,,,,,2031,8,2032.0,22.0,,,2030.0,0.0
0,46000,KELP,2029.0,27.0,,,,,2032,27,,,,,2030.5,0.0
0,46100,KELP,2029.0,26.0,,,,,2032,2,2033.0,25.0,,,2030.5,0.0
0,46200,KELP,2031.0,10.0,2029.0,30.0,,,2033,28,,,,,2032.0,0.0
0,46300,KELP,2029.0,23.0,,,,,2031,4,2033.0,23.0,,,2030.0,0.0
0,46400,KELP,2031.0,10.0,2029.0,26.0,,,2033,26,,,,,2032.0,0.0
0,46500,KELP,2030.0,24.0,,,,,2033,25,,,,,2031.5,0.0
0,46600,KELP,2030.0,2.0,2029.0,21.0,,,2033,23,,,,,2031.5,0.0
0,46700,KELP,2030.0,26.0,,,,,2033,23,,,,,2031.5,0.0
0,46800,KELP,2030.0,18.0,,,,,2033,23,,,,,2031.5,0.0
0,46900,KELP,2032.0,1.0,2030.0,2.0,2029.0,26.0,2033,28,,,,,2032.5,0.0
0,47000,KELP,2029.0,20.0,,,,,2033,20,,,,,2031.0,0.0
0,47100,KELP,2029.0,24.0,,,,,2030,1,2032.0,7.0,2033.0,24.0,2029.5,0.0
0,47200,KELP,2031.0,4.0,2029.0,29.0,,,2033,29,,,,,2032.0,0.0
0,47300,KELP,2030.0,24.0,,,,,2033,24,,,,,2031.5,0.0
0,47400,KELP,2030.0,26.0,,,,,2032,2,2033.0,26.0,,,2031.0,0.0
0,47500,KELP,2030.0,28.0,,,,,2033,28,,,,,2031.5,0.0
0,47600,KELP,2030.0,21.0,,,,,2033,21,,,,,2031.5,0.0
0,47700,KELP,2030.0,1.0,2029.0,23.0,,,2032,3,2033.0,24.0,,,2031.0,0.0
0,47800,KELP,2029.0,22.0,,,,,2033,22,,,,,2031.0,0.0
0,47900,KELP,2029.0,21.0,,,,,2033,21,,,,,2031.0,0.0
0,48000,KELP,2029.0,29.0,,,,,2033,29,,,,,2031.0,0.0
0,48100,KELP,2029.0,29.0,,,,,2033,29,,,,,2031.0,0.0
0,48200,KELP,2030.0,8.0,2029.0,26.0,,,2033,26,,,,,2031.5,0.0
0,48300,KELP,2031.0,1.0,2029.0,29.0,,,2032,29,,,,,2031.5,0.0
0,48400,KELP,2031.0,1.0,2029.0,22.0,,,2032,22,,,,,2031.5,0.0
0,48500,KELP,2029.0,25.0,,,,,2032,25,,,,,2030.5,0.0
0,48600,KELP,2029.0,24.0,,,,,2032,22,,,,,2030.5,0.0
0,48700,KELP,2029.0,21.0,,,,,2032,21,,,,,2030.5,0.0
0,48800,KELP,2029.0,33.0,,,,,2032,31,,,,,2030.5,0.0
0,48900,KELP,2029.0,24.0,,,,,2032,1,2033.0,24.0,,,2030.5,0.0
0,49000,KELP,2029.0,29.0,,,,,2032,29,,,,,2030.5,0.0
0,49100,KELP,2029.0,26.0,,,,,2032,26,,,,,2030.5,0.0
0,49200,KELP,2029.0,31.0,,,,,2032,25,,,,,2030.5,0.0
0,49300,KELP,2031.0,1.0,2029.0,33.0,,,2032,29,,,,,2031.5,0.0
0,49400,KELP,2031.0,1.0,2029.0,22.0,,,2032,22,,,,,2031.5,0.0
0,49500,KELP,2029.0,23.0,,,,,2032,23,,,,,2030.5,0.0
0,49600,KELP,2029.0,22.0,,,,,2031,4,2032.0,22.0,,,2030.0,0.0
0,49700,KELP,2029.0,24.0,,,,,2032,24,,,,,2030.5,0.0
0,49800,KELP,2029.0,22.0,,,,,2032,1,2033.0,21.0,,,2030.5,0.0
0,49900,KELP,2029.0,22.0,,,,,2033,22,,,,,2031.0,0.0
0,50000,KELP,2029.0,30.0,,,,,2032,30,,,,,2030.5,0.0
0,50100,KELP,2031.0,10.0,2029.0,32.0,,,2032,32,,,,,2031.5,0.0
0,50200,KELP,2029.0,2.0,2028.0,23.0,,,2032,25,,,,,2030.5,0.0
0,50300,KELP,2031.0,2.0,2029.0,26.0,,,2032,26,,,,,2031.5,0.0
0,50400,KELP,2029.0,30.0,,,,,2032,30,,,,,2030.5,0.0
0,50500,KELP,2029.0,30.0,,,,,2032,29,,,,,2030.5,0.0
0,50600,KELP,2031.0,1.0,2029.0,24.0,,,2032,24,,,,,2031.5,0.0
0,50700,KELP,2029.0,25.0,,,,,2032,25,,,,,2030.5,0.0
0,50800,KELP,2029.0,31.0,,,,,2032,24,,,,,2030.5,0.0
0,50900,KELP,2029.0,27.0,,,,,2031,5,2032.0,27.0,,,2030.0,0.0
0,51000,KELP,2029.0,24.0,,,,,2031,4,2032.0,24.0,,,2030.0,0.0
0,51100,KELP,2029.0,27.0,,,,,2031,1,2032.0,27.0,,,2030.0,0.0
0,51200,KELP,2029.0,35.0,,,,,2032,32,,,,,2030.5,0.0
0,51300,KELP,2029.0,25.0,,,,,2032,25,,,,,2030.5,0.0
0,51400,KELP,2029.0,23.0,,,,,2033,23,,,,,2031.0,0.0
0,51500,KELP,2029.0,22.0,,,,,2032,22,,,,,2030.5,0.0
0,51600,KELP,2029.0,31.0,,,,,2031,5,2032.0,31.0,,,2030.0,0.0
0,51700,KELP,2029.0,37.0,,,,,2032,32,,,,,2030.5,0.0
0,51800,KELP,2029.0,26.0,,,,,2032,26,,,,,2030.5,0.0
0,51900,KELP,2029.0,27.0,,,,,2031,7,2032.0,27.0,,,2030.0,0.0
0,52000,KELP,2029.0,17.0,,,,,2032,24,,,,,2030.5,0.0
0,52100,KELP,2029.0,30.0,,,,,2032,30,,,,,2030.5,0.0
0,52200,KELP,2029.0,28.0,,,,,2031,2,2032.0,28.0,,,2030.0,0.0
0,52300,KELP,2029.0,19.0,,,,,2032,21,,,,,2030.5,0.0
0,52400,KELP,2030.0,6.0,2029.0,24.0,,,2032,24,,,,,2031.0,0.0
0,52500,KELP,2029.0,31.0,,,,,2033,31,,,,,2031.0,0.0
0,52600,KELP,2029.0,24.0,,,,,2033,24,,,,,2031.0,0.0
0,52700,KELP,2029.0,29.0,,,,,2033,29,,,,,2031.0,0.0
0,52800,KELP,2029.0,24.0,,,,,2033,24,,,,,2031.0,0.0
0,52900,KELP,2029.0,31.0,,,,,2033,31,,,,,2031.0,0.0
0,53000,KELP,2030.0,4.0,2029.0,28.0,,,2033,28,,,,,2031.5,0.0
0,53100,KELP,2029.0,31.0,,,,,2033,31,,,,,2031.0,0.0
0,53200,KELP,2029.0,31.0,,,,,2033,31,,,,,2031.0,0.0
0,53300,KELP,2030.0,1.0,2029.0,23.0,,,2031,7,2033.0,24.0,,,2030.5,0.0
0,53400,KELP,2029.0,23.0,,,,,2030,1,2033.0,23.0,,,2029.5,0.0
0,53500,KELP,2029.0,26.0,,,,,2031,1,2033.0,26.0,,,2030.0,0.0
0,53600,KELP,2029.0,26.0,,,,,2033,23,,,,,2031.0,0.0
0,53700,KELP,2029.0,27.0,,,,,2032,2,2033.0,25.0,,,2030.5,0.0
0,53800,KELP,2029.0,25.0,,,,,2030,4,2032.0,25.0,,,2029.5,0.0
0,53900,KELP,2029.0,28.0,,,,,2031,7,2033.0,28.0,,,2030.0,0.0
0,54000,KELP,2029.0,24.0,,,,,2032,22,,,,,2030.5,0.0
0,54100,KELP,2029.0,4.0,2028.0,23.0,,,2032,23,,,,,2030.5,0.0
0,54200,KELP,2028.0,21.0,,,,,2032,21,,,,,2030.0,0.0
0,54300,KELP,2028.0,25.0,,,,,2032,25,,,,,2030.0,0.0
0,54400,KELP,2028.0,24.0,,,,,2029,1,2032.0,24.0,,,2028.5,0.0
0,54500,KELP,2028.0,29.0,,,,,2029,1,2032.0,29.0,,,2028.5,0.0
0,54600,KELP,2029.0,2.0,2028.0,26.0,,,2032,28,,,,,2030.5,0.0
0,54700,KELP,2029.0,21.0,,,,,2032,21,,,,,2030.5,0.0
0,54800,KELP,2029.0,24.0,,,,,2031,6,2032.0,24.0,,,2030.0,0.0
0,54900,KELP,2029.0,29.0,,,,,2031,3,2032.0,29.0,,,2030.0,0.0
0,55000,KELP,2029.0,28.0,,,,,2032,27,,,,,2030.5,0.0
0,55100,KELP,2029.0,31.0,,,,,2032,31,,,,,2030.5,0.0
0,55200,KELP,2029.0,25.0,,,,,2032,25,,,,,2030.5,0.0
0,55300,KELP,2029.0,25.0,,,,,2032,25,,,,,2030.5,0.0
0,55400,KELP,2029.0,23.0,,,,,2032,23,,,,,2030.5,0.0
0,55500,KELP,2029.0,26.0,,,,,2032,26,,,,,2030.5,0.0
0,55600,KELP,2029.0,28.0,,,,,2032,28,,,,,2030.5,0.0
0,55700,KELP,2029.0,21.0,,,,,2032,21,,,,,2030.5,0.0
0,55800,KELP,2029.0,23.0,,,,,2032,2,2033.0,21.0,,,2030.5,0.0
0,55900,KELP,2029.0,24.0,,,,,2033,24,,,,,2031.0,0.0
0,56000,KELP,2029.0,22.0,,,,,2032,22,,,,,2030.5,0.0
0,56100,KELP,2029.0,30.0,,,,,2032,30,,,,,2030.5,0.0
0,56200,KELP,2029.0,28.0,,,,,2032,28,,,,,2030.5,0.0
0,56300,KELP,2029.0,23.0,,,,,2031,8,2032.0,23.0,,,2030.0,0.0
0,56400,KELP,2029.0,23.0,,,,,2032,23,,,,,2030.5,0.0
0,56500,KELP,2029.0,33.0,,,,,2032,25,,,,,2030.5,0.0
0,56600,KELP,2029.0,27.0,,,,,2032,27,,,,,2030.5,0.0
0,56700,KELP,2029.0,24.0,,,,,2032,25,,,,,2030.5,0.0
0,56800,KELP,2029.0,30.0,,,,,2032,24,,,,,2030.5,0.0
0,56900,KELP,2029.0,20.0,,,,,2032,20,,,,,2030.5,0.0
0,57000,KELP,2029.0,25.0,,,,,2032,25,,,,,2030.5,0.0
0,57100,KELP,2029.0,27.0,,,,,2032,27,,,,,2030.5,0.0
0,57200,KELP,2029.0,26.0,,,,,2032,26,,,,,2030.5,0.0
0,57300,KELP,2029.0,25.0,,,,,2032,25,,,,,2030.5,0.0
0,57400,KELP,2029.0,27.0,,,,,2031,4,2033.0,28.0,,,2030.0,0.0
0,57500,KELP,2029.0,31.0,,,,,2033,31,,,,,2031.0,0.0
0,57600,KELP,2029.0,29.0,,,,,2033,29,,,,,2031.0,0.0
0,57700,KELP,2029.0,30.0,,,,,2033,30,,,,,2031.0,0.0
0,57800,KELP,2030.0,28.0,,,,,2033,28,,,,,2031.5,0.0
0,57900,KELP,2030.0,32.0,,,,,2033,32,,,,,2031.5,0.0
0,58000,KELP,2032.0,4.0,2030.0,23.0,,,2033,23,,,,,2032.5,0.0
0,58100,KELP,2030.0,31.0,,,,,2033,24,,,,,2031.5,0.0
0,58200,KELP,2030.0,32.0,,,,,2033,26,,,,,2031.5,0.0
0,58300,KELP,2030.0,2.0,2029.0,21.0,,,2033,23,,,,,2031.5,0.0
0,58400,KELP,2029.0,21.0,,,,,2030,4,2032.0,21.0,,,2029.5,0.0
0,58500,KELP,2029.0,32.0,,,,,2032,1,2033.0,29.0,,,2030.5,0.0
0,58600,KELP,2029.0,29.0,,,,,2031,3,2032.0,2.0,2033.0,27.0,2030.0,0.0
0,58700,KELP,2031.0,10.0,2029.0,25.0,,,2032,1,2033.0,24.0,,,2031.5,0.0
0,58800,KELP,2029.0,24.0,,,,,2031,8,2032.0,2.0,2033.0,22.0,2030.0,0.0
0,58900,KELP,2029.0,22.0,,,,,2032,22,,,,,2030.5,0.0
0,59000,KELP,2029.0,26.0,,,,,2032,26,,,,,2030.5,0.0
0,59100,KELP,2029.0,30.0,,,,,2032,30,,,,,2030.5,0.0
0,59200,KELP,2030.0,3.0,2029.0,31.0,,,2032,31,,,,,2031.0,0.0
0,59300,KELP,2030.0,2.0,2029.0,30.0,,,2032,30,,,,,2031.0,0.0
0,59400,KELP,2029.0,28.0,,,,,2032,28,,,,,2030.5,0.0
0,59500,KELP,2029.0,29.0,,,,,2032,29,,,,,2030.5,0.0
0,59600,KELP,2029.0,29.0,,,,,2032,25,,,,,2030.5,0.0
0,59700,KELP,2029.0,28.0,,,,,2031,8,2032.0,28.0,,,2030.0,0.0
0,59800,KELP,2029.0,20.0,,,,,2030,5,2033.0,20.0,,,2029.5,0.0
0,59900,KELP,2029.0,24.0,,,,,2032,24,,,,,2030.5,0.0
0,60000,KELP,2029.0,31.0,,,,,2032,31,,,,,2030.5,0.0
0,60100,KELP,2029.0,16.0,,,,,2032,25,,,,,2030.5,0.0
0,60200,KELP,2030.0,4.0,2029.0,22.0,,,2032,22,,,,,2031.0,0.0
0,60300,KELP,2029.0,24.0,,,,,2032,24,,,,,2030.5,0.0
0,60400,KELP,2030.0,6.0,2029.0,25.0,,,2032,25,,,,,2031.0,0.0
0,60500,KELP,2029.0,22.0,,,,,2032,22,,,,,2030.5,0.0
0,60600,KELP,2029.0,27.0,,,,,2032,27,,,,,2030.5,0.0
0,60700,KELP,2029.0,31.0,,,,,2032,31,,,,,2030.5,0.0
0,60800,KELP,2029.0,25.0,,,,,2031,8,2032.0,25.0,,,2030.0,0.0
0,60900,KELP,2029.0,25.0,,,,,2032,25,,,,,2030.5,0.0
0,61000,KELP,2029.0,23.0,,,,,2032,31,,,,,2030.5,0.0
0,61100,KELP,2029.0,32.0,,,,,2032,32,,,,,2030.5,0.0
0,61200,KELP,2029.0,30.0,,,,,2031,7,2032.0,30.0,,,2030.0,0.0
0,61300,KELP,2028.0,31.0,,,,,2032,31,,,,,2030.0,0.0
0,61400,KELP,2028.0,28.0,,,,,2031,2,2032.0,26.0,,,2029.5,0.0
0,61500,KELP,2028.0,29.0,,,,,2032,29,,,,,2030.0,0.0
0,61600,KELP,2028.0,26.0,,,,,2030,4,2032.0,26.0,,,2029.0,0.0
0,61700,KELP,2031.0,1.0,2029.0,1.0,2028.0,22.0,2032,23,,,,,2031.5,0.0
0,61800,KELP,2029.0,2.0,2028.0,29.0,,,2032,29,,,,,2030.5,0.0
0,61900,KELP,2029.0,2.0,2028.0,23.0,,,2032,25,,,,,2030.5,0.0
0,62000,KELP,2029.0,23.0,,,,,2032,23,,,,,2030.5,0.0
0,62100,KELP,2029.0,25.0,,,,,2032,25,,,,,2030.5,0.0
0,62200,KELP,2028.0,26.0,,,,,2029,1,2032.0,26.0,,,2028.5,0.0
0,62300,KELP,2029.0,22.0,,,,,2032,22,,,,,2030.5,0.0
0,62400,KELP,2029.0,26.0,,,,,2032,26,,,,,2030.5,0.0
0,62500,KELP,2029.0,29.0,,,,,2031,3,2032.0,29.0,,,2030.0,0.0
0,62600,KELP,2029.0,31.0,,,,,2031,4,2032.0,31.0,,,2030.0,0.0
0,62700,KELP,2029.0,25.0,,,,,2032,25,,,,,2030.5,0.0
0,62800,KELP,2029.0,28.0,,,,,2032,28,,,,,2030.5,0.0
0,62900,KELP,2029.0,22.0,,,,,2031,7,2032.0,22.0,,,2030.0,0.0
0,63000,KELP,2029.0,22.0,,,,,2032,27,,,,,2030.5,0.0
0,63100,KELP,2029.0,20.0,,,,,2032,20,,,,,2030.5,0.0
0,63200,KELP,2030.0,4.0,2029.0,24.0,,,2033,24,,,,,2031.5,0.0
0,63300,KELP,2029.0,28.0,,,,,2032,2,2033.0,26.0,,,2030.5,0.0
0,63400,KELP,2029.0,31.0,,,,,2031,6,2033.0,31.0,,,2030.0,0.0
0,63500,KELP,2029.0,32.0,,,,,2033,32,,,,,2031.0,0.0
0,63600,KELP,2029.0,31.0,,,,,2032,1,2033.0,30.0,,,2030.5,0.0
0,63700,KELP,2029.0,24.0,,,,,2033,24,,,,,2031.0,0.0
0,63800,KELP,2029.0,28.0,,,,,2030,1,2033.0,28.0,,,2029.5,0.0
0,63900,KELP,2030.0,2.0,2029.0,25.0,,,2033,25,,,,,2031.5,0.0
0,64000,KELP,2030.0,6.0,2029.0,31.0,,,2033,31,,,,,2031.5,0.0
0,64100,KELP,2030.0,4.0,2029.0,29.0,,,2033,29,,,,,2031.5,0.0
0,64200,KELP,2029.0,24.0,,,,,2033,24,,,,,2031.0,0.0
0,64300,KELP,2030.0,8.0,2029.0,29.0,,,2033,29,,,,,2031.5,0.0
0,64400,KELP,2029.0,25.0,,,,,2031,2,2033.0,26.0,,,2030.0,0.0
0,64500,KELP,2029.0,31.0,,,,,2031,2,2032.0,1.0,2033.0,30.0,2030.0,0.0
0,64600,KELP,2029.0,23.0,,,,,2032,1,2033.0,23.0,,,2030.5,0.0
0,64700,KELP,2030.0,8.0,2029.0,30.0,,,2032,2,2033.0,28.0,,,2031.0,0.0
0,64800,KELP,2029.0,28.0,,,,,2033,28,,,,,2031.0,0.0
0,64900,KELP,2029.0,32.0,,,,,2032,30,,,,,2030.5,0.0
0,65000,KELP,2029.0,22.0,,,,,2032,22,,,,,2030.5,0.0
0,65100,KELP,2029.0,31.0,,,,,2031,8,2032.0,31.0,,,2030.0,0.0
0,65200,KELP,2029.0,25.0,,,,,2032,25,,,,,2030.5,0.0
0,65300,KELP,2031.0,6.0,2029.0,31.0,,,2032,31,,,,,2031.5,0.0
0,65400,KELP,2029.0,25.0,,,,,2032,25,,,,,2030.5,0.0
0,65500,KELP,2029.0,27.0,,,,,2032,2,2033.0,25.0,,,2030.5,0.0
0,65600,KELP,2029.0,28.0,,,,,2033,28,,,,,2031.0,0.0
0,65700,KELP,2029.0,21.0,,,,,2032,21,,,,,2030.5,0.0
0,65800,KELP,2029.0,29.0,,,,,2032,29,,,,,2030.5,0.0
0,65900,KELP,2029.0,27.0,,,,,2033,27,,,,,2031.0,0.0
0,66000,KELP,2030.0,7.0,2029.0,21.0,,,2033,21,,,,,2031.5,0.0
0,66100,KELP,2029.0,22.0,,,,,2033,22,,,,,2031.0,0.0
0,66200,KELP,2029.0,28.0,,,,,2033,28,,,,,2031.0,0.0
0,66300,KELP,2030.0,6.0,2029.0,25.0,,,2033,25,,,,,2031.5,0.0
0,66400,KELP,2029.0,29.0,,,,,2031,6,2033.0,29.0,,,2030.0,0.0
0,66500,KELP,2030.0,4.0,2029.0,24.0,,,2033,24,,,,,2031.5,0.0
0,66600,KELP,2030.0,1.0,2029.0,25.0,,,2033,25,,,,,2031.5,0.0
0,66700,KELP,2029.0,30.0,,,,,2033,30,,,,,2031.0,0.0
0,66800,KELP,2029.0,24.0,,,,,2033,24,,,,,2031.0,0.0
0,66900,KELP,2029.0,29.0,,,,,2030,2,2033.0,29.0,,,2029.5,0.0
0,67000,KELP,2030.0,32.0,,,,,2033,32,,,,,2031.5,0.0
0,67100,KELP,2030.0,21.0,,,,,2032,6,2033.0,22.0,,,2031.0,0.0
0,67200,KELP,2029.0,30.0,,,,,2031,8,2033.0,30.0,,,2030.0,0.0
0,67300,KELP,2030.0,1.0,2029.0,25.0,,,2033,26,,,,,2031.5,0.0
0,67400,KELP,2030.0,1.0,2029.0,29.0,,,2033,30,,,,,2031.5,0.0
0,67500,KELP,2029.0,29.0,,,,,2031,7,2033.0,29.0,,,2030.0,0.0
0,67600,KELP,2029.0,31.0,,,,,2033,31,,,,,2031.0,0.0
0,67700,KELP,2030.0,21.0,,,,,2033,21,,,,,2031.5,0.0
0,67800,KELP,2029.0,23.0,,,,,2033,23,,,,,2031.0,0.0
0,67900,KELP,2031.0,9.0,2030.0,6.0,2029.0,22.0,2033,22,,,,,2032.0,0.0
0,68000,KELP,2029.0,30.0,,,,,2033,30,,,,,2031.0,0.0
0,68100,KELP,2029.0,26.0,,,,,2031,1,2033.0,26.0,,,2030.0,0.0
0,68200,KELP,2030.0,5.0,2029.0,26.0,,,2033,26,,,,,2031.5,0.0
0,68300,KELP,2029.0,27.0,,,,,2033,27,,,,,2031.0,0.0
0,68400,KELP,2029.0,28.0,,,,,2033,28,,,,,2031.0,0.0
0,68500,KELP,2029.0,24.0,,,,,2032,1,2033.0,23.0,,,2030.5,0.0
0,68600,KELP,2029.0,31.0,,,,,2032,1,2033.0,30.0,,,2030.5,0.0
0,68700,KELP,2029.0,29.0,,,,,2033,29,,,,,2031.0,0.0
0,68800,KELP,2029.0,23.0,,,,,2031,8,2033.0,23.0,,,2030.0,0.0
0,68900,KELP,2029.0,21.0,,,,,2033,21,,,,,2031.0,0.0
0,69000,KELP,2029.0,21.0,,,,,2033,21,,,,,2031.0,0.0
0,69100,KELP,2029.0,21.0,,,,,2033,21,,,,,2031.0,0.0
0,69200,KELP,2029.0,26.0,,,,,2030,6,2033.0,27.0,,,2029.5,0.0
0,69300,KELP,2029.0,24.0,,,,,2033,24,,,,,2031.0,0.0
0,69400,KELP,2030.0,4.0,2029.0,28.0,,,2033,28,,,,,2031.5,0.0
0,69500,KELP,2029.0,27.0,,,,,2031,2,2033.0,27.0,,,2030.0,0.0
0,69600,KELP,2030.0,1.0,2029.0,24.0,,,2033,25,,,,,2031.5,0.0
0,69700,KELP,2030.0,29.0,,,,,2033,29,,,,,2031.5,0.0
0,69800,KELP,2030.0,1.0,2029.0,26.0,,,2033,28,,,,,2031.5,0.0
0,69900,KELP,2030.0,4.0,2029.0,26.0,,,2033,26,,,,,2031.5,0.0
0,70000,KELP,2030.0,37.0,,,,,2033,29,,,,,2031.5,0.0
0,70100,KELP,2029.0,27.0,,,,,2031,7,2033.0,27.0,,,2030.0,0.0
0,70200,KELP,2030.0,1.0,2029.0,25.0,,,2031,5,2033.0,26.0,,,2030.5,0.0
0,70300,KELP,2030.0,25.0,,,,,2033,25,,,,,2031.5,0.0
0,70400,KELP,2030.0,31.0,,,,,2032,6,2033.0,31.0,,,2031.0,0.0
0,70500,KELP,2030.0,24.0,,,,,2033,24,,,,,2031.5,0.0
0,70600,KELP,2032.0,1.0,2030.0,29.0,,,2033,29,,,,,2032.5,0.0
0,70700,KELP,2030.0,24.0,,,,,2033,24,,,,,2031.5,0.0
0,70800,KELP,2030.0,31.0,,,,,2033,32,,,,,2031.5,0.0
0,70900,KELP,2030.0,29.0,,,,,2033,29,,,,,2031.5,0.0
0,71000,KELP,2032.0,1.0,2029.0,31.0,,,2033,31,,,,,2032.5,0.0
0,71100,KELP,2030.0,8.0,2029.0,22.0,,,2033,22,,,,,2031.5,0.0
0,71200,KELP,2031.0,2.0,2029.0,26.0,,,2033,26,,,,,2032.0,0.0
0,71300,KELP,2029.0,20.0,,,,,2033,20,,,,,2031.0,0.0
0,71400,KELP,2029.0,30.0,,,,,2031,2,2032.0,30.0,,,2030.0,0.0
0,71500,KELP,2029.0,38.0,,,,,2032,31,,,,,2030.5,0.0
0,71600,KELP,2029.0,22.0,,,,,2032,22,,,,,2030.5,0.0
0,71700,KELP,2029.0,28.0,,,,,2032,28,,,,,2030.5,0.0
0,71800,KELP,2029.0,28.0,,,,,2032,22,,,,,2030.5,0.0
0,71900,KELP,2029.0,22.0,,,,,2032,22,,,,,2030.5,0.0
0,72000,KELP,2029.0,29.0,,,,,2032,29,,,,,2030.5,0.0
0,72100,KELP,2029.0,29.0,,,,,2032,28,,,,,2030.5,0.0
0,72200,KELP,2029.0,21.0,,,,,2031,4,2032.0,21.0,,,2030.0,0.0
0,72300,KELP,2029.0,30.0,,,,,2032,30,,,,,2030.5,0.0
0,72400,KELP,2028.0,24.0,,,,,2030,4,2032.0,24.0,,,2029.0,0.0
0,72500,KELP,2029.0,2.0,2028.0,28.0,,,2032,30,,,,,2030.5,0.0
0,72600,KELP,2028.0,24.0,,,,,2032,24,,,,,2030.0,0.0
0,72700,KELP,2028.0,29.0,,,,,2032,29,,,,,2030.0,0.0
0,72800,KELP,2028.0,30.0,,,,,2032,30,,,,,2030.0,0.0
0,72900,KELP,2029.0,1.0,2028.0,23.0,,,2032,24,,,,,2030.5,0.0
0,73000,KELP,2029.0,2.0,2028.0,24.0,,,2032,26,,,,,2030.5,0.0
0,73100,KELP,2029.0,2.0,2028.0,24.0,,,2032,26,,,,,2030.5,0.0
0,73200,KELP,2029.0,2.0,2028.0,30.0,,,2032,31,,,,,2030.5,0.0
0,73300,KELP,2029.0,2.0,2028.0,22.0,,,2032,24,,,,,2030.5,0.0
0,73400,KELP,2029.0,3.0,2028.0,30.0,,,2032,30,,,,,2030.5,0.0
0,73500,KELP,2029.0,21.0,,,,,2032,21,,,,,2030.5,0.0
0,73600,KELP,2029.0,21.0,,,,,2032,21,,,,,2030.5,0.0
0,73700,KELP,2031.0,1.0,2029.0,20.0,,,2032,20,,,,,2031.5,0.0
0,73800,KELP,2030.0,5.0,2029.0,27.0,,,2032,27,,,,,2031.0,0.0
0,73900,KELP,2029.0,2.0,2028.0,22.0,,,2032,24,,,,,2030.5,0.0
0,74000,KELP,2029.0,21.0,,,,,2032,21,,,,,2030.5,0.0
0,74100,KELP,2029.0,26.0,,,,,2032,26,,,,,2030.5,0.0
0,74200,KELP,2029.0,29.0,,,,,2031,2,2032.0,29.0,,,2030.0,0.0
0,74300,KELP,2031.0,1.0,2029.0,24.0,,,2032,24,,,,,2031.5,0.0
0,74400,KELP,2031.0,2.0,2029.0,21.0,,,2032,21,,,,,2031.5,0.0
0,74500,KELP,2029.0,27.0,,,,,2032,27,,,,,2030.5,0.0
0,74600,KELP,2029.0,28.0,,,,,2032,29,,,,,2030.5,0.0
0,74700,KELP,2029.0,22.0,,,,,2031,5,2032.0,22.0,,,2030.0,0.0
0,74800,KELP,2030.0,2.0,2029.0,22.0,,,2033,24,,,,,2031.5,0.0
0,74900,KELP,2030.0,22.0,,,,,2033,22,,,,,2031.5,0.0
0,75000,KELP,2030.0,2.0,2029.0,23.0,,,2033,25,,,,,2031.5,0.0
0,75100,KELP,2031.0,4.0,2029.0,23.0,,,2033,23,,,,,2032.0,0.0
0,75200,KELP,2029.0,29.0,,,,,2033,29,,,,,2031.0,0.0
0,75300,KELP,2029.0,27.0,,,,,2030,1,2031.0,6.0,2033.0,27.0,2029.5,0.0
0,75400,KELP,2030.0,28.0,,,,,2033,28,,,,,2031.5,0.0
0,75500,KELP,2029.0,24.0,,,,,2033,24,,,,,2031.0,0.0
0,75600,KELP,2031.0,4.0,2030.0,8.0,2029.0,30.0,2033,30,,,,,2032.0,0.0
0,75700,KELP,2029.0,20.0,,,,,2033,20,,,,,2031.0,0.0
0,75800,KELP,2030.0,8.0,2029.0,31.0,,,2033,31,,,,,2031.5,0.0
0,75900,KELP,2029.0,21.0,,,,,2033,21,,,,,2031.0,0.0
0,76000,KELP,2030.0,4.0,2029.0,21.0,,,2031,5,2033.0,21.0,,,2030.5,0.0
0,76100,KELP,2029.0,26.0,,,,,2031,5,2033.0,26.0,,,2030.0,0.0
0,76200,KELP,2030.0,2.0,2029.0,20.0,,,2033,20,,,,,2031.5,0.0
0,76300,KELP,2029.0,21.0,,,,,2031,1,2033.0,22.0,,,2030.0,0.0
0,76400,KELP,2029.0,28.0,,,,,2030,3,2033.0,28.0,,,2029.5,0.0
0,76500,KELP,2029.0,21.0,,,,,2033,21,,,,,2031.0,0.0
0,76600,KELP,2031.0,1.0,2029.0,38.0,,,2032,30,,,,,2031.5,0.0
0,76700,KELP,2029.0,27.0,,,,,2032,26,,,,,2030.5,0.0
0,76800,KELP,2029.0,26.0,,,,,2032,27,,,,,2030.5,0.0
0,76900,KELP,2029.0,27.0,,,,,2032,23,,,,,2030.5,0.0
0,77000,KELP,2029.0,32.0,,,,,2031,4,2032.0,32.0,,,2030.0,0.0
0,77100,KELP,2029.0,35.0,,,,,2032,30,,,,,2030.5,0.0
0,77200,KELP,2029.0,30.0,,,,,2032,30,,,,,2030.5,0.0
0,77300,KELP,2028.0,24.0,,,,,2031,24,,,,,2029.5,0.0
0,77400,KELP,2028.0,25.0,,,,,2031,22,,,,,2029.5,0.0
0,77500,KELP,2028.0,36.0,,,,,2031,28,,,,,2029.5,0.0
0,77600,KELP,2029.0,3.0,2028.0,31.0,,,2031,31,,,,,2030.0,0.0
0,77700,KELP,2027.0,36.0,,,,,2030,28,,,,,2028.5,0.0
0,77800,KELP,2026.0,29.0,,,,,2030,29,,,,,2028.0,0.0
0,77900,KELP,2026.0,26.0,,,,,2030,26,,,,,2028.0,0.0
0,78000,KELP,2027.0,27.0,,,,,2030,28,,,,,2028.5,0.0
0,78100,KELP,2026.0,31.0,,,,,2030,31,,,,,2028.0,0.0
0,78200,KELP,2026.0,28.0,,,,,2030,28,,,,,2028.0,0.0
0,78300,KELP,2026.0,28.0,,,,,2030,28,,,,,2028.0,0.0
0,78400,KELP,2026.0,29.0,,,,,2029,28,,,,,2027.5,0.0
0,78500,KELP,2026.0,21.0,,,,,2029,21,,,,,2027.5,0.0
0,78600,KELP,2026.0,32.0,,,,,2028,1,2029.0,32.0,,,2027.0,0.0
0,78700,KELP,2026.0,21.0,,,,,2029,21,,,,,2027.5,0.0
0,78800,KELP,2028.0,1.0,2026.0,29.0,,,2029,29,,,,,2028.5,0.0
0,78900,KELP,2026.0,1.0,2025.0,29.0,,,2029,30,,,,,2027.5,0.0
0,79000,KELP,2025.0,24.0,,,,,2028,1,2029.0,23.0,,,2026.5,0.0
0,79100,KELP,2027.0,3.0,2025.0,24.0,,,2029,24,,,,,2028.0,0.0
0,79200,KELP,2025.0,26.0,,,,,2027,6,2028.0,1.0,2029.0,25.0,2026.0,0.0
0,79300,KELP,2025.0,23.0,,,,,2028,1,2029.0,22.0,,,2026.5,0.0
0,79400,KELP,2025.0,22.0,,,,,2028,22,,,,,2026.5,0.0
0,79500,KELP,2025.0,28.0,,,,,2028,2,2029.0,26.0,,,2026.5,0.0
0,79600,KELP,2025.0,24.0,,,,,2028,24,,,,,2026.5,0.0
0,79700,KELP,2025.0,31.0,,,,,2028,31,,,,,2026.5,0.0
0,79800,KELP,2027.0,1.0,2025.0,26.0,,,2028,26,,,,,2027.5,0.0
0,79900,KELP,2026.0,7.0,2025.0,22.0,,,2029,22,,,,,2027.5,0.0
0,80000,KELP,2026.0,6.0,2025.0,25.0,,,2029,25,,,,,2027.5,0.0
0,80100,KELP,2025.0,23.0,,,,,2027,4,2029.0,23.0,,,2026.0,0.0
0,80200,KELP,2025.0,22.0,,,,,2028,22,,,,,2026.5,0.0
0,80300,KELP,2024.0,23.0,,,,,2028,23,,,,,2026.0,0.0
0,80400,KELP,2024.0,21.0,,,,,2025,1,2028.0,22.0,,,2024.5,0.0
0,80500,KELP,2025.0,27.0,,,,,2027,4,2028.0,27.0,,,2026.0,0.0
0,80600,KELP,2025.0,5.0,2024.0,21.0,,,2028,21,,,,,2026.5,0.0
0,80700,KELP,2024.0,31.0,,,,,2027,1,2028.0,30.0,,,2025.5,0.0
0,80800,KELP,2025.0,30.0,,,,,2027,2,2028.0,30.0,,,2026.0,0.0
0,80900,KELP,2025.0,26.0,,,,,2028,2,2029.0,24.0,,,2026.5,0.0
0,81000,KELP,2025.0,22.0,,,,,2029,22,,,,,2027.0,0.0
0,81100,KELP,2026.0,2.0,2025.0,24.0,,,2027,4,2029.0,26.0,,,2026.5,0.0
0,81200,KELP,2026.0,23.0,,,,,2028,1,2029.0,23.0,,,2027.0,0.0
0,81300,KELP,2026.0,29.0,,,,,2028,4,2029.0,29.0,,,2027.0,0.0
0,81400,KELP,2026.0,31.0,,,,,2029,31,,,,,2027.5,0.0
0,81500,KELP,2026.0,4.0,2025.0,28.0,,,2029,30,,,,,2027.5,0.0
0,81600,KELP,2026.0,29.0,,,,,2029,25,,,,,2027.5,0.0
0,81700,KELP,2026.0,25.0,,,,,2028,1,2029.0,26.0,,,2027.0,0.0
0,81800,KELP,2028.0,1.0,2027.0,1.0,2026.0,28.0,2029,2,2030.0,26.0,,,2028.5,0.0
0,81900,KELP,2026.0,20.0,,,,,2029,24,,,,,2027.5,0.0
0,82000,KELP,2026.0,23.0,,,,,2029,24,,,,,2027.5,0.0
0,82100,KELP,2026.0,24.0,,,,,2029,2,2030.0,22.0,,,2027.5,0.0
0,82200,KELP,2026.0,24.0,,,,,2029,24,,,,,2027.5,0.0
0,82300,KELP,2026.0,30.0,,,,,2030,30,,,,,2028.0,0.0
0,82400,KELP,2026.0,25.0,,,,,2029,25,,,,,2027.5,0.0
0,82500,KELP,2028.0,1.0,2026.0,26.0,,,2029,26,,,,,2028.5,0.0
0,82600,KELP,2026.0,28.0,,,,,2029,26,,,,,2027.5,0.0
0,82700,KELP,2026.0,27.0,,,,,2029,28,,,,,2027.5,0.0
0,82800,KELP,2026.0,23.0,,,,,2029,23,,,,,2027.5,0.0
0,82900,KELP,2026.0,22.0,,,,,2028,6,2029.0,22.0,,,2027.0,0.0
0,83000,KELP,2025.0,23.0,,,,,2029,23,,,,,2027.0,0.0
0,83100,KELP,2025.0,28.0,,,,,2029,28,,,,,2027.0,0.0
0,83200,KELP,2025.0,30.0,,,,,2029,30,,,,,2027.0,0.0
0,83300,KELP,2025.0,30.0,,,,,2028,30,,,,,2026.5,0.0
0,83400,KELP,2025.0,20.0,,,,,2028,1,2029.0,26.0,,,2026.5,0.0
0,83500,KELP,2025.0,24.0,,,,,2027,1,2028.0,24.0,,,2026.0,0.0
0,83600,KELP,2026.0,27.0,,,,,2029,27,,,,,2027.5,0.0
0,83700,KELP,2026.0,29.0,,,,,2029,29,,,,,2027.5,0.0
0,83800,KELP,2026.0,24.0,,,,,2029,24,,,,,2027.5,0.0
0,83900,KELP,2026.0,25.0,,,,,2029,25,,,,,2027.5,0.0
0,84000,KELP,2026.0,22.0,,,,,2029,22,,,,,2027.5,0.0
0,84100,KELP,2028.0,1.0,2026.0,24.0,,,2029,24,,,,,2028.5,0.0
0,84200,KELP,2026.0,30.0,,,,,2028,5,2029.0,30.0,,,2027.0,0.0
0,84300,KELP,2026.0,26.0,,,,,2030,26,,,,,2028.0,0.0
0,84400,KELP,2026.0,24.0,,,,,2028,5,2030.0,24.0,,,2027.0,0.0
0,84500,KELP,2027.0,1.0,2026.0,27.0,,,2029,4,2030.0,28.0,,,2028.0,0.0
0,84600,KELP,2026.0,21.0,,,,,2030,21,,,,,2028.0,0.0
0,84700,KELP,2026.0,32.0,,,,,2030,32,,,,,2028.0,0.0
0,84800,KELP,2029.0,1.0,2027.0,23.0,,,2030,23,,,,,2029.5,0.0
0,84900,KELP,2027.0,29.0,,,,,2030,29,,,,,2028.5,0.0
0,85000,KELP,2027.0,29.0,,,,,2030,29,,,,,2028.5,0.0
0,85100,KELP,2027.0,22.0,,,,,2029,3,2030.0,22.0,,,2028.0,0.0
0,85200,KELP,2027.0,27.0,,,,,2029,2,2030.0,27.0,,,2028.0,0.0
0,85300,KELP,2027.0,22.0,,,,,2029,8,2030.0,22.0,,,2028.0,0.0
0,85400,KELP,2029.0,1.0,2027.0,34.0,,,2030,29,,,,,2029.5,0.0
0,85500,KELP,2027.0,2.0,2026.0,30.0,,,2030,32,,,,,2028.5,0.0
0,85600,KELP,2027.0,27.0,,,,,2030,27,,,,,2028.5,0.0
0,85700,KELP,2027.0,22.0,,,,,2030,22,,,,,2028.5,0.0
0,85800,KELP,2027.0,1.0,2026.0,22.0,,,2030,22,,,,,2028.5,0.0
0,85900,KELP,2027.0,8.0,2026.0,20.0,,,2030,21,,,,,2028.5,0.0
0,86000,KELP,2026.0,21.0,,,,,2028,1,2029.0,21.0,,,2027.0,0.0
0,86100,KELP,2026.0,27.0,,,,,2029,22,,,,,2027.5,0.0
0,86200,KELP,2026.0,22.0,,,,,2029,22,,,,,2027.5,0.0
0,86300,KELP,2026.0,23.0,,,,,2029,23,,,,,2027.5,0.0
0,86400,KELP,2026.0,23.0,,,,,2029,23,,,,,2027.5,0.0
0,86500,KELP,2026.0,30.0,,,,,2029,30,,,,,2027.5,0.0
0,86600,KELP,2026.0,27.0,,,,,2028,1,2029.0,27.0,,,2027.0,0.0
0,86700,KELP,2026.0,26.0,,,,,2030,26,,,,,2028.0,0.0
0,86800,KELP,2027.0,1.0,2026.0,20.0,,,2029,6,2030.0,21.0,,,2028.0,0.0
0,86900,KELP,2026.0,32.0,,,,,2028,7,2030.0,32.0,,,2027.0,0.0
0,87000,KELP,2027.0,2.0,2026.0,26.0,,,2028,5,2030.0,28.0,,,2027.5,0.0
0,87100,KELP,2027.0,32.0,,,,,2028,5,2030.0,32.0,,,2027.5,0.0
0,87200,KELP,2027.0,34.0,,,,,2030,27,,,,,2028.5,0.0
0,87300,KELP,2027.0,31.0,,,,,2029,5,2030.0,2.0,2031.0,29.0,2028.0,0.0
0,87400,KELP,2027.0,30.0,,,,,2031,30,,,,,2029.0,0.0
0,87500,KELP,2027.0,22.0,,,,,2029,1,2030.0,22.0,,,2028.0,0.0
0,87600,KELP,2027.0,26.0,,,,,2030,26,,,,,2028.5,0.0
0,87700,KELP,2027.0,23.0,,,,,2029,4,2031.0,23.0,,,2028.0,0.0
0,87800,KELP,2027.0,27.0,,,,,2030,2,2031.0,25.0,,,2028.5,0.0
0,87900,KELP,2029.0,1.0,2027.0,22.0,,,2031,22,,,,,2030.0,0.0
0,88000,KELP,2027.0,28.0,,,,,2030,28,,,,,2028.5,0.0
0,88100,KELP,2028.0,31.0,,,,,2031,31,,,,,2029.5,0.0
0,88200,KELP,2027.0,24.0,,,,,2030,24,,,,,2028.5,0.0
0,88300,KELP,2028.0,1.0,2027.0,29.0,,,2031,29,,,,,2029.5,0.0
0,88400,KELP,2029.0,9.0,2027.0,22.0,,,2031,22,,,,,2030.0,0.0
0,88500,KELP,2027.0,24.0,,,,,2031,24,,,,,2029.0,0.0
0,88600,KELP,2027.0,22.0,,,,,2030,1,2031.0,21.0,,,2028.5,0.0
0,88700,KELP,2027.0,28.0,,,,,2031,28,,,,,2029.0,0.0
0,88800,KELP,2028.0,2.0,2027.0,30.0,,,2031,30,,,,,2029.5,0.0
0,88900,KELP,2028.0,2.0,2027.0,29.0,,,2030,5,2031.0,31.0,,,2029.0,0.0
0,89000,KELP,2028.0,28.0,,,,,2031,28,,,,,2029.5,0.0
0,89100,KELP,2030.0,1.0,2028.0,24.0,,,2031,24,,,,,2030.5,0.0
0,89200,KELP,2030.0,1.0,2028.0,25.0,,,2031,25,,,,,2030.5,0.0
0,89300,KELP,2028.0,28.0,,,,,2031,28,,,,,2029.5,0.0
0,89400,KELP,2028.0,23.0,,,,,2031,23,,,,,2029.5,0.0
0,89500,KELP,2030.0,1.0,2028.0,28.0,,,2031,28,,,,,2030.5,0.0
0,89600,KELP,2028.0,1.0,2027.0,25.0,,,2030,4,2031.0,26.0,,,2029.0,0.0
0,89700,KELP,2027.0,21.0,,,,,2031,21,,,,,2029.0,0.0
0,89800,KELP,2029.0,6.0,2028.0,31.0,,,2031,31,,,,,2030.0,0.0
0,89900,KELP,2028.0,30.0,,,,,2031,22,,,,,2029.5,0.0
0,90000,KELP,2028.0,29.0,,,,,2031,29,,,,,2029.5,0.0
0,90100,KELP,2028.0,1.0,2027.0,21.0,,,2031,22,,,,,2029.5,0.0
0,90200,KELP,2028.0,24.0,,,,,2031,24,,,,,2029.5,0.0
0,90300,KELP,2028.0,36.0,,,,,2031,28,,,,,2029.5,0.0
0,90400,KELP,2028.0,26.0,,,,,2030,1,2031.0,26.0,,,2029.0,0.0
0,90500,KELP,2028.0,27.0,,,,,2031,27,,,,,2029.5,0.0
0,90600,KELP,2028.0,28.0,,,,,2031,24,,,,,2029.5,0.0
0,90700,KELP,2028.0,23.0,,,,,2030,8,2031.0,23.0,,,2029.0,0.0
0,90800,KELP,2027.0,25.0,,,,,2028,3,2031.0,27.0,,,2027.5,0.0
0,90900,KELP,2027.0,23.0,,,,,2031,23,,,,,2029.0,0.0
0,91000,KELP,2027.0,29.0,,,,,2031,29,,,,,2029.0,0.0
0,91100,KELP,2028.0,29.0,,,,,2031,29,,,,,2029.5,0.0
0,91200,KELP,2028.0,24.0,,,,,2029,2,2031.0,24.0,,,2028.5,0.0
0,91300,KELP,2028.0,2.0,2027.0,28.0,,,2031,30,,,,,2029.5,0.0
0,91400,KELP,2027.0,27.0,,,,,2028,1,2031.0,27.0,,,2027.5,0.0
0,91500,KELP,2028.0,30.0,,,,,2031,30,,,,,2029.5,0.0
0,91600,KELP,2028.0,21.0,,,,,2030,2,2031.0,22.0,,,2029.0,0.0
0,91700,KELP,2028.0,31.0,,,,,2031,31,,,,,2029.5,0.0
0,91800,KELP,2028.0,30.0,,,,,2031,30,,,,,2029.5,0.0
0,91900,KELP,2030.0,1.0,2028.0,24.0,,,2031,24,,,,,2030.5,0.0
0,92000,KELP,2028.0,1.0,2027.0,25.0,,,2031,26,,,,,2029.5,0.0
0,92100,KELP,2027.0,23.0,,,,,2031,23,,,,,2029.0,0.0
0,92200,KELP,2027.0,26.0,,,,,2030,26,,,,,2028.5,0.0
0,92300,KELP,2027.0,27.0,,,,,2029,7,2030.0,27.0,,,2028.0,0.0
0,92400,KELP,2029.0,1.0,2027.0,22.0,,,2030,22,,,,,2029.5,0.0
0,92500,KELP,2027.0,22.0,,,,,2030,22,,,,,2028.5,0.0
0,92600,KELP,2026.0,26.0,,,,,2030,26,,,,,2028.0,0.0
0,92700,KELP,2027.0,21.0,,,,,2030,21,,,,,2028.5,0.0
0,92800,KELP,2027.0,20.0,,,,,2030,20,,,,,2028.5,0.0
0,92900,KELP,2026.0,25.0,,,,,2030,25,,,,,2028.0,0.0
0,93000,KELP,2027.0,25.0,,,,,2030,25,,,,,2028.5,0.0
0,93100,KELP,2027.0,28.0,,,,,2030,28,,,,,2028.5,0.0
0,93200,KELP,2027.0,30.0,,,,,2030,30,,,,,2028.5,0.0
0,93300,KELP,2027.0,34.0,,,,,2030,30,,,,,2028.5,0.0
0,93400,KELP,2027.0,30.0,,,,,2030,30,,,,,2028.5,0.0
0,93500,KELP,2027.0,20.0,,,,,2030,20,,,,,2028.5,0.0
0,93600,KELP,2027.0,21.0,,,,,2028,2,2029.0,7.0,2030.0,21.0,2027.5,0.0
0,93700,KELP,2027.0,25.0,,,,,2029,3,2030.0,25.0,,,2028.0,0.0
0,93800,KELP,2027.0,1.0,2026.0,25.0,,,2030,26,,,,,2028.5,0.0
0,93900,KELP,2027.0,28.0,,,,,2030,28,,,,,2028.5,0.0
0,94000,KELP,2029.0,1.0,2027.0,21.0,,,2030,21,,,,,2029.5,0.0
0,94100,KELP,2027.0,27.0,,,,,2029,6,2030.0,27.0,,,2028.0,0.0
0,94200,KELP,2027.0,23.0,,,,,2030,23,,,,,2028.5,0.0
0,94300,KELP,2027.0,26.0,,,,,2030,26,,,,,2028.5,0.0
0,94400,KELP,2027.0,20.0,,,,,2030,29,,,,,2028.5,0.0
0,94500,KELP,2027.0,20.0,,,,,2030,20,,,,,2028.5,0.0
0,94600,KELP,2027.0,25.0,,,,,2030,25,,,,,2028.5,0.0
0,94700,KELP,2027.0,20.0,,,,,2030,20,,,,,2028.5,0.0
0,94800,KELP,2027.0,24.0,,,,,2029,8,2030.0,24.0,,,2028.0,0.0
0,94900,KELP,2027.0,30.0,,,,,2030,2,2031.0,28.0,,,2028.5,0.0
0,95000,KELP,2027.0,28.0,,,,,2031,28,,,,,2029.0,0.0
0,95100,KELP,2027.0,21.0,,,,,2031,21,,,,,2029.0,0.0
0,95200,KELP,2027.0,22.0,,,,,2031,22,,,,,2029.0,0.0
0,95300,KELP,2027.0,23.0,,,,,2031,23,,,,,2029.0,0.0
0,95400,KELP,2028.0,31.0,,,,,2031,31,,,,,2029.5,0.0
0,95500,KELP,2028.0,28.0,,,,,2030,7,2031.0,28.0,,,2029.0,0.0
0,95600,KELP,2030.0,3.0,2028.0,23.0,,,2031,23,,,,,2030.5,0.0
0,95700,KELP,2028.0,26.0,,,,,2031,26,,,,,2029.5,0.0
0,95800,KELP,2028.0,28.0,,,,,2031,28,,,,,2029.5,0.0
0,95900,KELP,2027.0,25.0,,,,,2030,1,2031.0,25.0,,,2028.5,0.0
0,96000,KELP,2028.0,31.0,,,,,2031,30,,,,,2029.5,0.0
0,96100,KELP,2028.0,22.0,,,,,2031,22,,,,,2029.5,0.0
0,96200,KELP,2028.0,22.0,,,,,2030,4,2031.0,22.0,,,2029.0,0.0
0,96300,KELP,2030.0,1.0,2028.0,22.0,,,2031,22,,,,,2030.5,0.0
0,96400,KELP,2028.0,33.0,,,,,2031,32,,,,,2029.5,0.0
0,96500,KELP,2028.0,30.0,,,,,2031,30,,,,,2029.5,0.0
0,96600,KELP,2028.0,22.0,,,,,2031,20,,,,,2029.5,0.0
0,96700,KELP,2028.0,24.0,,,,,2030,8,2031.0,24.0,,,2029.0,0.0
0,96800,KELP,2028.0,26.0,,,,,2031,26,,,,,2029.5,0.0
0,96900,KELP,2030.0,1.0,2028.0,31.0,,,2031,28,,,,,2030.5,0.0
0,97000,KELP,2028.0,22.0,,,,,2031,22,,,,,2029.5,0.0
0,97100,KELP,2028.0,32.0,,,,,2030,4,2031.0,32.0,,,2029.0,0.0
0,97200,KELP,2028.0,22.0,,,,,2031,22,,,,,2029.5,0.0
0,97300,KELP,2028.0,28.0,,,,,2031,28,,,,,2029.5,0.0
0,97400,KELP,2028.0,29.0,,,,,2031,23,,,,,2029.5,0.0
0,97500,KELP,2028.0,25.0,,,,,2031,24,,,,,2029.5,0.0
0,97600,KELP,2028.0,26.0,,,,,2031,26,,,,,2029.5,0.0
0,97700,KELP,2028.0,27.0,,,,,2030,5,2031.0,27.0,,,2029.0,0.0
0,97800,KELP,2028.0,24.0,,,,,2031,24,,,,,2029.5,0.0
0,97900,KELP,2028.0,28.0,,,,,2031,28,,,,,2029.5,0.0
0,98000,KELP,2028.0,22.0,,,,,2031,22,,,,,2029.5,0.0
0,98100,KELP,2028.0,30.0,,,,,2031,30,,,,,2029.5,0.0
0,98200,KELP,2028.0,21.0,,,,,2031,21,,,,,2029.5,0.0
0,98300,KELP,2028.0,28.0,,,,,2031,28,,,,,2029.5,0.0
0,98400,KELP,2028.0,23.0,,,,,2031,23,,,,,2029.5,0.0
0,98500,KELP,2028.0,27.0,,,,,2031,27,,,,,2029.5,0.0
0,98600,KELP,2028.0,31.0,,,,,2030,8,2031.0,31.0,,,2029.0,0.0
0,98700,KELP,2028.0,27.0,,,,,2030,5,2031.0,27.0,,,2029.0,0.0
0,98800,KELP,2028.0,21.0,,,,,2031,21,,,,,2029.5,0.0
0,98900,KELP,2029.0,4.0,2028.0,25.0,,,2031,25,,,,,2030.0,0.0
0,99000,KELP,2028.0,24.0,,,,,2031,24,,,,,2029.5,0.0
0,99100,KELP,2028.0,28.0,,,,,2031,28,,,,,2029.5,0.0
0,99200,KELP,2030.0,3.0,2028.0,24.0,,,2031,24,,,,,2030.5,0.0
0,99300,KELP,2028.0,24.0,,,,,2031,27,,,,,2029.5,0.0
0,99400,KELP,2028.0,27.0,,,,,2030,3,2031.0,27.0,,,2029.0,0.0
0,99500,KELP,2028.0,23.0,,,,,2031,23,,,,,2029.5,0.0
0,99600,KELP,2028.0,28.0,,,,,2031,28,,,,,2029.5,0.0
0,99700,KELP,2028.0,29.0,,,,,2031,29,,,,,2029.5,0.0
0,99800,KELP,2028.0,22.0,,,,,2031,26,,,,,2029.5,0.0
0,99900,KELP,2028.0,29.0,,,,,2031,26,,,,,2029.5,0.0
0,100000,KELP,2028.0,22.0,,,,,2031,22,,,,,2029.5,0.0
0,100100,KELP,2028.0,25.0,,,,,2031,1,2032.0,25.0,,,2029.5,0.0
0,100200,KELP,2028.0,30.0,,,,,2032,30,,,,,2030.0,0.0
0,100300,KELP,2028.0,28.0,,,,,2031,28,,,,,2029.5,0.0
0,100400,KELP,2028.0,29.0,,,,,2031,25,,,,,2029.5,0.0
0,100500,KELP,2028.0,28.0,,,,,2031,27,,,,,2029.5,0.0
0,100600,KELP,2030.0,1.0,2028.0,25.0,,,2031,23,,,,,2030.5,0.0
0,100700,KELP,2029.0,6.0,2028.0,30.0,,,2032,30,,,,,2030.5,0.0
0,100800,KELP,2028.0,23.0,,,,,2030,7,2031.0,1.0,2032.0,22.0,2029.0,0.0
0,100900,KELP,2028.0,24.0,,,,,2032,24,,,,,2030.0,0.0
0,101000,KELP,2028.0,27.0,,,,,2031,22,,,,,2029.5,0.0
0,101100,KELP,2030.0,11.0,2028.0,27.0,,,2031,27,,,,,2030.5,0.0
0,101200,KELP,2028.0,28.0,,,,,2031,28,,,,,2029.5,0.0
0,101300,KELP,2028.0,20.0,,,,,2031,20,,,,,2029.5,0.0
0,101400,KELP,2028.0,21.0,,,,,2032,21,,,,,2030.0,0.0
0,101500,KELP,2029.0,21.0,,,,,2031,1,2032.0,21.0,,,2030.0,0.0
0,101600,KELP,2029.0,24.0,,,,,2032,24,,,,,2030.5,0.0
0,101700,KELP,2029.0,31.0,,,,,2032,27,,,,,2030.5,0.0
0,101800,KELP,2029.0,31.0,,,,,2031,1,2032.0,31.0,,,2030.0,0.0
0,101900,KELP,2029.0,17.0,,,,,2032,25,,,,,2030.5,0.0
0,102000,KELP,2029.0,28.0,,,,,2032,28,,,,,2030.5,0.0
0,102100,KELP,2029.0,37.0,,,,,2030,4,2032.0,29.0,,,2029.5,0.0
0,102200,KELP,2029.0,26.0,,,,,2032,26,,,,,2030.5,0.0
0,102300,KELP,2029.0,27.0,,,,,2031,6,2032.0,28.0,,,2030.0,0.0
0,102400,KELP,2029.0,23.0,,,,,2032,28,,,,,2030.5,0.0
0,102500,KELP,2029.0,27.0,,,,,2032,27,,,,,2030.5,0.0
0,102600,KELP,2029.0,28.0,,,,,2032,28,,,,,2030.5,0.0
0,102700,KELP,2029.0,21.0,,,,,2032,21,,,,,2030.5,0.0
0,102800,KELP,2029.0,27.0,,,,,2033,27,,,,,2031.0,0.0
0,102900,KELP,2031.0,1.0,2029.0,25.0,,,2032,25,,,,,2031.5,0.0
0,103000,KELP,2029.0,27.0,,,,,2033,27,,,,,2031.0,0.0
0,103100,KELP,2029.0,22.0,,,,,2030,6,2032.0,22.0,,,2029.5,0.0
0,103200,KELP,2029.0,30.0,,,,,2033,30,,,,,2031.0,0.0
0,103300,KELP,2029.0,23.0,,,,,2032,22,,,,,2030.5,0.0
0,103400,KELP,2029.0,27.0,,,,,2033,27,,,,,2031.0,0.0
0,103500,KELP,2030.0,27.0,,,,,2033,27,,,,,2031.5,0.0
0,103600,KELP,2029.0,27.0,,,,,2033,27,,,,,2031.0,0.0
0,103700,KELP,2029.0,30.0,,,,,2033,30,,,,,2031.0,0.0
0,103800,KELP,2030.0,2.0,2029.0,30.0,,,2032,2,2033.0,32.0,,,2031.0,0.0
0,103900,KELP,2030.0,1.0,2029.0,27.0,,,2033,28,,,,,2031.5,0.0
0,104000,KELP,2029.0,22.0,,,,,2033,22,,,,,2031.0,0.0
0,104100,KELP,2030.0,1.0,2029.0,30.0,,,2033,31,,,,,2031.5,0.0
0,104200,KELP,2030.0,31.0,,,,,2032,8,2033.0,31.0,,,2031.0,0.0
0,104300,KELP,2030.0,21.0,,,,,2032,3,2033.0,21.0,,,2031.0,0.0
0,104400,KELP,2030.0,24.0,,,,,2031,6,2033.0,24.0,,,2030.5,0.0
0,104500,KELP,2030.0,31.0,,,,,2033,31,,,,,2031.5,0.0
0,104600,KELP,2030.0,26.0,,,,,2033,26,,,,,2031.5,0.0
0,104700,KELP,2029.0,30.0,,,,,2031,5,2033.0,30.0,,,2030.0,0.0
0,104800,KELP,2029.0,21.0,,,,,2033,21,,,,,2031.0,0.0
0,104900,KELP,2029.0,24.0,,,,,2031,3,2032.0,1.0,2033.0,23.0,2030.0,0.0
0,105000,KELP,2029.0,21.0,,,,,2033,21,,,,,2031.0,0.0
0,105100,KELP,2029.0,22.0,,,,,2033,22,,,,,2031.0,0.0
0,105200,KELP,2029.0,30.0,,,,,2032,30,,,,,2030.5,0.0
0,105300,KELP,2029.0,31.0,,,,,2031,8,2032.0,31.0,,,2030.0,0.0
0,105400,KELP,2029.0,23.0,,,,,2032,23,,,,,2030.5,0.0
0,105500,KELP,2029.0,28.0,,,,,2031,6,2032.0,29.0,,,2030.0,0.0
0,105600,KELP,2029.0,28.0,,,,,2032,28,,,,,2030.5,0.0
0,105700,KELP,2030.0,3.0,2029.0,29.0,,,2032,29,,,,,2031.0,0.0
0,105800,KELP,2029.0,38.0,,,,,2030,5,2032.0,2.0,2033.0,30.0,2029.5,0.0
0,105900,KELP,2029.0,23.0,,,,,2031,6,2032.0,23.0,,,2030.0,0.0
0,106000,KELP,2031.0,1.0,2029.0,33.0,,,2032,28,,,,,2031.5,0.0
0,106100,KELP,2029.0,25.0,,,,,2032,25,,,,,2030.5,0.0
0,106200,KELP,2029.0,29.0,,,,,2031,7,2032.0,29.0,,,2030.0,0.0
0,106300,KELP,2029.0,24.0,,,,,2032,25,,,,,2030.5,0.0
0,106400,KELP,2029.0,26.0,,,,,2032,27,,,,,2030.5,0.0
0,106500,KELP,2029.0,33.0,,,,,2032,25,,,,,2030.5,0.0
0,106600,KELP,2029.0,30.0,,,,,2032,30,,,,,2030.5,0.0
0,106700,KELP,2029.0,31.0,,,,,2031,3,2032.0,31.0,,,2030.0,0.0
0,106800,KELP,2028.0,27.0,,,,,2032,27,,,,,2030.0,0.0
0,106900,KELP,2028.0,23.0,,,,,2032,23,,,,,2030.0,0.0
0,107000,KELP,2028.0,29.0,,,,,2031,1,2032.0,30.0,,,2029.5,0.0
0,107100,KELP,2029.0,1.0,2028.0,26.0,,,2032,27,,,,,2030.5,0.0
0,107200,KELP,2029.0,2.0,2028.0,21.0,,,2032,23,,,,,2030.5,0.0
0,107300,KELP,2029.0,1.0,2028.0,22.0,,,2032,23,,,,,2030.5,0.0
0,107400,KELP,2028.0,29.0,,,,,2032,29,,,,,2030.0,0.0
0,107500,KELP,2029.0,27.0,,,,,2031,5,2032.0,27.0,,,2030.0,0.0
0,107600,KELP,2029.0,24.0,,,,,2032,25,,,,,2030.5,0.0
0,107700,KELP,2029.0,21.0,,,,,2032,21,,,,,2030.5,0.0
0,107800,KELP,2029.0,31.0,,,,,2031,2,2032.0,31.0,,,2030.0,0.0
0,107900,KELP,2031.0,1.0,2029.0,30.0,,,2032,25,,,,,2031.5,0.0
0,108000,KELP,2029.0,9.0,2028.0,21.0,,,2032,23,,,,,2030.5,0.0
0,108100,KELP,2028.0,30.0,,,,,2032,30,,,,,2030.0,0.0
0,108200,KELP,2028.0,25.0,,,,,2032,25,,,,,2030.0,0.0
0,108300,KELP,2029.0,26.0,,,,,2031,4,2032.0,27.0,,,2030.0,0.0
0,108400,KELP,2029.0,20.0,,,,,2032,20,,,,,2030.5,0.0
0,108500,KELP,2028.0,30.0,,,,,2029,5,2032.0,30.0,,,2028.5,0.0
0,108600,KELP,2030.0,4.0,2029.0,2.0,2028.0,31.0,2032,31,,,,,2031.0,0.0
0,108700,KELP,2028.0,27.0,,,,,2032,27,,,,,2030.0,0.0
0,108800,KELP,2031.0,1.0,2028.0,26.0,,,2032,26,,,,,2031.5,0.0
0,108900,KELP,2028.0,23.0,,,,,2032,23,,,,,2030.0,0.0
0,109000,KELP,2029.0,1.0,2028.0,23.0,,,2032,24,,,,,2030.5,0.0
0,109100,KELP,2028.0,22.0,,,,,2030,2,2032.0,22.0,,,2029.0,0.0
0,109200,KELP,2030.0,9.0,2028.0,25.0,,,2032,25,,,,,2031.0,0.0
0,109300,KELP,2029.0,1.0,2028.0,24.0,,,2032,25,,,,,2030.5,0.0
0,109400,KELP,2028.0,25.0,,,,,2029,1,2032.0,25.0,,,2028.5,0.0
0,109500,KELP,2028.0,30.0,,,,,2030,2,2032.0,30.0,,,2029.0,0.0
0,109600,KELP,2028.0,20.0,,,,,2030,8,2032.0,21.0,,,2029.0,0.0
0,109700,KELP,2029.0,4.0,2028.0,28.0,,,2031,2,2032.0,26.0,,,2030.0,0.0
0,109800,KELP,2028.0,27.0,,,,,2030,6,2031.0,2.0,2032.0,25.0,2029.0,0.0
0,109900,KELP,2028.0,29.0,,,,,2032,29,,,,,2030.0,0.0
0,110000,KELP,2028.0,25.0,,,,,2030,2,2032.0,25.0,,,2029.0,0.0
0,110100,KELP,2030.0,1.0,2028.0,25.0,,,2032,25,,,,,2031.0,0.0
0,110200,KELP,2028.0,27.0,,,,,2032,28,,,,,2030.0,0.0
0,110300,KELP,2028.0,27.0,,,,,2032,27,,,,,2030.0,0.0
0,110400,KELP,2028.0,26.0,,,,,2032,26,,,,,2030.0,0.0
0,110500,KELP,2028.0,21.0,,,,,2030,5,2031.0,21.0,,,2029.0,0.0
0,110600,KELP,2028.0,1.0,2027.0,26.0,,,2031,27,,,,,2029.5,0.0
0,110700,KELP,2028.0,25.0,,,,,2031,25,,,,,2029.5,0.0
0,110800,KELP,2028.0,24.0,,,,,2031,24,,,,,2029.5,0.0
0,110900,KELP,2027.0,26.0,,,,,2030,26,,,,,2028.5,0.0
0,111000,KELP,2029.0,7.0,2027.0,29.0,,,2030,26,,,,,2029.5,0.0
0,111100,KELP,2027.0,21.0,,,,,2030,21,,,,,2028.5,0.0
0,111200,KELP,2027.0,21.0,,,,,2028,2,2031.0,21.0,,,2027.5,0.0
0,111300,KELP,2027.0,29.0,,,,,2031,30,,,,,2029.0,0.0
0,111400,KELP,2027.0,21.0,,,,,2031,21,,,,,2029.0,0.0
0,111500,KELP,2027.0,24.0,,,,,2029,4,2031.0,24.0,,,2028.0,0.0
0,111600,KELP,2027.0,25.0,,,,,2031,25,,,,,2029.0,0.0
0,111700,KELP,2027.0,20.0,,,,,2031,20,,,,,2029.0,0.0
0,111800,KELP,2027.0,25.0,,,,,2031,25,,,,,2029.0,0.0
0,111900,KELP,2027.0,24.0,,,,,2031,24,,,,,2029.0,0.0
0,112000,KELP,2027.0,24.0,,,,,2029,5,2031.0,24.0,,,2028.0,0.0
0,112100,KELP,2027.0,25.0,,,,,2031,25,,,,,2029.0,0.0
0,112200,KELP,2027.0,20.0,,,,,2029,4,2030.0,20.0,,,2028.0,0.0
0,112300,KELP,2028.0,5.0,2027.0,25.0,,,2031,27,,,,,2029.5,0.0
0,112400,KELP,2027.0,28.0,,,,,2029,8,2031.0,28.0,,,2028.0,0.0
0,112500,KELP,2027.0,25.0,,,,,2031,25,,,,,2029.0,0.0
0,112600,KELP,2027.0,29.0,,,,,2031,29,,,,,2029.0,0.0
0,112700,KELP,2028.0,1.0,2027.0,21.0,,,2031,22,,,,,2029.5,0.0
0,112800,KELP,2029.0,4.0,2027.0,27.0,,,2031,27,,,,,2030.0,0.0
0,112900,KELP,2028.0,25.0,,,,,2031,25,,,,,2029.5,0.0
0,113000,KELP,2028.0,34.0,,,,,2031,30,,,,,2029.5,0.0
0,113100,KELP,2028.0,22.0,,,,,2031,22,,,,,2029.5,0.0
0,113200,KELP,2028.0,32.0,,,,,2031,25,,,,,2029.5,0.0
0,113300,KELP,2028.0,22.0,,,,,2031,22,,,,,2029.5,0.0
0,113400,KELP,2028.0,29.0,,,,,2031,29,,,,,2029.5,0.0
0,113500,KELP,2030.0,1.0,2028.0,29.0,,,2031,29,,,,,2030.5,0.0
0,113600,KELP,2028.0,24.0,,,,,2031,24,,,,,2029.5,0.0
0,113700,KELP,2028.0,27.0,,,,,2031,27,,,,,2029.5,0.0
0,113800,KELP,2028.0,25.0,,,,,2031,25,,,,,2029.5,0.0
0,113900,KELP,2028.0,21.0,,,,,2031,21,,,,,2029.5,0.0
0,114000,KELP,2028.0,27.0,,,,,2031,2,2032.0,25.0,,,2029.5,0.0
0,114100,KELP,2030.0,1.0,2028.0,30.0,,,2032,30,,,,,2031.0,0.0
0,114200,KELP,2029.0,1.0,2028.0,30.0,,,2032,31,,,,,2030.5,0.0
0,114300,KELP,2028.0,21.0,,,,,2030,2,2032.0,21.0,,,2029.0,0.0
0,114400,KELP,2028.0,31.0,,,,,2031,27,,,,,2029.5,0.0
0,114500,KELP,2028.0,26.0,,,,,2031,27,,,,,2029.5,0.0
0,114600,KELP,2028.0,28.0,,,,,2032,28,,,,,2030.0,0.0
0,114700,KELP,2028.0,30.0,,,,,2031,2,2032.0,28.0,,,2029.5,0.0
0,114800,KELP,2028.0,21.0,,,,,2032,21,,,,,2030.0,0.0
0,114900,KELP,2028.0,27.0,,,,,2031,2,2032.0,25.0,,,2029.5,0.0
0,115000,KELP,2028.0,30.0,,,,,2031,2,2032.0,28.0,,,2029.5,0.0
0,115100,KELP,2030.0,7.0,2028.0,27.0,,,2032,27,,,,,2031.0,0.0
0,115200,KELP,2028.0,28.0,,,,,2032,28,,,,,2030.0,0.0
0,115300,KELP,2028.0,30.0,,,,,2030,4,2032.0,30.0,,,2029.0,0.0
0,115400,KELP,2028.0,29.0,,,,,2032,29,,,,,2030.0,0.0
0,115500,KELP,2029.0,2.0,2028.0,23.0,,,2032,25,,,,,2030.5,0.0
0,115600,KELP,2029.0,34.0,,,,,2032,31,,,,,2030.5,0.0
0,115700,KELP,2029.0,35.0,,,,,2032,31,,,,,2030.5,0.0
0,115800,KELP,2029.0,30.0,,,,,2032,30,,,,,2030.5,0.0
0,115900,KELP,2029.0,28.0,,,,,2032,28,,,,,2030.5,0.0
0,116000,KELP,2029.0,38.0,,,,,2032,30,,,,,2030.5,0.0
0,116100,KELP,2029.0,28.0,,,,,2031,6,2032.0,28.0,,,2030.0,0.0
0,116200,KELP,2028.0,26.0,,,,,2032,26,,,,,2030.0,0.0
0,116300,KELP,2029.0,2.0,2028.0,24.0,,,2032,26,,,,,2030.5,0.0
0,116400,KELP,2029.0,2.0,2028.0,29.0,,,2032,31,,,,,2030.5,0.0
0,116500,KELP,2031.0,1.0,2029.0,2.0,2028.0,27.0,2032,29,,,,,2031.5,0.0
0,116600,KELP,2028.0,30.0,,,,,2029,8,2032.0,30.0,,,2028.5,0.0
0,116700,KELP,2029.0,1.0,2028.0,23.0,,,2032,23,,,,,2030.5,0.0
0,116800,KELP,2028.0,30.0,,,,,2032,30,,,,,2030.0,0.0
0,116900,KELP,2029.0,2.0,2028.0,29.0,,,2031,1,2032.0,28.0,,,2030.0,0.0
0,117000,KELP,2028.0,28.0,,,,,2031,21,,,,,2029.5,0.0
0,117100,KELP,2028.0,26.0,,,,,2030,4,2031.0,26.0,,,2029.0,0.0
0,117200,KELP,2028.0,23.0,,,,,2030,2,2031.0,1.0,2032.0,22.0,2029.0,0.0
0,117300,KELP,2028.0,21.0,,,,,2032,29,,,,,2030.0,0.0
0,117400,KELP,2030.0,1.0,2028.0,32.0,,,2031,32,,,,,2030.5,0.0
0,117500,KELP,2028.0,23.0,,,,,2030,6,2031.0,1.0,2032.0,22.0,2029.0,0.0
0,117600,KELP,2028.0,30.0,,,,,2031,23,,,,,2029.5,0.0
0,117700,KELP,2028.0,24.0,,,,,2030,7,2031.0,24.0,,,2029.0,0.0
0,117800,KELP,2028.0,23.0,,,,,2031,26,,,,,2029.5,0.0
0,117900,KELP,2028.0,36.0,,,,,2031,31,,,,,2029.5,0.0
0,118000,KELP,2030.0,1.0,2028.0,30.0,,,2031,30,,,,,2030.5,0.0
0,118100,KELP,2028.0,20.0,,,,,2030,1,2031.0,20.0,,,2029.0,0.0
0,118200,KELP,2029.0,4.0,2027.0,26.0,,,2031,26,,,,,2030.0,0.0
0,118300,KELP,2027.0,23.0,,,,,2028,1,2031.0,23.0,,,2027.5,0.0
0,118400,KELP,2028.0,1.0,2027.0,27.0,,,2031,28,,,,,2029.5,0.0
0,118500,KELP,2028.0,1.0,2027.0,28.0,,,2031,28,,,,,2029.5,0.0
0,118600,KELP,2028.0,2.0,2027.0,28.0,,,2029,7,2031.0,30.0,,,2028.5,0.0
0,118700,KELP,2028.0,29.0,,,,,2031,29,,,,,2029.5,0.0
0,118800,KELP,2028.0,24.0,,,,,2031,24,,,,,2029.5,0.0
0,118900,KELP,2028.0,28.0,,,,,2031,28,,,,,2029.5,0.0
0,119000,KELP,2028.0,27.0,,,,,2031,27,,,,,2029.5,0.0
0,119100,KELP,2028.0,25.0,,,,,2031,25,,,,,2029.5,0.0
0,119200,KELP,2028.0,29.0,,,,,2031,29,,,,,2029.5,0.0
0,119300,KELP,2028.0,23.0,,,,,2030,5,2031.0,23.0,,,2029.0,0.0
0,119400,KELP,2028.0,27.0,,,,,2031,27,,,,,2029.5,0.0
0,119500,KELP,2028.0,32.0,,,,,2031,27,,,,,2029.5,0.0
0,119600,KELP,2028.0,25.0,,,,,2031,25,,,,,2029.5,0.0
0,119700,KELP,2028.0,25.0,,,,,2031,25,,,,,2029.5,0.0
0,119800,KELP,2028.0,7.0,2027.0,26.0,,,2031,26,,,,,2029.5,0.0
0,119900,KELP,2028.0,25.0,,,,,2030,3,2031.0,25.0,,,2029.0,0.0
0,120000,KELP,2028.0,9.0,2027.0,27.0,,,2031,28,,,,,2029.5,0.0
0,120100,KELP,2029.0,6.0,2028.0,2.0,2027.0,20.0,2031,22,,,,,2030.0,0.0
0,120200,KELP,2028.0,22.0,,,,,2030,3,2031.0,23.0,,,2029.0,0.0
0,120300,KELP,2028.0,28.0,,,,,2031,28,,,,,2029.5,0.0
0,120400,KELP,2028.0,28.0,,,,,2031,28,,,,,2029.5,0.0
0,120500,KELP,2028.0,29.0,,,,,2030,8,2031.0,29.0,,,2029.0,0.0
0,120600,KELP,2028.0,27.0,,,,,2031,27,,,,,2029.5,0.0
0,120700,KELP,2028.0,21.0,,,,,2031,21,,,,,2029.5,0.0
0,120800,KELP,2029.0,2.0,2028.0,35.0,,,2031,28,,,,,2030.0,0.0
0,120900,KELP,2028.0,15.0,,,,,2031,24,,,,,2029.5,0.0
0,121000,KELP,2028.0,26.0,,,,,2031,26,,,,,2029.5,0.0
0,121100,KELP,2027.0,21.0,,,,,2031,21,,,,,2029.0,0.0
0,121200,KELP,2028.0,27.0,,,,,2031,27,,,,,2029.5,0.0
0,121300,KELP,2027.0,26.0,,,,,2031,27,,,,,2029.0,0.0
0,121400,KELP,2028.0,20.0,,,,,2031,20,,,,,2029.5,0.0
0,121500,KELP,2028.0,27.0,,,,,2031,27,,,,,2029.5,0.0
0,121600,KELP,2030.0,1.0,2028.0,2.0,2027.0,29.0,2031,31,,,,,2030.5,0.0
0,121700,KELP,2030.0,1.0,2028.0,26.0,,,2031,26,,,,,2030.5,0.0
0,121800,KELP,2028.0,27.0,,,,,2031,27,,,,,2029.5,0.0
0,121900,KELP,2028.0,22.0,,,,,2031,22,,,,,2029.5,0.0
0,122000,KELP,2028.0,31.0,,,,,2031,31,,,,,2029.5,0.0
0,122100,KELP,2028.0,25.0,,,,,2031,23,,,,,2029.5,0.0
0,122200,KELP,2028.0,28.0,,,,,2031,28,,,,,2029.5,0.0
0,122300,KELP,2028.0,29.0,,,,,2031,24,,,,,2029.5,0.0
0,122400,KELP,2028.0,22.0,,,,,2031,22,,,,,2029.5,0.0
0,122500,KELP,2028.0,24.0,,,,,2031,23,,,,,2029.5,0.0
0,122600,KELP,2030.0,1.0,2028.0,24.0,,,2031,24,,,,,2030.5,0.0
0,122700,KELP,2028.0,21.0,,,,,2030,8,2031.0,21.0,,,2029.0,0.0
0,122800,KELP,2028.0,31.0,,,,,2031,32,,,,,2029.5,0.0
0,122900,KELP,2028.0,23.0,,,,,2031,23,,,,,2029.5,0.0
0,123000,KELP,2028.0,27.0,,,,,2031,27,,,,,2029.5,0.0
0,123100,KELP,2029.0,3.0,2028.0,21.0,,,2031,21,,,,,2030.0,0.0
0,123200,KELP,2028.0,26.0,,,,,2030,3,2031.0,26.0,,,2029.0,0.0
0,123300,KELP,2028.0,21.0,,,,,2031,1,2032.0,20.0,,,2029.5,0.0
0,123400,KELP,2028.0,24.0,,,,,2031,1,2032.0,23.0,,,2029.5,0.0
0,123500,KELP,2028.0,30.0,,,,,2031,23,,,,,2029.5,0.0
0,123600,KELP,2028.0,30.0,,,,,2030,4,2031.0,30.0,,,2029.0,0.0
0,123700,KELP,2028.0,28.0,,,,,2031,28,,,,,2029.5,0.0
0,123800,KELP,2028.0,31.0,,,,,2031,31,,,,,2029.5,0.0
0,123900,KELP,2027.0,27.0,,,,,2028,1,2031.0,27.0,,,2027.5,0.0
0,124000,KELP,2028.0,25.0,,,,,2031,25,,,,,2029.5,0.0
0,124100,KELP,2028.0,3.0,2027.0,28.0,,,2031,28,,,,,2029.5,0.0
0,124200,KELP,2029.0,4.0,2028.0,2.0,2027.0,30.0,2031,32,,,,,2030.0,0.0
0,124300,KELP,2030.0,1.0,2028.0,23.0,,,2031,23,,,,,2030.5,0.0
0,124400,KELP,2028.0,24.0,,,,,2031,24,,,,,2029.5,0.0
0,124500,KELP,2028.0,23.0,,,,,2031,23,,,,,2029.5,0.0
0,124600,KELP,2028.0,30.0,,,,,2031,30,,,,,2029.5,0.0
0,124700,KELP,2028.0,32.0,,,,,2030,2,2031.0,32.0,,,2029.0,0.0
0,124800,KELP,2028.0,29.0,,,,,2031,28,,,,,2029.5,0.0
0,124900,KELP,2028.0,23.0,,,,,2030,7,2031.0,23.0,,,2029.0,0.0
0,125000,KELP,2028.0,27.0,,,,,2031,27,,,,,2029.5,0.0
0,125100,KELP,2030.0,1.0,2028.0,26.0,,,2031,26,,,,,2030.5,0.0
0,125200,KELP,2030.0,1.0,2028.0,24.0,,,2031,24,,,,,2030.5,0.0
0,125300,KELP,2028.0,25.0,,,,,2031,25,,,,,2029.5,0.0
0,125400,KELP,2028.0,26.0,,,,,2031,26,,,,,2029.5,0.0
0,125500,KELP,2028.0,26.0,,,,,2031,26,,,,,2029.5,0.0
0,125600,KELP,2028.0,31.0,,,,,2031,31,,,,,2029.5,0.0
0,125700,KELP,2028.0,26.0,,,,,2031,26,,,,,2029.5,0.0
0,125800,KELP,2028.0,25.0,,,,,2030,8,2031.0,25.0,,,2029.0,0.0
0,125900,KELP,2029.0,2.0,2028.0,26.0,,,2031,22,,,,,2030.0,0.0
0,126000,KELP,2028.0,22.0,,,,,2031,22,,,,,2029.5,0.0
0,126100,KELP,2028.0,31.0,,,,,2030,7,2031.0,31.0,,,2029.0,0.0
0,126200,KELP,2028.0,28.0,,,,,2030,1,2031.0,29.0,,,2029.0,0.0
0,126300,KELP,2028.0,23.0,,,,,2031,23,,,,,2029.5,0.0
0,126400,KELP,2028.0,31.0,,,,,2031,31,,,,,2029.5,0.0
0,126500,KELP,2028.0,31.0,,,,,2031,27,,,,,2029.5,0.0
0,126600,KELP,2028.0,30.0,,,,,2031,31,,,,,2029.5,0.0
0,126700,KELP,2028.0,23.0,,,,,2030,2,2031.0,23.0,,,2029.0,0.0
0,126800,KELP,2028.0,25.0,,,,,2030,6,2031.0,25.0,,,2029.0,0.0
0,126900,KELP,2028.0,21.0,,,,,2031,21,,,,,2029.5,0.0
0,127000,KELP,2028.0,28.0,,,,,2031,28,,,,,2029.5,0.0
0,127100,KELP,2028.0,28.0,,,,,2031,28,,,,,2029.5,0.0
0,127200,KELP,2028.0,20.0,,,,,2030,4,2031.0,20.0,,,2029.0,0.0
0,127300,KELP,2028.0,27.0,,,,,2031,27,,,,,2029.5,0.0
0,127400,KELP,2028.0,25.0,,,,,2031,25,,,,,2029.5,0.0
0,127500,KELP,2028.0,27.0,,,,,2031,27,,,,,2029.5,0.0
0,127600,KELP,2028.0,24.0,,,,,2031,26,,,,,2029.5,0.0
0,127700,KELP,2028.0,25.0,,,,,2031,25,,,,,2029.5,0.0
0,127800,KELP,2028.0,28.0,,,,,2029,5,2031.0,28.0,,,2028.5,0.0
0,127900,KELP,2028.0,30.0,,,,,2030,4,2031.0,30.0,,,2029.0,0.0
0,128000,KELP,2028.0,22.0,,,,,2031,22,,,,,2029.5,0.0
0,128100,KELP,2028.0,25.0,,,,,2029,2,2031.0,25.0,,,2028.5,0.0
0,128200,KELP,2028.0,32.0,,,,,2031,32,,,,,2029.5,0.0
0,128300,KELP,2028.0,26.0,,,,,2032,26,,,,,2030.0,0.0
0,128400,KELP,2029.0,32.0,,,,,2032,24,,,,,2030.5,0.0
0,128500,KELP,2028.0,30.0,,,,,2030,7,2032.0,30.0,,,2029.0,0.0
0,128600,KELP,2028.0,26.0,,,,,2030,3,2032.0,26.0,,,2029.0,0.0
0,128700,KELP,2028.0,23.0,,,,,2032,23,,,,,2030.0,0.0
0,128800,KELP,2028.0,29.0,,,,,2032,29,,,,,2030.0,0.0
0,128900,KELP,2028.0,29.0,,,,,2032,29,,,,,2030.0,0.0
0,129000,KELP,2029.0,1.0,2028.0,32.0,,,2031,2,2032.0,30.0,,,2030.0,0.0
0,129100,KELP,2028.0,21.0,,,,,2032,21,,,,,2030.0,0.0
0,129200,KELP,2028.0,24.0,,,,,2032,25,,,,,2030.0,0.0
0,129300,KELP,2028.0,20.0,,,,,2032,20,,,,,2030.0,0.0
0,129400,KELP,2028.0,20.0,,,,,2032,20,,,,,2030.0,0.0
0,129500,KELP,2029.0,1.0,2028.0,29.0,,,2032,29,,,,,2030.5,0.0
0,129600,KELP,2028.0,31.0,,,,,2032,31,,,,,2030.0,0.0
0,129700,KELP,2028.0,27.0,,,,,2030,2,2032.0,27.0,,,2029.0,0.0
0,129800,KELP,2028.0,26.0,,,,,2032,26,,,,,2030.0,0.0
0,129900,KELP,2028.0,21.0,,,,,2032,21,,,,,2030.0,0.0
0,130000,KELP,2028.0,32.0,,,,,2032,32,,,,,2030.0,0.0
0,130100,KELP,2031.0,1.0,2029.0,2.0,2028.0,22.0,2032,24,,,,,2031.5,0.0
0,130200,KELP,2029.0,26.0,,,,,2032,24,,,,,2030.5,0.0
0,130300,KELP,2029.0,29.0,,,,,2032,29,,,,,2030.5,0.0
0,130400,KELP,2030.0,2.0,2029.0,2.0,2028.0,28.0,2032,30,,,,,2031.0,0.0
0,130500,KELP,2029.0,25.0,,,,,2032,25,,,,,2030.5,0.0
0,130600,KELP,2029.0,23.0,,,,,2032,23,,,,,2030.5,0.0
0,130700,KELP,2029.0,27.0,,,,,2032,24,,,,,2030.5,0.0
0,130800,KELP,2029.0,27.0,,,,,2032,27,,,,,2030.5,0.0
0,130900,KELP,2029.0,24.0,,,,,2032,25,,,,,2030.5,0.0
0,131000,KELP,2029.0,24.0,,,,,2032,24,,,,,2030.5,0.0
0,131100,KELP,2028.0,27.0,,,,,2029,2,2032.0,29.0,,,2028.5,0.0
0,131200,KELP,2028.0,21.0,,,,,2032,22,,,,,2030.0,0.0
0,131300,KELP,2029.0,23.0,,,,,2032,22,,,,,2030.5,0.0
0,131400,KELP,2028.0,23.0,,,,,2032,23,,,,,2030.0,0.0
0,131500,KELP,2029.0,21.0,,,,,2032,21,,,,,2030.5,0.0
0,131600,KELP,2030.0,6.0,2029.0,36.0,,,2032,30,,,,,2031.0,0.0
0,131700,KELP,2029.0,23.0,,,,,2031,4,2032.0,23.0,,,2030.0,0.0
0,131800,KELP,2029.0,28.0,,,,,2032,28,,,,,2030.5,0.0
0,131900,KELP,2029.0,31.0,,,,,2032,25,,,,,2030.5,0.0
0,132000,KELP,2029.0,2.0,2028.0,22.0,,,2032,24,,,,,2030.5,0.0
0,132100,KELP,2029.0,1.0,2028.0,21.0,,,2032,21,,,,,2030.5,0.0
0,132200,KELP,2029.0,27.0,,,,,2032,26,,,,,2030.5,0.0
0,132300,KELP,2030.0,3.0,2029.0,25.0,,,2032,25,,,,,2031.0,0.0
0,132400,KELP,2029.0,23.0,,,,,2031,1,2032.0,23.0,,,2030.0,0.0
0,132500,KELP,2031.0,1.0,2029.0,24.0,,,2032,24,,,,,2031.5,0.0
0,132600,KELP,2029.0,24.0,,,,,2032,24,,,,,2030.5,0.0
0,132700,KELP,2029.0,31.0,,,,,2032,31,,,,,2030.5,0.0
0,132800,KELP,2029.0,35.0,,,,,2032,30,,,,,2030.5,0.0
0,132900,KELP,2029.0,21.0,,,,,2031,1,2032.0,21.0,,,2030.0,0.0
0,133000,KELP,2029.0,32.0,,,,,2032,32,,,,,2030.5,0.0
0,133100,KELP,2029.0,30.0,,,,,2032,30,,,,,2030.5,0.0
0,133200,KELP,2031.0,1.0,2029.0,30.0,,,2032,30,,,,,2031.5,0.0
0,133300,KELP,2031.0,1.0,2029.0,29.0,,,2032,29,,,,,2031.5,0.0
0,133400,KELP,2030.0,5.0,2029.0,23.0,,,2032,1,2033.0,22.0,,,2031.0,0.0
0,133500,KELP,2029.0,22.0,,,,,2032,22,,,,,2030.5,0.0
0,133600,KELP,2029.0,21.0,,,,,2032,22,,,,,2030.5,0.0
0,133700,KELP,2029.0,26.0,,,,,2032,26,,,,,2030.5,0.0
0,133800,KELP,2029.0,28.0,,,,,2032,2,2033.0,26.0,,,2030.5,0.0
0,133900,KELP,2029.0,20.0,,,,,2031,5,2032.0,20.0,,,2030.0,0.0
0,134000,KELP,2029.0,30.0,,,,,2032,31,,,,,2030.5,0.0
0,134100,KELP,2029.0,25.0,,,,,2032,25,,,,,2030.5,0.0
0,134200,KELP,2029.0,23.0,,,,,2032,23,,,,,2030.5,0.0
0,134300,KELP,2029.0,21.0,,,,,2032,21,,,,,2030.5,0.0
0,134400,KELP,2029.0,28.0,,,,,2032,25,,,,,2030.5,0.0
0,134500,KELP,2031.0,1.0,2029.0,27.0,,,2032,25,,,,,2031.5,0.0
0,134600,KELP,2029.0,21.0,,,,,2032,21,,,,,2030.5,0.0
0,134700,KELP,2029.0,23.0,,,,,2032,23,,,,,2030.5,0.0
0,134800,KELP,2029.0,26.0,,,,,2032,2,2033.0,24.0,,,2030.5,0.0
0,134900,KELP,2029.0,23.0,,,,,2031,2,2032.0,23.0,,,2030.0,0.0
0,135000,KELP,2029.0,24.0,,,,,2032,24,,,,,2030.5,0.0
0,135100,KELP,2029.0,26.0,,,,,2031,7,2032.0,2.0,2033.0,24.0,2030.0,0.0
0,135200,KELP,2029.0,31.0,,,,,2033,31,,,,,2031.0,0.0
0,135300,KELP,2029.0,30.0,,,,,2032,2,2033.0,28.0,,,2030.5,0.0
0,135400,KELP,2029.0,28.0,,,,,2031,1,2032.0,1.0,2033.0,27.0,2030.0,0.0
0,135500,KELP,2029.0,29.0,,,,,2032,2,2033.0,27.0,,,2030.5,0.0
0,135600,KELP,2029.0,24.0,,,,,2033,24,,,,,2031.0,0.0
0,135700,KELP,2029.0,29.0,,,,,2032,24,,,,,2030.5,0.0
0,135800,KELP,2029.0,23.0,,,,,2031,2,2032.0,23.0,,,2030.0,0.0
0,135900,KELP,2029.0,24.0,,,,,2032,24,,,,,2030.5,0.0
0,136000,KELP,2029.0,23.0,,,,,2032,23,,,,,2030.5,0.0
0,136100,KELP,2029.0,28.0,,,,,2031,6,2032.0,29.0,,,2030.0,0.0
0,136200,KELP,2029.0,22.0,,,,,2032,21,,,,,2030.5,0.0
0,136300,KELP,2029.0,21.0,,,,,2032,21,,,,,2030.5,0.0
0,136400,KELP,2031.0,1.0,2029.0,28.0,,,2033,28,,,,,2032.0,0.0
0,136500,KELP,2029.0,27.0,,,,,2032,1,2033.0,27.0,,,2030.5,0.0
0,136600,KELP,2029.0,27.0,,,,,2033,27,,,,,2031.0,0.0
0,136700,KELP,2029.0,30.0,,,,,2033,30,,,,,2031.0,0.0
0,136800,KELP,2029.0,25.0,,,,,2033,25,,,,,2031.0,0.0
0,136900,KELP,2029.0,20.0,,,,,2033,20,,,,,2031.0,0.0
0,137000,KELP,2029.0,24.0,,,,,2033,24,,,,,2031.0,0.0
0,137100,KELP,2029.0,26.0,,,,,2032,2,2033.0,25.0,,,2030.5,0.0
0,137200,KELP,2029.0,22.0,,,,,2030,5,2033.0,22.0,,,2029.5,0.0
0,137300,KELP,2029.0,28.0,,,,,2032,1,2033.0,27.0,,,2030.5,0.0
0,137400,KELP,2029.0,22.0,,,,,2031,5,2033.0,22.0,,,2030.0,0.0
0,137500,KELP,2029.0,23.0,,,,,2031,4,2032.0,1.0,2033.0,22.0,2030.0,0.0
0,137600,KELP,2029.0,29.0,,,,,2032,26,,,,,2030.5,0.0
0,137700,KELP,2030.0,3.0,2029.0,24.0,,,2033,24,,,,,2031.5,0.0
0,137800,KELP,2029.0,25.0,,,,,2033,25,,,,,2031.0,0.0
0,137900,KELP,2030.0,6.0,2029.0,26.0,,,2033,26,,,,,2031.5,0.0
0,138000,KELP,2029.0,22.0,,,,,2033,22,,,,,2031.0,0.0
0,138100,KELP,2031.0,5.0,2030.0,22.0,,,2034,22,,,,,2032.5,0.0
0,138200,KELP,2032.0,1.0,2030.0,23.0,,,2033,1,2034.0,22.0,,,2032.5,0.0
0,138300,KELP,2030.0,22.0,,,,,2033,23,,,,,2031.5,0.0
0,138400,KELP,2030.0,30.0,,,,,2033,30,,,,,2031.5,0.0
0,138500,KELP,2030.0,29.0,,,,,2033,1,2034.0,28.0,,,2031.5,0.0
0,138600,KELP,2030.0,25.0,,,,,2033,1,2034.0,25.0,,,2031.5,0.0
0,138700,KELP,2032.0,1.0,2030.0,28.0,,,2033,28,,,,,2032.5,0.0
0,138800,KELP,2030.0,21.0,,,,,2033,21,,,,,2031.5,0.0
0,138900,KELP,2030.0,31.0,,,,,2033,26,,,,,2031.5,0.0
0,139000,KELP,2030.0,31.0,,,,,2033,31,,,,,2031.5,0.0
0,139100,KELP,2031.0,6.0,2030.0,30.0,,,2033,30,,,,,2032.0,0.0
0,139200,KELP,2030.0,22.0,,,,,2034,22,,,,,2032.0,0.0
0,139300,KELP,2033.0,1.0,2030.0,28.0,,,2034,28,,,,,2033.5,0.0
0,139400,KELP,2032.0,1.0,2030.0,22.0,,,2033,1,2034.0,21.0,,,2032.5,0.0
0,139500,KELP,2030.0,23.0,,,,,2033,1,2034.0,22.0,,,2031.5,0.0
0,139600,KELP,2030.0,26.0,,,,,2033,26,,,,,2031.5,0.0
0,139700,KELP,2030.0,30.0,,,,,2034,30,,,,,2032.0,0.0
0,139800,KELP,2030.0,30.0,,,,,2033,2,2034.0,28.0,,,2031.5,0.0
0,139900,KELP,2031.0,32.0,,,,,2034,32,,,,,2032.5,0.0
0,140000,KELP,2031.0,1.0,2030.0,25.0,,,2034,25,,,,,2032.5,0.0
0,140100,KELP,2030.0,25.0,,,,,2033,25,,,,,2031.5,0.0
0,140200,KELP,2030.0,31.0,,,,,2032,1,2033.0,31.0,,,2031.0,0.0
0,140300,KELP,2030.0,21.0,,,,,2033,21,,,,,2031.5,0.0
0,140400,KELP,2030.0,21.0,,,,,2033,21,,,,,2031.5,0.0
0,140500,KELP,2030.0,21.0,,,,,2032,3,2033.0,21.0,,,2031.0,0.0
0,140600,KELP,2030.0,21.0,,,,,2033,22,,,,,2031.5,0.0
0,140700,KELP,2030.0,27.0,,,,,2033,22,,,,,2031.5,0.0
0,140800,KELP,2030.0,23.0,,,,,2033,23,,,,,2031.5,0.0
0,140900,KELP,2030.0,23.0,,,,,2032,4,2033.0,23.0,,,2031.0,0.0
0,141000,KELP,2030.0,21.0,,,,,2033,21,,,,,2031.5,0.0
0,141100,KELP,2030.0,28.0,,,,,2033,28,,,,,2031.5,0.0
0,141200,KELP,2030.0,29.0,,,,,2033,22,,,,,2031.5,0.0
0,141300,KELP,2031.0,3.0,2030.0,21.0,,,2033,21,,,,,2032.0,0.0
0,141400,KELP,2030.0,26.0,,,,,2033,26,,,,,2031.5,0.0
0,141500,KELP,2030.0,25.0,,,,,2033,26,,,,,2031.5,0.0
0,141600,KELP,2032.0,4.0,2030.0,24.0,,,2033,24,,,,,2032.5,0.0
0,141700,KELP,2030.0,20.0,,,,,2033,20,,,,,2031.5,0.0
0,141800,KELP,2030.0,21.0,,,,,2033,21,,,,,2031.5,0.0
0,141900,KELP,2030.0,31.0,,,,,2033,31,,,,,2031.5,0.0
0,142000,KELP,2030.0,29.0,,,,,2032,6,2033.0,29.0,,,2031.0,0.0
0,142100,KELP,2032.0,1.0,2030.0,27.0,,,2034,27,,,,,2033.0,0.0
0,142200,KELP,2030.0,20.0,,,,,2033,21,,,,,2031.5,0.0
0,142300,KELP,2030.0,25.0,,,,,2034,25,,,,,2032.0,0.0
0,142400,KELP,2030.0,23.0,,,,,2034,23,,,,,2032.0,0.0
0,142500,KELP,2030.0,24.0,,,,,2034,24,,,,,2032.0,0.0
0,142600,KELP,2032.0,1.0,2030.0,29.0,,,2033,29,,,,,2032.5,0.0
0,142700,KELP,2030.0,22.0,,,,,2033,22,,,,,2031.5,0.0
0,142800,KELP,2030.0,29.0,,,,,2033,29,,,,,2031.5,0.0
0,142900,KELP,2030.0,39.0,,,,,2033,32,,,,,2031.5,0.0
0,143000,KELP,2030.0,29.0,,,,,2033,29,,,,,2031.5,0.0
0,143100,KELP,2030.0,27.0,,,,,2032,1,2033.0,27.0,,,2031.0,0.0
0,143200,KELP,2030.0,24.0,,,,,2033,24,,,,,2031.5,0.0
0,143300,KELP,2030.0,27.0,,,,,2033,27,,,,,2031.5,0.0
0,143400,KELP,2030.0,27.0,,,,,2033,27,,,,,2031.5,0.0
0,143500,KELP,2030.0,26.0,,,,,2033,26,,,,,2031.5,0.0
0,143600,KELP,2030.0,21.0,,,,,2032,2,2033.0,24.0,,,2031.0,0.0
0,143700,KELP,2030.0,25.0,,,,,2032,5,2033.0,25.0,,,2031.0,0.0
0,143800,KELP,2030.0,27.0,,,,,2033,22,,,,,2031.5,0.0
0,143900,KELP,2031.0,4.0,2030.0,29.0,,,2033,29,,,,,2032.0,0.0
0,144000,KELP,2030.0,23.0,,,,,2033,23,,,,,2031.5,0.0
0,144100,KELP,2032.0,1.0,2030.0,25.0,,,2033,25,,,,,2032.5,0.0
0,144200,KELP,2030.0,24.0,,,,,2033,24,,,,,2031.5,0.0
0,144300,KELP,2030.0,30.0,,,,,2032,3,2033.0,30.0,,,2031.0,0.0
0,144400,KELP,2030.0,31.0,,,,,2033,28,,,,,2031.5,0.0
0,144500,KELP,2030.0,31.0,,,,,2033,31,,,,,2031.5,0.0
0,144600,KELP,2030.0,32.0,,,,,2033,25,,,,,2031.5,0.0
0,144700,KELP,2030.0,33.0,,,,,2033,29,,,,,2031.5,0.0
0,144800,KELP,2030.0,27.0,,,,,2033,27,,,,,2031.5,0.0
0,144900,KELP,2030.0,23.0,,,,,2033,2,2034.0,21.0,,,2031.5,0.0
0,145000,KELP,2030.0,29.0,,,,,2033,24,,,,,2031.5,0.0
0,145100,KELP,2030.0,20.0,,,,,2033,20,,,,,2031.5,0.0
0,145200,KELP,2030.0,28.0,,,,,2033,29,,,,,2031.5,0.0
0,145300,KELP,2030.0,32.0,,,,,2033,26,,,,,2031.5,0.0
0,145400,KELP,2030.0,1.0,2029.0,21.0,,,2033,22,,,,,2031.5,0.0
0,145500,KELP,2029.0,24.0,,,,,2031,1,2033.0,24.0,,,2030.0,0.0
0,145600,KELP,2029.0,30.0,,,,,2031,7,2033.0,30.0,,,2030.0,0.0
0,145700,KELP,2029.0,24.0,,,,,2031,1,2033.0,24.0,,,2030.0,0.0
0,145800,KELP,2029.0,21.0,,,,,2031,1,2033.0,21.0,,,2030.0,0.0
0,145900,KELP,2030.0,6.0,2029.0,23.0,,,2033,23,,,,,2031.5,0.0
0,146000,KELP,2030.0,6.0,2029.0,24.0,,,2033,24,,,,,2031.5,0.0
0,146100,KELP,2029.0,27.0,,,,,2033,27,,,,,2031.0,0.0
0,146200,KELP,2030.0,2.0,2029.0,22.0,,,2033,24,,,,,2031.5,0.0
0,146300,KELP,2029.0,21.0,,,,,2033,21,,,,,2031.0,0.0
0,146400,KELP,2029.0,31.0,,,,,2030,1,2033.0,31.0,,,2029.5,0.0
0,146500,KELP,2029.0,31.0,,,,,2033,31,,,,,2031.0,0.0
0,146600,KELP,2030.0,2.0,2029.0,30.0,,,2033,32,,,,,2031.5,0.0
0,146700,KELP,2030.0,2.0,2029.0,29.0,,,2033,31,,,,,2031.5,0.0
0,146800,KELP,2029.0,24.0,,,,,2033,24,,,,,2031.0,0.0
0,146900,KELP,2030.0,28.0,,,,,2033,28,,,,,2031.5,0.0
0,147000,KELP,2032.0,1.0,2030.0,30.0,,,2033,28,,,,,2032.5,0.0
0,147100,KELP,2030.0,25.0,,,,,2033,25,,,,,2031.5,0.0
0,147200,KELP,2032.0,1.0,2030.0,23.0,,,2033,23,,,,,2032.5,0.0
0,147300,KELP,2030.0,29.0,,,,,2033,29,,,,,2031.5,0.0
0,147400,KELP,2030.0,22.0,,,,,2032,2,2033.0,23.0,,,2031.0,0.0
0,147500,KELP,2030.0,24.0,,,,,2032,6,2033.0,24.0,,,2031.0,0.0
0,147600,KELP,2030.0,1.0,2029.0,28.0,,,2033,29,,,,,2031.5,0.0
0,147700,KELP,2030.0,26.0,,,,,2033,26,,,,,2031.5,0.0
0,147800,KELP,2030.0,30.0,,,,,2033,30,,,,,2031.5,0.0
0,147900,KELP,2030.0,2.0,2029.0,25.0,,,2033,27,,,,,2031.5,0.0
0,148000,KELP,2031.0,3.0,2030.0,6.0,2029.0,27.0,2033,27,,,,,2032.0,0.0
0,148100,KELP,2029.0,24.0,,,,,2030,1,2033.0,24.0,,,2029.5,0.0
0,148200,KELP,2032.0,1.0,2030.0,2.0,2029.0,25.0,2033,27,,,,,2032.5,0.0
0,148300,KELP,2032.0,1.0,2030.0,1.0,2029.0,20.0,2033,21,,,,,2032.5,0.0
0,148400,KELP,2031.0,5.0,2029.0,21.0,,,2033,21,,,,,2032.0,0.0
0,148500,KELP,2030.0,7.0,2029.0,25.0,,,2033,25,,,,,2031.5,0.0
0,148600,KELP,2029.0,24.0,,,,,2033,24,,,,,2031.0,0.0
0,148700,KELP,2032.0,1.0,2029.0,25.0,,,2033,25,,,,,2032.5,0.0
0,148800,KELP,2029.0,36.0,,,,,2032,2,2033.0,29.0,,,2030.5,0.0
0,148900,KELP,2031.0,3.0,2029.0,28.0,,,2032,28,,,,,2031.5,0.0
0,149000,KELP,2029.0,21.0,,,,,2031,3,2032.0,22.0,,,2030.0,0.0
0,149100,KELP,2029.0,21.0,,,,,2032,22,,,,,2030.5,0.0
0,149200,KELP,2029.0,30.0,,,,,2032,30,,,,,2030.5,0.0
0,149300,KELP,2029.0,35.0,,,,,2032,31,,,,,2030.5,0.0
0,149400,KELP,2029.0,20.0,,,,,2031,4,2032.0,24.0,,,2030.0,0.0
0,149500,KELP,2029.0,20.0,,,,,2032,21,,,,,2030.5,0.0
0,149600,KELP,2029.0,21.0,,,,,2032,21,,,,,2030.5,0.0
0,149700,KELP,2029.0,29.0,,,,,2032,29,,,,,2030.5,0.0
0,149800,KELP,2029.0,29.0,,,,,2032,22,,,,,2030.5,0.0
0,149900,KELP,2029.0,29.0,,,,,2032,29,,,,,2030.5,0.0
0,150000,KELP,2029.0,20.0,,,,,2032,20,,,,,2030.5,0.0
0,150100,KELP,2029.0,32.0,,,,,2032,32,,,,,2030.5,0.0
0,150200,KELP,2029.0,30.0,,,,,2032,23,,,,,2030.5,0.0
0,150300,KELP,2029.0,26.0,,,,,2032,26,,,,,2030.5,0.0
0,150400,KELP,2029.0,22.0,,,,,2032,22,,,,,2030.5,0.0
0,150500,KELP,2029.0,21.0,,,,,2032,21,,,,,2030.5,0.0
0,150600,KELP,2029.0,25.0,,,,,2032,25,,,,,2030.5,0.0
0,150700,KELP,2029.0,31.0,,,,,2031,2,2032.0,31.0,,,2030.0,0.0
0,150800,KELP,2029.0,22.0,,,,,2032,22,,,,,2030.5,0.0
0,150900,KELP,2029.0,38.0,,,,,2032,30,,,,,2030.5,0.0
0,151000,KELP,2029.0,22.0,,,,,2032,22,,,,,2030.5,0.0
0,151100,KELP,2029.0,21.0,,,,,2031,1,2032.0,21.0,,,2030.0,0.0
0,151200,KELP,2029.0,24.0,,,,,2033,24,,,,,2031.0,0.0
0,151300,KELP,2029.0,24.0,,,,,2031,3,2033.0,24.0,,,2030.0,0.0
0,151400,KELP,2030.0,7.0,2029.0,32.0,,,2032,2,2033.0,30.0,,,2031.0,0.0
0,151500,KELP,2029.0,30.0,,,,,2033,30,,,,,2031.0,0.0
0,151600,KELP,2031.0,2.0,2030.0,31.0,,,2033,24,,,,,2032.0,0.0
0,151700,KELP,2029.0,22.0,,,,,2030,1,2033.0,22.0,,,2029.5,0.0
0,151800,KELP,2029.0,26.0,,,,,2032,3,2033.0,26.0,,,2030.5,0.0
0,151900,KELP,2030.0,24.0,,,,,2033,24,,,,,2031.5,0.0
0,152000,KELP,2031.0,5.0,2030.0,29.0,,,2032,3,2033.0,29.0,,,2031.5,0.0
0,152100,KELP,2032.0,1.0,2030.0,23.0,,,2033,23,,,,,2032.5,0.0
0,152200,KELP,2029.0,22.0,,,,,2032,1,2033.0,21.0,,,2030.5,0.0
0,152300,KELP,2029.0,27.0,,,,,2033,27,,,,,2031.0,0.0
0,152400,KELP,2030.0,1.0,2029.0,22.0,,,2033,23,,,,,2031.5,0.0
0,152500,KELP,2029.0,27.0,,,,,2033,27,,,,,2031.0,0.0
0,152600,KELP,2029.0,27.0,,,,,2031,2,2033.0,27.0,,,2030.0,0.0
0,152700,KELP,2031.0,2.0,2029.0,27.0,,,2033,27,,,,,2032.0,0.0
0,152800,KELP,2029.0,21.0,,,,,2031,3,2033.0,21.0,,,2030.0,0.0
0,152900,KELP,2029.0,22.0,,,,,2033,22,,,,,2031.0,0.0
0,153000,KELP,2029.0,24.0,,,,,2033,24,,,,,2031.0,0.0
0,153100,KELP,2029.0,25.0,,,,,2031,2,2033.0,25.0,,,2030.0,0.0
0,153200,KELP,2029.0,20.0,,,,,2031,4,2033.0,20.0,,,2030.0,0.0
0,153300,KELP,2030.0,2.0,2029.0,21.0,,,2033,23,,,,,2031.5,0.0
0,153400,KELP,2029.0,20.0,,,,,2030,3,2033.0,20.0,,,2029.5,0.0
0,153500,KELP,2029.0,20.0,,,,,2030,1,2032.0,5.0,2033.0,20.0,2029.5,0.0
0,153600,KELP,2029.0,31.0,,,,,2030,1,2033.0,31.0,,,2029.5,0.0
0,153700,KELP,2029.0,26.0,,,,,2033,26,,,,,2031.0,0.0
0,153800,KELP,2030.0,2.0,2029.0,21.0,,,2033,23,,,,,2031.5,0.0
0,153900,KELP,2030.0,30.0,,,,,2033,28,,,,,2031.5,0.0
0,154000,KELP,2032.0,1.0,2029.0,27.0,,,2033,27,,,,,2032.5,0.0
0,154100,KELP,2030.0,30.0,,,,,2033,27,,,,,2031.5,0.0
0,154200,KELP,2030.0,23.0,,,,,2033,23,,,,,2031.5,0.0
0,154300,KELP,2030.0,28.0,,,,,2033,23,,,,,2031.5,0.0
0,154400,KELP,2029.0,26.0,,,,,2033,26,,,,,2031.0,0.0
0,154500,KELP,2030.0,28.0,,,,,2033,27,,,,,2031.5,0.0
0,154600,KELP,2030.0,21.0,,,,,2033,21,,,,,2031.5,0.0
0,154700,KELP,2030.0,28.0,,,,,2033,28,,,,,2031.5,0.0
0,154800,KELP,2030.0,29.0,,,,,2033,29,,,,,2031.5,0.0
0,154900,KELP,2032.0,3.0,2030.0,23.0,,,2033,23,,,,,2032.5,0.0
0,155000,KELP,2030.0,22.0,,,,,2032,3,2033.0,22.0,,,2031.0,0.0
0,155100,KELP,2030.0,23.0,,,,,2033,21,,,,,2031.5,0.0
0,155200,KELP,2030.0,34.0,,,,,2033,27,,,,,2031.5,0.0
0,155300,KELP,2030.0,29.0,,,,,2033,29,,,,,2031.5,0.0
0,155400,KELP,2030.0,30.0,,,,,2033,30,,,,,2031.5,0.0
0,155500,KELP,2030.0,23.0,,,,,2033,23,,,,,2031.5,0.0
0,155600,KELP,2030.0,28.0,,,,,2033,29,,,,,2031.5,0.0
0,155700,KELP,2030.0,27.0,,,,,2033,27,,,,,2031.5,0.0
0,155800,KELP,2030.0,33.0,,,,,2033,28,,,,,2031.5,0.0
0,155900,KELP,2030.0,29.0,,,,,2032,5,2033.0,29.0,,,2031.0,0.0
0,156000,KELP,2030.0,26.0,,,,,2033,26,,,,,2031.5,0.0
0,156100,KELP,2030.0,28.0,,,,,2033,28,,,,,2031.5,0.0
0,156200,KELP,2030.0,23.0,,,,,2033,23,,,,,2031.5,0.0
0,156300,KELP,2030.0,26.0,,,,,2033,26,,,,,2031.5,0.0
0,156400,KELP,2032.0,5.0,2030.0,26.0,,,2033,26,,,,,2032.5,0.0
0,156500,KELP,2030.0,26.0,,,,,2032,3,2033.0,26.0,,,2031.0,0.0
0,156600,KELP,2030.0,28.0,,,,,2033,28,,,,,2031.5,0.0
0,156700,KELP,2030.0,31.0,,,,,2033,31,,,,,2031.5,0.0
0,156800,KELP,2032.0,7.0,2030.0,25.0,,,2033,25,,,,,2032.5,0.0
0,156900,KELP,2030.0,30.0,,,,,2033,26,,,,,2031.5,0.0
0,157000,KELP,2031.0,3.0,2030.0,22.0,,,2033,22,,,,,2032.0,0.0
0,157100,KELP,2030.0,1.0,2029.0,26.0,,,2033,27,,,,,2031.5,0.0
0,157200,KELP,2030.0,30.0,,,,,2033,29,,,,,2031.5,0.0
0,157300,KELP,2030.0,32.0,,,,,2033,32,,,,,2031.5,0.0
0,157400,KELP,2030.0,1.0,2029.0,20.0,,,2033,22,,,,,2031.5,0.0
0,157500,KELP,2030.0,6.0,2029.0,23.0,,,2033,25,,,,,2031.5,0.0
0,157600,KELP,2031.0,9.0,2030.0,2.0,2029.0,21.0,2033,23,,,,,2032.0,0.0
0,157700,KELP,2029.0,25.0,,,,,2033,25,,,,,2031.0,0.0
0,157800,KELP,2029.0,26.0,,,,,2033,26,,,,,2031.0,0.0
0,157900,KELP,2030.0,6.0,2029.0,24.0,,,2033,26,,,,,2031.5,0.0
0,158000,KELP,2030.0,29.0,,,,,2033,29,,,,,2031.5,0.0
0,158100,KELP,2030.0,31.0,,,,,2033,31,,,,,2031.5,0.0
0,158200,KELP,2030.0,3.0,2029.0,25.0,,,2033,27,,,,,2031.5,0.0
0,158300,KELP,2030.0,23.0,,,,,2033,23,,,,,2031.5,0.0
0,158400,KELP,2030.0,29.0,,,,,2033,29,,,,,2031.5,0.0
0,158500,KELP,2032.0,1.0,2029.0,29.0,,,2033,29,,,,,2032.5,0.0
0,158600,KELP,2030.0,5.0,2029.0,23.0,,,2033,23,,,,,2031.5,0.0
0,158700,KELP,2029.0,29.0,,,,,2031,3,2033.0,29.0,,,2030.0,0.0
0,158800,KELP,2030.0,1.0,2029.0,25.0,,,2032,3,2033.0,26.0,,,2031.0,0.0
0,158900,KELP,2030.0,20.0,,,,,2033,20,,,,,2031.5,0.0
0,159000,KELP,2030.0,22.0,,,,,2032,1,2033.0,22.0,,,2031.0,0.0
0,159100,KELP,2030.0,25.0,,,,,2033,25,,,,,2031.5,0.0
0,159200,KELP,2030.0,23.0,,,,,2033,20,,,,,2031.5,0.0
0,159300,KELP,2030.0,29.0,,,,,2033,30,,,,,2031.5,0.0
0,159400,KELP,2030.0,21.0,,,,,2032,2,2033.0,21.0,,,2031.0,0.0
0,159500,KELP,2032.0,1.0,2030.0,31.0,,,2033,25,,,,,2032.5,0.0
0,159600,KELP,2030.0,32.0,,,,,2033,2,2034.0,30.0,,,2031.5,0.0
0,159700,KELP,2031.0,5.0,2030.0,31.0,,,2033,1,2034.0,30.0,,,2032.0,0.0
0,159800,KELP,2030.0,29.0,,,,,2033,29,,,,,2031.5,0.0
0,159900,KELP,2030.0,20.0,,,,,2032,3,2033.0,20.0,,,2031.0,0.0
0,160000,KELP,2031.0,6.0,2030.0,23.0,,,2033,23,,,,,2032.0,0.0
0,160100,KELP,2031.0,3.0,2030.0,32.0,,,2033,2,2034.0,30.0,,,2032.0,0.0
0,160200,KELP,2030.0,32.0,,,,,2032,8,2033.0,32.0,,,2031.0,0.0
0,160300,KELP,2031.0,1.0,2030.0,22.0,,,2032,2,2034.0,23.0,,,2031.5,0.0
0,160400,KELP,2030.0,28.0,,,,,2034,28,,,,,2032.0,0.0
0,160500,KELP,2030.0,28.0,,,,,2034,28,,,,,2032.0,0.0
0,160600,KELP,2032.0,2.0,2030.0,23.0,,,2034,23,,,,,2033.0,0.0
0,160700,KELP,2030.0,28.0,,,,,2031,2,2034.0,30.0,,,2030.5,0.0
0,160800,KELP,2031.0,1.0,2030.0,28.0,,,2034,29,,,,,2032.5,0.0
0,160900,KELP,2031.0,2.0,2030.0,23.0,,,2033,6,2034.0,25.0,,,2032.0,0.0
0,161000,KELP,2031.0,5.0,2030.0,24.0,,,2034,26,,,,,2032.5,0.0
0,161100,KELP,2031.0,23.0,,,,,2033,1,2034.0,23.0,,,2032.0,0.0
0,161200,KELP,2031.0,24.0,,,,,2034,24,,,,,2032.5,0.0
0,161300,KELP,2031.0,27.0,,,,,2035,27,,,,,2033.0,0.0
0,161400,KELP,2033.0,1.0,2031.0,29.0,,,2034,29,,,,,2033.5,0.0
0,161500,KELP,2031.0,23.0,,,,,2033,1,2035.0,23.0,,,2032.0,0.0
0,161600,KELP,2031.0,31.0,,,,,2034,30,,,,,2032.5,0.0
0,161700,KELP,2031.0,30.0,,,,,2034,30,,,,,2032.5,0.0
0,161800,KELP,2031.0,28.0,,,,,2033,1,2034.0,28.0,,,2032.0,0.0
0,161900,KELP,2031.0,28.0,,,,,2033,7,2035.0,28.0,,,2032.0,0.0
0,162000,KELP,2031.0,31.0,,,,,2034,1,2035.0,30.0,,,2032.5,0.0
0,162100,KELP,2031.0,32.0,,,,,2034,2,2035.0,30.0,,,2032.5,0.0
0,162200,KELP,2031.0,27.0,,,,,2035,27,,,,,2033.0,0.0
0,162300,KELP,2031.0,28.0,,,,,2034,2,2035.0,26.0,,,2032.5,0.0
0,162400,KELP,2031.0,29.0,,,,,2034,2,2035.0,27.0,,,2032.5,0.0
0,162500,KELP,2031.0,29.0,,,,,2034,29,,,,,2032.5,0.0
0,162600,KELP,2031.0,27.0,,,,,2034,27,,,,,2032.5,0.0
0,162700,KELP,2031.0,28.0,,,,,2034,28,,,,,2032.5,0.0
0,162800,KELP,2031.0,20.0,,,,,2034,20,,,,,2032.5,0.0
0,162900,KELP,2031.0,32.0,,,,,2033,7,2034.0,32.0,,,2032.0,0.0
0,163000,KELP,2030.0,27.0,,,,,2032,6,2034.0,27.0,,,2031.0,0.0
0,163100,KELP,2030.0,22.0,,,,,2032,6,2034.0,23.0,,,2031.0,0.0
0,163200,KELP,2030.0,30.0,,,,,2034,30,,,,,2032.0,0.0
0,163300,KELP,2030.0,26.0,,,,,2034,26,,,,,2032.0,0.0
0,163400,KELP,2032.0,4.0,2030.0,29.0,,,2033,1,2034.0,28.0,,,2032.5,0.0
0,163500,KELP,2030.0,27.0,,,,,2034,27,,,,,2032.0,0.0
0,163600,KELP,2030.0,30.0,,,,,2031,3,2032.0,8.0,2034.0,30.0,2030.5,0.0
0,163700,KELP,2031.0,2.0,2030.0,20.0,,,2034,20,,,,,2032.5,0.0
0,163800,KELP,2030.0,25.0,,,,,2032,5,2034.0,25.0,,,2031.0,0.0
0,163900,KELP,2031.0,5.0,2030.0,22.0,,,2034,22,,,,,2032.5,0.0
0,164000,KELP,2032.0,2.0,2030.0,22.0,,,2034,22,,,,,2033.0,0.0
0,164100,KELP,2033.0,1.0,2030.0,29.0,,,2034,29,,,,,2033.5,0.0
0,164200,KELP,2030.0,23.0,,,,,2034,23,,,,,2032.0,0.0
0,164300,KELP,2031.0,2.0,2030.0,25.0,,,2034,27,,,,,2032.5,0.0
0,164400,KELP,2031.0,1.0,2030.0,26.0,,,2033,6,2034.0,27.0,,,2032.0,0.0
0,164500,KELP,2031.0,1.0,2030.0,24.0,,,2032,5,2034.0,25.0,,,2031.5,0.0
0,164600,KELP,2031.0,9.0,2030.0,30.0,,,2034,32,,,,,2032.5,0.0
0,164700,KELP,2031.0,27.0,,,,,2034,27,,,,,2032.5,0.0
0,164800,KELP,2031.0,24.0,,,,,2034,24,,,,,2032.5,0.0
0,164900,KELP,2031.0,24.0,,,,,2034,24,,,,,2032.5,0.0
0,165000,KELP,2031.0,26.0,,,,,2034,26,,,,,2032.5,0.0
0,165100,KELP,2031.0,28.0,,,,,2034,28,,,,,2032.5,0.0
0,165200,KELP,2031.0,30.0,,,,,2034,30,,,,,2032.5,0.0
0,165300,KELP,2033.0,1.0,2031.0,27.0,,,2034,27,,,,,2033.5,0.0
0,165400,KELP,2031.0,30.0,,,,,2034,30,,,,,2032.5,0.0
0,165500,KELP,2031.0,21.0,,,,,2034,21,,,,,2032.5,0.0
0,165600,KELP,2031.0,28.0,,,,,2032,3,2034.0,28.0,,,2031.5,0.0
0,165700,KELP,2033.0,1.0,2031.0,29.0,,,2034,29,,,,,2033.5,0.0
0,165800,KELP,2030.0,24.0,,,,,2031,1,2034.0,24.0,,,2030.5,0.0
0,165900,KELP,2030.0,28.0,,,,,2032,6,2034.0,28.0,,,2031.0,0.0
0,166000,KELP,2032.0,4.0,2031.0,1.0,2030.0,23.0,2034,24,,,,,2033.0,0.0
0,166100,KELP,2031.0,22.0,,,,,2033,4,2034.0,22.0,,,2032.0,0.0
0,166200,KELP,2030.0,22.0,,,,,2034,22,,,,,2032.0,0.0
0,166300,KELP,2031.0,30.0,,,,,2034,30,,,,,2032.5,0.0
0,166400,KELP,2031.0,2.0,2030.0,21.0,,,2034,23,,,,,2032.5,0.0
0,166500,KELP,2030.0,29.0,,,,,2031,1,2034.0,29.0,,,2030.5,0.0
0,166600,KELP,2031.0,28.0,,,,,2034,28,,,,,2032.5,0.0
0,166700,KELP,2030.0,21.0,,,,,2034,21,,,,,2032.0,0.0
0,166800,KELP,2031.0,27.0,,,,,2034,24,,,,,2032.5,0.0
0,166900,KELP,2031.0,24.0,,,,,2034,24,,,,,2032.5,0.0
0,167000,KELP,2031.0,22.0,,,,,2034,22,,,,,2032.5,0.0
0,167100,KELP,2031.0,31.0,,,,,2034,27,,,,,2032.5,0.0
0,167200,KELP,2031.0,23.0,,,,,2033,8,2034.0,23.0,,,2032.0,0.0
0,167300,KELP,2031.0,26.0,,,,,2034,26,,,,,2032.5,0.0
0,167400,KELP,2031.0,29.0,,,,,2033,6,2034.0,29.0,,,2032.0,0.0
0,167500,KELP,2031.0,27.0,,,,,2034,27,,,,,2032.5,0.0
0,167600,KELP,2031.0,25.0,,,,,2034,25,,,,,2032.5,0.0
0,167700,KELP,2031.0,24.0,,,,,2033,6,2034.0,24.0,,,2032.0,0.0
0,167800,KELP,2031.0,32.0,,,,,2034,32,,,,,2032.5,0.0
0,167900,KELP,2031.0,29.0,,,,,2034,29,,,,,2032.5,0.0
0,168000,KELP,2031.0,29.0,,,,,2034,29,,,,,2032.5,0.0
0,168100,KELP,2031.0,23.0,,,,,2034,23,,,,,2032.5,0.0
0,168200,KELP,2031.0,25.0,,,,,2033,3,2034.0,25.0,,,2032.0,0.0
0,168300,KELP,2031.0,23.0,,,,,2034,20,,,,,2032.5,0.0
0,168400,KELP,2031.0,30.0,,,,,2033,6,2034.0,30.0,,,2032.0,0.0
0,168500,KELP,2031.0,26.0,,,,,2034,26,,,,,2032.5,0.0
0,168600,KELP,2031.0,22.0,,,,,2034,21,,,,,2032.5,0.0
0,168700,KELP,2031.0,25.0,,,,,2034,20,,,,,2032.5,0.0
0,168800,KELP,2030.0,27.0,,,,,2034,27,,,,,2032.0,0.0
0,168900,KELP,2030.0,23.0,,,,,2034,23,,,,,2032.0,0.0
0,169000,KELP,2030.0,28.0,,,,,2031,10,2032.0,4.0,2034.0,28.0,2030.5,0.0
0,169100,KELP,2030.0,29.0,,,,,2033,29,,,,,2031.5,0.0
0,169200,KELP,2030.0,29.0,,,,,2033,29,,,,,2031.5,0.0
0,169300,KELP,2030.0,30.0,,,,,2031,4,2033.0,1.0,2034.0,29.0,2030.5,0.0
0,169400,KELP,2030.0,24.0,,,,,2032,6,2033.0,2.0,2034.0,22.0,2031.0,0.0
0,169500,KELP,2031.0,7.0,2030.0,30.0,,,2034,30,,,,,2032.5,0.0
0,169600,KELP,2031.0,22.0,,,,,2034,22,,,,,2032.5,0.0
0,169700,KELP,2031.0,28.0,,,,,2034,24,,,,,2032.5,0.0
0,169800,KELP,2031.0,28.0,,,,,2034,28,,,,,2032.5,0.0
0,169900,KELP,2031.0,23.0,,,,,2034,23,,,,,2032.5,0.0
0,170000,KELP,2030.0,20.0,,,,,2032,5,2034.0,20.0,,,2031.0,0.0
0,170100,KELP,2031.0,1.0,2030.0,24.0,,,2034,26,,,,,2032.5,0.0
0,170200,KELP,2030.0,31.0,,,,,2034,31,,,,,2032.0,0.0
0,170300,KELP,2030.0,25.0,,,,,2032,2,2034.0,25.0,,,2031.0,0.0
0,170400,KELP,2030.0,26.0,,,,,2034,26,,,,,2032.0,0.0
0,170500,KELP,2030.0,26.0,,,,,2032,6,2034.0,26.0,,,2031.0,0.0
0,170600,KELP,2030.0,32.0,,,,,2034,32,,,,,2032.0,0.0
0,170700,KELP,2031.0,24.0,,,,,2034,24,,,,,2032.5,0.0
0,170800,KELP,2031.0,29.0,,,,,2034,23,,,,,2032.5,0.0
0,170900,KELP,2031.0,1.0,2030.0,28.0,,,2034,29,,,,,2032.5,0.0
0,171000,KELP,2031.0,6.0,2030.0,32.0,,,2034,32,,,,,2032.5,0.0
0,171100,KELP,2030.0,30.0,,,,,2034,30,,,,,2032.0,0.0
0,171200,KELP,2030.0,31.0,,,,,2034,31,,,,,2032.0,0.0
0,171300,KELP,2030.0,29.0,,,,,2031,1,2032.0,6.0,2034.0,29.0,2030.5,0.0
0,171400,KELP,2030.0,22.0,,,,,2034,22,,,,,2032.0,0.0
0,171500,KELP,2030.0,31.0,,,,,2032,8,2034.0,31.0,,,2031.0,0.0
0,171600,KELP,2033.0,1.0,2030.0,27.0,,,2034,27,,,,,2033.5,0.0
0,171700,KELP,2030.0,27.0,,,,,2034,27,,,,,2032.0,0.0
0,171800,KELP,2033.0,1.0,2030.0,22.0,,,2034,22,,,,,2033.5,0.0
0,171900,KELP,2032.0,6.0,2030.0,26.0,,,2034,26,,,,,2033.0,0.0
0,172000,KELP,2030.0,30.0,,,,,2034,30,,,,,2032.0,0.0
0,172100,KELP,2031.0,2.0,2030.0,22.0,,,2032,4,2034.0,24.0,,,2031.5,0.0
0,172200,KELP,2030.0,24.0,,,,,2034,24,,,,,2032.0,0.0
0,172300,KELP,2031.0,28.0,,,,,2033,7,2034.0,28.0,,,2032.0,0.0
0,172400,KELP,2033.0,1.0,2030.0,23.0,,,2034,23,,,,,2033.5,0.0
0,172500,KELP,2030.0,25.0,,,,,2034,25,,,,,2032.0,0.0
0,172600,KELP,2030.0,24.0,,,,,2034,24,,,,,2032.0,0.0
0,172700,KELP,2030.0,32.0,,,,,2033,2,2034.0,30.0,,,2031.5,0.0
0,172800,KELP,2030.0,29.0,,,,,2032,1,2033.0,30.0,,,2031.0,0.0
0,172900,KELP,2030.0,20.0,,,,,2033,20,,,,,2031.5,0.0
0,173000,KELP,2030.0,22.0,,,,,2033,22,,,,,2031.5,0.0
0,173100,KELP,2030.0,29.0,,,,,2033,30,,,,,2031.5,0.0
0,173200,KELP,2031.0,5.0,2030.0,32.0,,,2033,2,2034.0,30.0,,,2032.0,0.0
0,173300,KELP,2030.0,21.0,,,,,2033,1,2034.0,20.0,,,2031.5,0.0
0,173400,KELP,2030.0,27.0,,,,,2033,2,2034.0,22.0,,,2031.5,0.0
0,173500,KELP,2030.0,26.0,,,,,2033,26,,,,,2031.5,0.0
0,173600,KELP,2032.0,6.0,2030.0,24.0,,,2033,1,2034.0,23.0,,,2032.5,0.0
0,173700,KELP,2030.0,20.0,,,,,2033,20,,,,,2031.5,0.0
0,173800,KELP,2030.0,35.0,,,,,2033,29,,,,,2031.5,0.0
0,173900,KELP,2030.0,31.0,,,,,2032,6,2033.0,1.0,2034.0,30.0,2031.0,0.0
0,174000,KELP,2030.0,29.0,,,,,2034,29,,,,,2032.0,0.0
0,174100,KELP,2030.0,20.0,,,,,2032,4,2034.0,20.0,,,2031.0,0.0
0,174200,KELP,2030.0,31.0,,,,,2034,31,,,,,2032.0,0.0
0,174300,KELP,2030.0,25.0,,,,,2033,1,2034.0,24.0,,,2031.5,0.0
0,174400,KELP,2030.0,29.0,,,,,2031,3,2033.0,29.0,,,2030.5,0.0
0,174500,KELP,2030.0,23.0,,,,,2032,1,2033.0,23.0,,,2031.0,0.0
0,174600,KELP,2030.0,33.0,,,,,2033,28,,,,,2031.5,0.0
0,174700,KELP,2030.0,25.0,,,,,2033,25,,,,,2031.5,0.0
0,174800,KELP,2030.0,30.0,,,,,2032,3,2033.0,31.0,,,2031.0,0.0
0,174900,KELP,2030.0,25.0,,,,,2032,3,2033.0,25.0,,,2031.0,0.0
0,175000,KELP,2030.0,2.0,2029.0,21.0,,,2033,21,,,,,2031.5,0.0
0,175100,KELP,2029.0,23.0,,,,,2033,23,,,,,2031.0,0.0
0,175200,KELP,2029.0,26.0,,,,,2033,26,,,,,2031.0,0.0
