day,timestamp,product,bid_price_1,bid_volume_1,bid_price_2,bid_volume_2,bid_price_3,bid_volume_3,ask_price_1,ask_volume_1,ask_price_2,ask_volume_2,ask_price_3,ask_volume_3,mid_price,profit_and_loss
0,0,PICNIC_BASKET1,59223.0,19.0,59222.0,24.0,,,59234,19,59235.0,24.0,,,59228.5,0.0
0,100,PICNIC_BASKET1,59223.0,13.0,59222.0,20.0,,,59233,1,59234.0,32.0,,,59228.0,0.0
0,200,PICNIC_BASKET1,59232.0,4.0,59227.0,1.0,59226.0,35.0,59237,1,59238.0,35.0,,,59234.5,0.0
0,300,PICNIC_BASKET1,59224.0,2.0,59223.0,11.0,59222.0,29.0,59233,2,59234.0,11.0,59235.0,29.0,59228.5,0.0
0,400,PICNIC_BASKET1,59226.0,2.0,59225.0,13.0,59224.0,25.0,59235,2,59236.0,13.0,59237.0,25.0,59230.5,0.0
0,500,PICNIC_BASKET1,59229.0,2.0,59228.0,46.0,,,59239,2,59240.0,46.0,,,59234.0,0.0
0,600,PICNIC_BASKET1,59234.0,2.0,59233.0,13.0,59232.0,21.0,59243,2,59244.0,13.0,59245.0,21.0,59238.5,0.0
0,700,PICNIC_BASKET1,59241.0,5.0,59236.0,16.0,59235.0,20.0,59247,16,59248.0,20.0,,,59244.0,0.0
0,800,PICNIC_BASKET1,59236.0,10.0,59235.0,30.0,,,59247,10,59248.0,30.0,,,59241.5,0.0
0,900,PICNIC_BASKET1,59238.0,2.0,59237.0,20.0,59236.0,26.0,59247,2,59248.0,20.0,59249.0,26.0,59242.5,0.0
0,1000,PICNIC_BASKET1,59234.0,2.0,59233.0,16.0,59232.0,19.0,59243,2,59244.0,16.0,59245.0,19.0,59238.5,0.0
0,1100,PICNIC_BASKET1,59233.0,2.0,59232.0,16.0,59231.0,16.0,59242,2,59243.0,16.0,59244.0,16.0,59237.5,0.0
0,1200,PICNIC_BASKET1,59232.0,2.0,59231.0,13.0,59230.0,24.0,59241,2,59242.0,13.0,59243.0,24.0,59236.5,0.0
0,1300,PICNIC_BASKET1,59227.0,1.0,59226.0,14.0,59225.0,29.0,59236,1,59237.0,14.0,59238.0,29.0,59231.5,0.0
0,1400,PICNIC_BASKET1,59230.0,2.0,59229.0,15.0,59228.0,24.0,59239,2,59240.0,15.0,59241.0,24.0,59234.5,0.0
0,1500,PICNIC_BASKET1,59225.0,2.0,59224.0,18.0,59223.0,18.0,59234,2,59235.0,18.0,59236.0,18.0,59229.5,0.0
0,1600,PICNIC_BASKET1,59224.0,1.0,59223.0,10.0,59222.0,25.0,59233,1,59234.0,10.0,59235.0,25.0,59228.5,0.0
0,1700,PICNIC_BASKET1,59225.0,20.0,59224.0,17.0,,,59236,20,59237.0,17.0,,,59230.5,0.0
0,1800,PICNIC_BASKET1,59227.0,2.0,59226.0,12.0,59225.0,23.0,59236,2,59237.0,12.0,59238.0,23.0,59231.5,0.0
0,1900,PICNIC_BASKET1,59232.0,7.0,59228.0,2.0,59227.0,17.0,59238,19,59239.0,19.0,,,59235.0,0.0
0,2000,PICNIC_BASKET1,59229.0,1.0,59228.0,14.0,59227.0,23.0,59238,1,59239.0,14.0,59240.0,23.0,59233.5,0.0
0,2100,PICNIC_BASKET1,59225.0,13.0,59224.0,29.0,,,59236,13,59237.0,29.0,,,59230.5,0.0
0,2200,PICNIC_BASKET1,59227.0,2.0,59226.0,15.0,59225.0,21.0,59236,2,59237.0,15.0,59238.0,21.0,59231.5,0.0
0,2300,PICNIC_BASKET1,59225.0,2.0,59224.0,18.0,59223.0,24.0,59234,2,59235.0,18.0,59236.0,24.0,59229.5,0.0
0,2400,PICNIC_BASKET1,59229.0,2.0,59228.0,13.0,59227.0,21.0,59238,2,59239.0,13.0,59240.0,21.0,59233.5,0.0
0,2500,PICNIC_BASKET1,59230.0,1.0,59229.0,15.0,59228.0,15.0,59239,1,59240.0,15.0,59241.0,15.0,59234.5,0.0
0,2600,PICNIC_BASKET1,59227.0,15.0,59226.0,27.0,,,59238,15,59239.0,27.0,,,59232.5,0.0
0,2700,PICNIC_BASKET1,59226.0,1.0,59225.0,17.0,59224.0,20.0,59235,1,59236.0,17.0,59237.0,20.0,59230.5,0.0
0,2800,PICNIC_BASKET1,59230.0,40.0,,,,,59241,20,59242.0,20.0,,,59235.5,0.0
0,2900,PICNIC_BASKET1,59230.0,2.0,59229.0,18.0,59228.0,28.0,59239,2,59240.0,18.0,59241.0,28.0,59234.5,0.0
0,3000,PICNIC_BASKET1,59229.0,2.0,59228.0,13.0,59227.0,26.0,59238,2,59239.0,13.0,59240.0,26.0,59233.5,0.0
0,3100,PICNIC_BASKET1,59229.0,2.0,59228.0,19.0,59227.0,29.0,59238,2,59239.0,19.0,59240.0,29.0,59233.5,0.0
0,3200,PICNIC_BASKET1,59226.0,2.0,59225.0,12.0,59224.0,22.0,59235,2,59236.0,12.0,59237.0,22.0,59230.5,0.0
0,3300,PICNIC_BASKET1,59222.0,2.0,59221.0,10.0,59220.0,26.0,59232,12,59233.0,26.0,,,59227.0,0.0
0,3400,PICNIC_BASKET1,59219.0,12.0,59218.0,15.0,,,59229,2,59230.0,25.0,,,59224.0,0.0
0,3500,PICNIC_BASKET1,59224.0,2.0,59223.0,10.0,59222.0,18.0,59234,10,59235.0,18.0,,,59229.0,0.0
0,3600,PICNIC_BASKET1,59224.0,16.0,59223.0,21.0,,,59235,16,59236.0,21.0,,,59229.5,0.0
0,3700,PICNIC_BASKET1,59220.0,2.0,59219.0,10.0,59218.0,28.0,59229,2,59230.0,10.0,59231.0,28.0,59224.5,0.0
0,3800,PICNIC_BASKET1,59232.0,5.0,59223.0,1.0,59222.0,11.0,59233,11,59234.0,24.0,,,59232.5,0.0
0,3900,PICNIC_BASKET1,59237.0,6.0,59232.0,10.0,59231.0,27.0,59243,10,59244.0,27.0,,,59240.0,0.0
0,4000,PICNIC_BASKET1,59232.0,2.0,59231.0,13.0,59230.0,18.0,59242,15,59243.0,18.0,,,59237.0,0.0
0,4100,PICNIC_BASKET1,59232.0,1.0,59231.0,34.0,,,59242,1,59243.0,34.0,,,59237.0,0.0
0,4200,PICNIC_BASKET1,59228.0,14.0,59227.0,22.0,,,59238,2,59239.0,34.0,,,59233.0,0.0
0,4300,PICNIC_BASKET1,59224.0,2.0,59223.0,10.0,59222.0,18.0,59234,12,59235.0,18.0,,,59229.0,0.0
0,4400,PICNIC_BASKET1,59220.0,1.0,59219.0,18.0,59218.0,16.0,59229,1,59230.0,18.0,59231.0,16.0,59224.5,0.0
0,4500,PICNIC_BASKET1,59220.0,10.0,59219.0,18.0,,,59231,10,59232.0,18.0,,,59225.5,0.0
0,4600,PICNIC_BASKET1,59221.0,1.0,59220.0,12.0,59219.0,19.0,59225,2,59230.0,1.0,59231.0,12.0,59223.0,0.0
0,4700,PICNIC_BASKET1,59221.0,1.0,59220.0,18.0,59219.0,18.0,59231,19,59232.0,18.0,,,59226.0,0.0
0,4800,PICNIC_BASKET1,59222.0,16.0,59221.0,18.0,,,59232,1,59233.0,33.0,,,59227.0,0.0
0,4900,PICNIC_BASKET1,59232.0,10.0,59231.0,28.0,,,59243,10,59244.0,28.0,,,59237.5,0.0
0,5000,PICNIC_BASKET1,59235.0,1.0,59234.0,11.0,59233.0,22.0,59244,1,59245.0,11.0,59246.0,22.0,59239.5,0.0
0,5100,PICNIC_BASKET1,59242.0,7.0,59237.0,15.0,59236.0,29.0,59248,15,59249.0,29.0,,,59245.0,0.0
0,5200,PICNIC_BASKET1,59237.0,2.0,59236.0,15.0,59235.0,19.0,59247,17,59248.0,19.0,,,59242.0,0.0
0,5300,PICNIC_BASKET1,59237.0,14.0,59236.0,25.0,,,59248,14,59249.0,25.0,,,59242.5,0.0
0,5400,PICNIC_BASKET1,59235.0,20.0,59234.0,22.0,,,59246,20,59247.0,22.0,,,59240.5,0.0
0,5500,PICNIC_BASKET1,59236.0,1.0,59235.0,19.0,59234.0,18.0,59245,1,59246.0,19.0,59247.0,18.0,59240.5,0.0
0,5600,PICNIC_BASKET1,59238.0,1.0,59237.0,12.0,59236.0,22.0,59247,1,59248.0,12.0,59249.0,22.0,59242.5,0.0
0,5700,PICNIC_BASKET1,59238.0,2.0,59237.0,12.0,59236.0,21.0,59247,2,59248.0,12.0,59249.0,21.0,59242.5,0.0
0,5800,PICNIC_BASKET1,59241.0,12.0,59240.0,28.0,,,59252,12,59253.0,28.0,,,59246.5,0.0
0,5900,PICNIC_BASKET1,59241.0,1.0,59240.0,16.0,59239.0,15.0,59250,1,59251.0,16.0,59252.0,15.0,59245.5,0.0
0,6000,PICNIC_BASKET1,59239.0,2.0,59238.0,11.0,59237.0,29.0,59243,1,59248.0,2.0,59249.0,11.0,59241.0,0.0
0,6100,PICNIC_BASKET1,59243.0,1.0,59242.0,11.0,59241.0,29.0,59252,1,59253.0,11.0,59254.0,29.0,59247.5,0.0
0,6200,PICNIC_BASKET1,59235.0,1.0,59234.0,13.0,59233.0,28.0,59244,1,59245.0,13.0,59246.0,28.0,59239.5,0.0
0,6300,PICNIC_BASKET1,59227.0,18.0,59226.0,20.0,,,59232,3,59238.0,18.0,59239.0,20.0,59229.5,0.0
0,6400,PICNIC_BASKET1,59225.0,16.0,59224.0,30.0,,,59236,16,59237.0,30.0,,,59230.5,0.0
0,6500,PICNIC_BASKET1,59227.0,20.0,59226.0,18.0,,,59238,20,59239.0,18.0,,,59232.5,0.0
0,6600,PICNIC_BASKET1,59229.0,1.0,59228.0,14.0,59227.0,22.0,59238,1,59239.0,14.0,59240.0,22.0,59233.5,0.0
0,6700,PICNIC_BASKET1,59229.0,2.0,59228.0,18.0,59227.0,26.0,59233,8,59238.0,2.0,59239.0,18.0,59231.0,0.0
0,6800,PICNIC_BASKET1,59227.0,1.0,59226.0,17.0,59225.0,19.0,59236,1,59237.0,17.0,59238.0,19.0,59231.5,0.0
0,6900,PICNIC_BASKET1,59223.0,20.0,59222.0,17.0,,,59234,37,,,,,59228.5,0.0
0,7000,PICNIC_BASKET1,59231.0,2.0,59230.0,34.0,,,59241,2,59242.0,34.0,,,59236.0,0.0
0,7100,PICNIC_BASKET1,59230.0,1.0,59229.0,13.0,59228.0,18.0,59239,1,59240.0,13.0,59241.0,18.0,59234.5,0.0
0,7200,PICNIC_BASKET1,59233.0,2.0,59232.0,11.0,59231.0,17.0,59242,2,59243.0,11.0,59244.0,17.0,59237.5,0.0
0,7300,PICNIC_BASKET1,59225.0,20.0,59224.0,16.0,,,59235,2,59236.0,18.0,59237.0,16.0,59230.0,0.0
0,7400,PICNIC_BASKET1,59229.0,1.0,59225.0,2.0,59224.0,33.0,59235,2,59236.0,33.0,,,59232.0,0.0
0,7500,PICNIC_BASKET1,59225.0,11.0,59224.0,17.0,,,59236,11,59237.0,17.0,,,59230.5,0.0
0,7600,PICNIC_BASKET1,59222.0,2.0,59221.0,10.0,59220.0,28.0,59226,6,59231.0,2.0,59232.0,10.0,59224.0,0.0
0,7700,PICNIC_BASKET1,59224.0,15.0,59223.0,25.0,,,59235,15,59236.0,25.0,,,59229.5,0.0
0,7800,PICNIC_BASKET1,59222.0,13.0,59221.0,30.0,,,59232,1,59233.0,12.0,59234.0,30.0,59227.0,0.0
0,7900,PICNIC_BASKET1,59222.0,1.0,59221.0,15.0,59220.0,27.0,59232,16,59233.0,27.0,,,59227.0,0.0
0,8000,PICNIC_BASKET1,59228.0,1.0,59227.0,16.0,59226.0,26.0,59237,1,59238.0,16.0,59239.0,26.0,59232.5,0.0
0,8100,PICNIC_BASKET1,59223.0,15.0,59222.0,28.0,,,59234,15,59235.0,28.0,,,59228.5,0.0
0,8200,PICNIC_BASKET1,59221.0,11.0,59220.0,22.0,,,59232,11,59233.0,22.0,,,59226.5,0.0
0,8300,PICNIC_BASKET1,59224.0,18.0,59223.0,29.0,,,59234,1,59235.0,46.0,,,59229.0,0.0
0,8400,PICNIC_BASKET1,59222.0,17.0,59221.0,22.0,,,59233,17,59234.0,22.0,,,59227.5,0.0
0,8500,PICNIC_BASKET1,59220.0,11.0,59219.0,16.0,,,59231,11,59232.0,16.0,,,59225.5,0.0
0,8600,PICNIC_BASKET1,59228.0,7.0,59219.0,1.0,59218.0,12.0,59229,12,59230.0,23.0,,,59228.5,0.0
0,8700,PICNIC_BASKET1,59220.0,1.0,59219.0,13.0,59218.0,16.0,59229,1,59230.0,13.0,59231.0,16.0,59224.5,0.0
0,8800,PICNIC_BASKET1,59213.0,15.0,59212.0,22.0,,,59224,15,59225.0,22.0,,,59218.5,0.0
0,8900,PICNIC_BASKET1,59212.0,1.0,59211.0,11.0,59210.0,27.0,59221,1,59222.0,11.0,59223.0,27.0,59216.5,0.0
0,9000,PICNIC_BASKET1,59214.0,4.0,59209.0,10.0,59208.0,15.0,59220,10,59221.0,15.0,,,59217.0,0.0
0,9100,PICNIC_BASKET1,59211.0,1.0,59210.0,47.0,,,59221,1,59222.0,47.0,,,59216.0,0.0
0,9200,PICNIC_BASKET1,59217.0,20.0,59216.0,15.0,,,59228,20,59229.0,15.0,,,59222.5,0.0
0,9300,PICNIC_BASKET1,59216.0,30.0,,,,,59228,30,,,,,59222.0,0.0
0,9400,PICNIC_BASKET1,59215.0,2.0,59214.0,15.0,59213.0,17.0,59224,2,59225.0,15.0,59226.0,17.0,59219.5,0.0
0,9500,PICNIC_BASKET1,59212.0,1.0,59211.0,14.0,59210.0,26.0,59221,1,59222.0,14.0,59223.0,26.0,59216.5,0.0
0,9600,PICNIC_BASKET1,59204.0,35.0,,,,,59216,35,,,,,59210.0,0.0
0,9700,PICNIC_BASKET1,59201.0,18.0,59200.0,21.0,,,59212,18,59213.0,21.0,,,59206.5,0.0
0,9800,PICNIC_BASKET1,59200.0,13.0,59199.0,16.0,,,59205,3,59211.0,13.0,59212.0,16.0,59202.5,0.0
0,9900,PICNIC_BASKET1,59202.0,13.0,59201.0,29.0,,,59213,13,59214.0,29.0,,,59207.5,0.0
0,10000,PICNIC_BASKET1,59205.0,2.0,59204.0,19.0,59203.0,28.0,59214,2,59215.0,19.0,59216.0,28.0,59209.5,0.0
0,10100,PICNIC_BASKET1,59207.0,31.0,,,,,59219,31,,,,,59213.0,0.0
0,10200,PICNIC_BASKET1,59210.0,2.0,59209.0,11.0,59208.0,29.0,59219,2,59220.0,11.0,59221.0,29.0,59214.5,0.0
0,10300,PICNIC_BASKET1,59214.0,2.0,59213.0,35.0,,,59224,2,59225.0,35.0,,,59219.0,0.0
0,10400,PICNIC_BASKET1,59218.0,16.0,59217.0,20.0,,,59229,16,59230.0,20.0,,,59223.5,0.0
0,10500,PICNIC_BASKET1,59217.0,1.0,59216.0,19.0,59215.0,21.0,59226,1,59227.0,19.0,59228.0,21.0,59221.5,0.0
0,10600,PICNIC_BASKET1,59215.0,18.0,59214.0,29.0,,,59226,18,59227.0,29.0,,,59220.5,0.0
0,10700,PICNIC_BASKET1,59221.0,14.0,59220.0,21.0,,,59232,14,59233.0,21.0,,,59226.5,0.0
0,10800,PICNIC_BASKET1,59224.0,18.0,59223.0,21.0,,,59235,18,59236.0,21.0,,,59229.5,0.0
0,10900,PICNIC_BASKET1,59229.0,1.0,59228.0,11.0,59227.0,25.0,59238,1,59239.0,11.0,59240.0,25.0,59233.5,0.0
0,11000,PICNIC_BASKET1,59229.0,1.0,59228.0,14.0,59227.0,16.0,59233,7,59238.0,1.0,59239.0,14.0,59231.0,0.0
0,11100,PICNIC_BASKET1,59236.0,2.0,59235.0,18.0,59234.0,22.0,59245,2,59246.0,18.0,59247.0,22.0,59240.5,0.0
0,11200,PICNIC_BASKET1,59234.0,1.0,59233.0,11.0,59232.0,23.0,59244,12,59245.0,23.0,,,59239.0,0.0
0,11300,PICNIC_BASKET1,59229.0,1.0,59228.0,10.0,59227.0,27.0,59239,11,59240.0,27.0,,,59234.0,0.0
0,11400,PICNIC_BASKET1,59229.0,1.0,59228.0,14.0,59227.0,30.0,59238,1,59239.0,14.0,59240.0,30.0,59233.5,0.0
0,11500,PICNIC_BASKET1,59231.0,1.0,59230.0,17.0,59229.0,29.0,59241,18,59242.0,29.0,,,59236.0,0.0
0,11600,PICNIC_BASKET1,59235.0,12.0,59234.0,23.0,,,59246,12,59247.0,23.0,,,59240.5,0.0
0,11700,PICNIC_BASKET1,59229.0,1.0,59228.0,14.0,59227.0,27.0,59238,1,59239.0,14.0,59240.0,27.0,59233.5,0.0
0,11800,PICNIC_BASKET1,59229.0,19.0,59228.0,18.0,,,59240,19,59241.0,18.0,,,59234.5,0.0
0,11900,PICNIC_BASKET1,59228.0,17.0,59227.0,26.0,,,59239,17,59240.0,26.0,,,59233.5,0.0
0,12000,PICNIC_BASKET1,59239.0,1.0,59234.0,13.0,59233.0,29.0,59245,13,59246.0,29.0,,,59242.0,0.0
0,12100,PICNIC_BASKET1,59240.0,2.0,59239.0,18.0,59238.0,26.0,59250,20,59251.0,26.0,,,59245.0,0.0
0,12200,PICNIC_BASKET1,59233.0,2.0,59232.0,12.0,59231.0,28.0,59242,2,59243.0,12.0,59244.0,28.0,59237.5,0.0
0,12300,PICNIC_BASKET1,59233.0,1.0,59232.0,14.0,59231.0,17.0,59242,1,59243.0,14.0,59244.0,17.0,59237.5,0.0
0,12400,PICNIC_BASKET1,59232.0,1.0,59231.0,28.0,,,59242,1,59243.0,28.0,,,59237.0,0.0
0,12500,PICNIC_BASKET1,59232.0,2.0,59231.0,39.0,,,59242,2,59243.0,39.0,,,59237.0,0.0
0,12600,PICNIC_BASKET1,59235.0,1.0,59234.0,12.0,59233.0,18.0,59244,1,59245.0,12.0,59246.0,18.0,59239.5,0.0
0,12700,PICNIC_BASKET1,59241.0,5.0,59236.0,22.0,59235.0,21.0,59246,2,59247.0,20.0,59248.0,21.0,59243.5,0.0
0,12800,PICNIC_BASKET1,59237.0,1.0,59236.0,13.0,59235.0,26.0,59246,1,59247.0,13.0,59248.0,26.0,59241.5,0.0
0,12900,PICNIC_BASKET1,59236.0,15.0,59235.0,26.0,,,59247,15,59248.0,26.0,,,59241.5,0.0
0,13000,PICNIC_BASKET1,59233.0,11.0,59232.0,23.0,,,59244,11,59245.0,23.0,,,59238.5,0.0
0,13100,PICNIC_BASKET1,59231.0,2.0,59230.0,20.0,59229.0,18.0,59240,2,59241.0,20.0,59242.0,18.0,59235.5,0.0
0,13200,PICNIC_BASKET1,59232.0,16.0,59231.0,23.0,,,59243,16,59244.0,23.0,,,59237.5,0.0
0,13300,PICNIC_BASKET1,59236.0,2.0,59235.0,15.0,59234.0,16.0,59245,2,59246.0,15.0,59247.0,16.0,59240.5,0.0
0,13400,PICNIC_BASKET1,59230.0,1.0,59229.0,14.0,59228.0,15.0,59239,1,59240.0,14.0,59241.0,15.0,59234.5,0.0
0,13500,PICNIC_BASKET1,59234.0,1.0,59233.0,16.0,59232.0,16.0,59243,1,59244.0,16.0,59245.0,16.0,59238.5,0.0
0,13600,PICNIC_BASKET1,59228.0,2.0,59227.0,17.0,59226.0,18.0,59237,2,59238.0,17.0,59239.0,18.0,59232.5,0.0
0,13700,PICNIC_BASKET1,59232.0,2.0,59231.0,19.0,59230.0,23.0,59241,2,59242.0,19.0,59243.0,23.0,59236.5,0.0
0,13800,PICNIC_BASKET1,59232.0,13.0,59231.0,18.0,,,59242,1,59243.0,30.0,,,59237.0,0.0
0,13900,PICNIC_BASKET1,59231.0,41.0,,,,,59243,41,,,,,59237.0,0.0
0,14000,PICNIC_BASKET1,59228.0,1.0,59227.0,31.0,,,59238,1,59239.0,31.0,,,59233.0,0.0
0,14100,PICNIC_BASKET1,59237.0,22.0,59236.0,27.0,,,59247,2,59248.0,20.0,59249.0,27.0,59242.0,0.0
0,14200,PICNIC_BASKET1,59238.0,2.0,59237.0,10.0,59236.0,16.0,59247,2,59248.0,10.0,59249.0,16.0,59242.5,0.0
0,14300,PICNIC_BASKET1,59247.0,3.0,59238.0,2.0,59237.0,20.0,59248,20,59249.0,27.0,,,59247.5,0.0
0,14400,PICNIC_BASKET1,59239.0,1.0,59238.0,16.0,59237.0,17.0,59248,1,59249.0,16.0,59250.0,17.0,59243.5,0.0
0,14500,PICNIC_BASKET1,59235.0,1.0,59234.0,14.0,59233.0,16.0,59244,1,59245.0,14.0,59246.0,16.0,59239.5,0.0
0,14600,PICNIC_BASKET1,59238.0,11.0,59237.0,21.0,,,59249,11,59250.0,21.0,,,59243.5,0.0
0,14700,PICNIC_BASKET1,59237.0,2.0,59236.0,11.0,59235.0,19.0,59246,2,59247.0,11.0,59248.0,19.0,59241.5,0.0
0,14800,PICNIC_BASKET1,59236.0,2.0,59235.0,14.0,59234.0,30.0,59245,2,59246.0,14.0,59247.0,30.0,59240.5,0.0
0,14900,PICNIC_BASKET1,59232.0,2.0,59231.0,15.0,59230.0,17.0,59241,2,59242.0,15.0,59243.0,17.0,59236.5,0.0
0,15000,PICNIC_BASKET1,59229.0,1.0,59228.0,13.0,59227.0,30.0,59238,1,59239.0,13.0,59240.0,30.0,59233.5,0.0
0,15100,PICNIC_BASKET1,59234.0,1.0,59233.0,14.0,59232.0,24.0,59243,1,59244.0,14.0,59245.0,24.0,59238.5,0.0
0,15200,PICNIC_BASKET1,59232.0,2.0,59231.0,11.0,59230.0,20.0,59241,2,59242.0,11.0,59243.0,20.0,59236.5,0.0
0,15300,PICNIC_BASKET1,59229.0,2.0,59228.0,14.0,59227.0,25.0,59238,2,59239.0,14.0,59240.0,25.0,59233.5,0.0
0,15400,PICNIC_BASKET1,59226.0,2.0,59225.0,47.0,,,59236,2,59237.0,47.0,,,59231.0,0.0
0,15500,PICNIC_BASKET1,59223.0,15.0,59222.0,23.0,,,59234,15,59235.0,23.0,,,59228.5,0.0
0,15600,PICNIC_BASKET1,59222.0,1.0,59221.0,18.0,59220.0,27.0,59231,1,59232.0,18.0,59233.0,27.0,59226.5,0.0
0,15700,PICNIC_BASKET1,59219.0,14.0,59218.0,17.0,,,59229,2,59230.0,12.0,59231.0,17.0,59224.0,0.0
0,15800,PICNIC_BASKET1,59218.0,2.0,59217.0,10.0,59216.0,21.0,59227,2,59228.0,10.0,59229.0,21.0,59222.5,0.0
0,15900,PICNIC_BASKET1,59218.0,20.0,59217.0,30.0,,,59229,20,59230.0,30.0,,,59223.5,0.0
0,16000,PICNIC_BASKET1,59221.0,2.0,59220.0,16.0,59219.0,30.0,59230,2,59231.0,16.0,59232.0,30.0,59225.5,0.0
0,16100,PICNIC_BASKET1,59219.0,15.0,59218.0,25.0,,,59230,15,59231.0,25.0,,,59224.5,0.0
0,16200,PICNIC_BASKET1,59215.0,10.0,59214.0,18.0,,,59226,10,59227.0,18.0,,,59220.5,0.0
0,16300,PICNIC_BASKET1,59214.0,2.0,59213.0,16.0,59212.0,19.0,59223,2,59224.0,16.0,59225.0,19.0,59218.5,0.0
0,16400,PICNIC_BASKET1,59219.0,2.0,59218.0,14.0,59217.0,29.0,59229,16,59230.0,29.0,,,59224.0,0.0
0,16500,PICNIC_BASKET1,59218.0,2.0,59217.0,20.0,59216.0,27.0,59227,2,59228.0,20.0,59229.0,27.0,59222.5,0.0
0,16600,PICNIC_BASKET1,59222.0,2.0,59221.0,17.0,59220.0,23.0,59231,2,59232.0,17.0,59233.0,23.0,59226.5,0.0
0,16700,PICNIC_BASKET1,59217.0,1.0,59216.0,16.0,59215.0,23.0,59226,1,59227.0,16.0,59228.0,23.0,59221.5,0.0
0,16800,PICNIC_BASKET1,59209.0,2.0,59208.0,34.0,,,59219,16,59220.0,20.0,,,59214.0,0.0
0,16900,PICNIC_BASKET1,59208.0,1.0,59207.0,19.0,59206.0,29.0,59218,20,59219.0,29.0,,,59213.0,0.0
0,17000,PICNIC_BASKET1,59208.0,20.0,59207.0,29.0,,,59219,20,59220.0,29.0,,,59213.5,0.0
0,17100,PICNIC_BASKET1,59212.0,1.0,59211.0,14.0,59210.0,27.0,59221,1,59222.0,14.0,59223.0,27.0,59216.5,0.0
0,17200,PICNIC_BASKET1,59212.0,2.0,59211.0,38.0,,,59222,12,59223.0,28.0,,,59217.0,0.0
0,17300,PICNIC_BASKET1,59221.0,3.0,59211.0,11.0,59210.0,22.0,59222,11,59223.0,22.0,,,59221.5,0.0
0,17400,PICNIC_BASKET1,59216.0,1.0,59215.0,13.0,59214.0,24.0,59225,1,59226.0,13.0,59227.0,24.0,59220.5,0.0
0,17500,PICNIC_BASKET1,59223.0,1.0,59222.0,11.0,59221.0,18.0,59232,1,59233.0,11.0,59234.0,18.0,59227.5,0.0
0,17600,PICNIC_BASKET1,59221.0,20.0,59220.0,17.0,,,59232,20,59233.0,17.0,,,59226.5,0.0
0,17700,PICNIC_BASKET1,59222.0,13.0,59221.0,19.0,,,59232,1,59233.0,31.0,,,59227.0,0.0
0,17800,PICNIC_BASKET1,59220.0,15.0,59219.0,21.0,,,59231,15,59232.0,21.0,,,59225.5,0.0
0,17900,PICNIC_BASKET1,59220.0,1.0,59219.0,36.0,,,59230,1,59231.0,36.0,,,59225.0,0.0
0,18000,PICNIC_BASKET1,59221.0,2.0,59220.0,13.0,59219.0,21.0,59230,2,59231.0,13.0,59232.0,21.0,59225.5,0.0
0,18100,PICNIC_BASKET1,59218.0,37.0,,,,,59229,10,59230.0,27.0,,,59223.5,0.0
0,18200,PICNIC_BASKET1,59218.0,1.0,59217.0,11.0,59216.0,19.0,59227,1,59228.0,11.0,59229.0,19.0,59222.5,0.0
0,18300,PICNIC_BASKET1,59223.0,7.0,59219.0,2.0,59218.0,10.0,59228,2,59229.0,10.0,59230.0,17.0,59225.5,0.0
0,18400,PICNIC_BASKET1,59221.0,14.0,59220.0,19.0,,,59231,1,59232.0,32.0,,,59226.0,0.0
0,18500,PICNIC_BASKET1,59221.0,2.0,59220.0,18.0,59219.0,16.0,59230,2,59231.0,18.0,59232.0,16.0,59225.5,0.0
0,18600,PICNIC_BASKET1,59217.0,14.0,59216.0,20.0,,,59227,1,59228.0,13.0,59229.0,20.0,59222.0,0.0
0,18700,PICNIC_BASKET1,59218.0,2.0,59217.0,38.0,,,59228,18,59229.0,22.0,,,59223.0,0.0
0,18800,PICNIC_BASKET1,59217.0,2.0,59216.0,17.0,59215.0,22.0,59226,2,59227.0,17.0,59228.0,22.0,59221.5,0.0
0,18900,PICNIC_BASKET1,59217.0,1.0,59216.0,17.0,59215.0,23.0,59226,1,59227.0,17.0,59228.0,23.0,59221.5,0.0
0,19000,PICNIC_BASKET1,59219.0,16.0,59218.0,19.0,,,59230,16,59231.0,19.0,,,59224.5,0.0
0,19100,PICNIC_BASKET1,59219.0,1.0,59218.0,16.0,59217.0,28.0,59228,1,59229.0,16.0,59230.0,28.0,59223.5,0.0
0,19200,PICNIC_BASKET1,59214.0,1.0,59213.0,10.0,59212.0,28.0,59223,1,59224.0,10.0,59225.0,28.0,59218.5,0.0
0,19300,PICNIC_BASKET1,59213.0,2.0,59212.0,17.0,59211.0,27.0,59222,2,59223.0,17.0,59224.0,27.0,59217.5,0.0
0,19400,PICNIC_BASKET1,59213.0,1.0,59212.0,16.0,59211.0,24.0,59222,1,59223.0,16.0,59224.0,24.0,59217.5,0.0
0,19500,PICNIC_BASKET1,59214.0,2.0,59213.0,10.0,59212.0,22.0,59223,2,59224.0,10.0,59225.0,22.0,59218.5,0.0
0,19600,PICNIC_BASKET1,59216.0,22.0,59215.0,22.0,,,59226,2,59227.0,20.0,59228.0,22.0,59221.0,0.0
0,19700,PICNIC_BASKET1,59221.0,1.0,59220.0,16.0,59219.0,29.0,59230,1,59231.0,16.0,59232.0,29.0,59225.5,0.0
0,19800,PICNIC_BASKET1,59224.0,19.0,59223.0,27.0,,,59235,19,59236.0,27.0,,,59229.5,0.0
0,19900,PICNIC_BASKET1,59222.0,1.0,59221.0,19.0,59220.0,29.0,59231,1,59232.0,19.0,59233.0,29.0,59226.5,0.0
0,20000,PICNIC_BASKET1,59223.0,1.0,59222.0,14.0,59221.0,18.0,59232,1,59233.0,14.0,59234.0,18.0,59227.5,0.0
0,20100,PICNIC_BASKET1,59222.0,2.0,59221.0,11.0,59220.0,15.0,59231,2,59232.0,11.0,59233.0,15.0,59226.5,0.0
0,20200,PICNIC_BASKET1,59218.0,14.0,59217.0,22.0,,,59229,14,59230.0,22.0,,,59223.5,0.0
0,20300,PICNIC_BASKET1,59217.0,2.0,59216.0,15.0,59215.0,29.0,59226,2,59227.0,15.0,59228.0,29.0,59221.5,0.0
0,20400,PICNIC_BASKET1,59215.0,42.0,,,,,59226,15,59227.0,27.0,,,59220.5,0.0
0,20500,PICNIC_BASKET1,59213.0,11.0,59212.0,18.0,,,59224,11,59225.0,18.0,,,59218.5,0.0
0,20600,PICNIC_BASKET1,59213.0,2.0,59212.0,28.0,,,59223,2,59224.0,28.0,,,59218.0,0.0
0,20700,PICNIC_BASKET1,59216.0,1.0,59215.0,12.0,59214.0,18.0,59225,1,59226.0,12.0,59227.0,18.0,59220.5,0.0
0,20800,PICNIC_BASKET1,59217.0,2.0,59216.0,20.0,59215.0,15.0,59226,2,59227.0,20.0,59228.0,15.0,59221.5,0.0
0,20900,PICNIC_BASKET1,59217.0,1.0,59216.0,11.0,59215.0,29.0,59226,1,59227.0,11.0,59228.0,29.0,59221.5,0.0
0,21000,PICNIC_BASKET1,59220.0,19.0,59219.0,21.0,,,59231,19,59232.0,21.0,,,59225.5,0.0
0,21100,PICNIC_BASKET1,59222.0,2.0,59221.0,11.0,59220.0,19.0,59231,2,59232.0,11.0,59233.0,19.0,59226.5,0.0
0,21200,PICNIC_BASKET1,59221.0,17.0,59220.0,18.0,,,59226,5,59232.0,17.0,59233.0,18.0,59223.5,0.0
0,21300,PICNIC_BASKET1,59222.0,14.0,59221.0,15.0,,,59233,14,59234.0,15.0,,,59227.5,0.0
0,21400,PICNIC_BASKET1,59225.0,15.0,59224.0,25.0,,,59236,40,,,,,59230.5,0.0
0,21500,PICNIC_BASKET1,59228.0,2.0,59227.0,11.0,59226.0,15.0,59232,1,59237.0,2.0,59238.0,11.0,59230.0,0.0
0,21600,PICNIC_BASKET1,59229.0,16.0,59228.0,17.0,,,59240,16,59241.0,17.0,,,59234.5,0.0
0,21700,PICNIC_BASKET1,59233.0,1.0,59232.0,20.0,59231.0,23.0,59242,1,59243.0,20.0,59244.0,23.0,59237.5,0.0
0,21800,PICNIC_BASKET1,59234.0,6.0,59233.0,15.0,,,59244,1,59245.0,10.0,59246.0,15.0,59239.0,0.0
0,21900,PICNIC_BASKET1,59232.0,2.0,59231.0,16.0,59230.0,21.0,59241,2,59242.0,16.0,59243.0,21.0,59236.5,0.0
0,22000,PICNIC_BASKET1,59234.0,1.0,59233.0,20.0,59232.0,26.0,59244,21,59245.0,26.0,,,59239.0,0.0
0,22100,PICNIC_BASKET1,59238.0,12.0,59237.0,19.0,,,59248,2,59249.0,29.0,,,59243.0,0.0
0,22200,PICNIC_BASKET1,59238.0,1.0,59237.0,34.0,,,59248,14,59249.0,21.0,,,59243.0,0.0
0,22300,PICNIC_BASKET1,59236.0,12.0,59235.0,25.0,,,59246,1,59247.0,11.0,59248.0,25.0,59241.0,0.0
0,22400,PICNIC_BASKET1,59233.0,2.0,59232.0,11.0,59231.0,27.0,59242,2,59243.0,11.0,59244.0,27.0,59237.5,0.0
0,22500,PICNIC_BASKET1,59237.0,12.0,59236.0,22.0,,,59248,12,59249.0,22.0,,,59242.5,0.0
0,22600,PICNIC_BASKET1,59244.0,8.0,59240.0,1.0,59239.0,13.0,59249,1,59250.0,13.0,59251.0,19.0,59246.5,0.0
0,22700,PICNIC_BASKET1,59245.0,11.0,59244.0,20.0,,,59256,11,59257.0,20.0,,,59250.5,0.0
0,22800,PICNIC_BASKET1,59245.0,1.0,59244.0,35.0,,,59255,1,59256.0,35.0,,,59250.0,0.0
0,22900,PICNIC_BASKET1,59245.0,2.0,59244.0,12.0,59243.0,15.0,59254,2,59255.0,12.0,59256.0,15.0,59249.5,0.0
0,23000,PICNIC_BASKET1,59246.0,2.0,59245.0,20.0,59244.0,20.0,59255,2,59256.0,20.0,59257.0,20.0,59250.5,0.0
0,23100,PICNIC_BASKET1,59246.0,1.0,59245.0,39.0,,,59256,13,59257.0,27.0,,,59251.0,0.0
0,23200,PICNIC_BASKET1,59241.0,18.0,59240.0,19.0,,,59252,18,59253.0,19.0,,,59246.5,0.0
0,23300,PICNIC_BASKET1,59234.0,10.0,59233.0,22.0,,,59245,10,59246.0,22.0,,,59239.5,0.0
0,23400,PICNIC_BASKET1,59226.0,18.0,59225.0,22.0,,,59237,18,59238.0,22.0,,,59231.5,0.0
0,23500,PICNIC_BASKET1,59224.0,15.0,59223.0,20.0,,,59234,2,59235.0,33.0,,,59229.0,0.0
0,23600,PICNIC_BASKET1,59221.0,41.0,,,,,59233,41,,,,,59227.0,0.0
0,23700,PICNIC_BASKET1,59219.0,38.0,,,,,59231,38,,,,,59225.0,0.0
0,23800,PICNIC_BASKET1,59217.0,22.0,59216.0,29.0,,,59227,2,59228.0,20.0,59229.0,29.0,59222.0,0.0
0,23900,PICNIC_BASKET1,59219.0,16.0,59218.0,21.0,,,59230,16,59231.0,21.0,,,59224.5,0.0
0,24000,PICNIC_BASKET1,59220.0,1.0,59219.0,13.0,59218.0,18.0,59229,1,59230.0,13.0,59231.0,18.0,59224.5,0.0
0,24100,PICNIC_BASKET1,59223.0,2.0,59222.0,20.0,59221.0,21.0,59232,2,59233.0,20.0,59234.0,21.0,59227.5,0.0
0,24200,PICNIC_BASKET1,59222.0,2.0,59221.0,19.0,59220.0,29.0,59231,2,59232.0,19.0,59233.0,29.0,59226.5,0.0
0,24300,PICNIC_BASKET1,59224.0,2.0,59223.0,10.0,59222.0,29.0,59233,2,59234.0,10.0,59235.0,29.0,59228.5,0.0
0,24400,PICNIC_BASKET1,59220.0,10.0,59219.0,29.0,,,59231,10,59232.0,29.0,,,59225.5,0.0
0,24500,PICNIC_BASKET1,59220.0,15.0,59219.0,24.0,,,59231,15,59232.0,24.0,,,59225.5,0.0
0,24600,PICNIC_BASKET1,59224.0,1.0,59223.0,19.0,59222.0,24.0,59233,1,59234.0,19.0,59235.0,24.0,59228.5,0.0
0,24700,PICNIC_BASKET1,59222.0,15.0,59221.0,24.0,,,59232,2,59233.0,13.0,59234.0,24.0,59227.0,0.0
0,24800,PICNIC_BASKET1,59230.0,2.0,59229.0,20.0,59228.0,23.0,59239,2,59240.0,20.0,59241.0,23.0,59234.5,0.0
0,24900,PICNIC_BASKET1,59231.0,2.0,59230.0,43.0,,,59241,2,59242.0,43.0,,,59236.0,0.0
0,25000,PICNIC_BASKET1,59235.0,1.0,59234.0,36.0,,,59245,1,59246.0,36.0,,,59240.0,0.0
0,25100,PICNIC_BASKET1,59228.0,14.0,59227.0,30.0,,,59239,14,59240.0,30.0,,,59233.5,0.0
0,25200,PICNIC_BASKET1,59231.0,2.0,59230.0,20.0,59229.0,30.0,59240,2,59241.0,20.0,59242.0,30.0,59235.5,0.0
0,25300,PICNIC_BASKET1,59229.0,2.0,59228.0,12.0,59227.0,28.0,59238,2,59239.0,12.0,59240.0,28.0,59233.5,0.0
0,25400,PICNIC_BASKET1,59222.0,2.0,59221.0,13.0,59220.0,17.0,59231,2,59232.0,13.0,59233.0,17.0,59226.5,0.0
0,25500,PICNIC_BASKET1,59221.0,2.0,59220.0,19.0,59219.0,27.0,59231,21,59232.0,27.0,,,59226.0,0.0
0,25600,PICNIC_BASKET1,59219.0,1.0,59218.0,16.0,59217.0,20.0,59223,7,59228.0,1.0,59229.0,16.0,59221.0,0.0
0,25700,PICNIC_BASKET1,59230.0,3.0,59221.0,1.0,59220.0,10.0,59231,10,59232.0,21.0,,,59230.5,0.0
0,25800,PICNIC_BASKET1,59217.0,1.0,59216.0,10.0,59215.0,26.0,59226,1,59227.0,10.0,59228.0,26.0,59221.5,0.0
0,25900,PICNIC_BASKET1,59215.0,12.0,59214.0,21.0,,,59226,12,59227.0,21.0,,,59220.5,0.0
0,26000,PICNIC_BASKET1,59214.0,20.0,59213.0,15.0,,,59225,20,59226.0,15.0,,,59219.5,0.0
0,26100,PICNIC_BASKET1,59210.0,14.0,59209.0,23.0,,,59221,14,59222.0,23.0,,,59215.5,0.0
0,26200,PICNIC_BASKET1,59214.0,1.0,59213.0,10.0,59212.0,27.0,59223,1,59224.0,10.0,59225.0,27.0,59218.5,0.0
0,26300,PICNIC_BASKET1,59213.0,13.0,59212.0,25.0,,,59224,13,59225.0,25.0,,,59218.5,0.0
0,26400,PICNIC_BASKET1,59211.0,12.0,59210.0,15.0,,,59222,27,,,,,59216.5,0.0
0,26500,PICNIC_BASKET1,59209.0,1.0,59208.0,41.0,,,59219,17,59220.0,25.0,,,59214.0,0.0
0,26600,PICNIC_BASKET1,59203.0,1.0,59202.0,20.0,59201.0,19.0,59212,1,59213.0,20.0,59214.0,19.0,59207.5,0.0
0,26700,PICNIC_BASKET1,59198.0,15.0,59197.0,24.0,,,59209,15,59210.0,24.0,,,59203.5,0.0
0,26800,PICNIC_BASKET1,59201.0,20.0,59200.0,21.0,,,59212,20,59213.0,21.0,,,59206.5,0.0
0,26900,PICNIC_BASKET1,59204.0,41.0,,,,,59216,41,,,,,59210.0,0.0
0,27000,PICNIC_BASKET1,59205.0,1.0,59204.0,15.0,59203.0,26.0,59214,1,59215.0,15.0,59216.0,26.0,59209.5,0.0
0,27100,PICNIC_BASKET1,59205.0,2.0,59204.0,10.0,59203.0,17.0,59214,2,59215.0,10.0,59216.0,17.0,59209.5,0.0
0,27200,PICNIC_BASKET1,59203.0,2.0,59202.0,12.0,59201.0,19.0,59212,2,59213.0,12.0,59214.0,19.0,59207.5,0.0
0,27300,PICNIC_BASKET1,59202.0,2.0,59201.0,16.0,59200.0,19.0,59211,2,59212.0,16.0,59213.0,19.0,59206.5,0.0
0,27400,PICNIC_BASKET1,59199.0,1.0,59198.0,19.0,59197.0,21.0,59208,1,59209.0,19.0,59210.0,21.0,59203.5,0.0
0,27500,PICNIC_BASKET1,59201.0,21.0,59200.0,15.0,,,59211,2,59212.0,19.0,59213.0,15.0,59206.0,0.0
0,27600,PICNIC_BASKET1,59203.0,1.0,59202.0,13.0,59201.0,15.0,59212,1,59213.0,13.0,59214.0,15.0,59207.5,0.0
0,27700,PICNIC_BASKET1,59200.0,38.0,,,,,59201,4,59211.0,2.0,59212.0,38.0,59200.5,0.0
0,27800,PICNIC_BASKET1,59213.0,5.0,59208.0,38.0,,,59220,38,,,,,59216.5,0.0
0,27900,PICNIC_BASKET1,59208.0,1.0,59207.0,18.0,59206.0,21.0,59217,1,59218.0,18.0,59219.0,21.0,59212.5,0.0
0,28000,PICNIC_BASKET1,59204.0,15.0,59203.0,28.0,,,59215,15,59216.0,28.0,,,59209.5,0.0
0,28100,PICNIC_BASKET1,59201.0,10.0,59200.0,23.0,,,59212,10,59213.0,23.0,,,59206.5,0.0
0,28200,PICNIC_BASKET1,59206.0,1.0,59205.0,13.0,59204.0,27.0,59215,1,59216.0,13.0,59217.0,27.0,59210.5,0.0
0,28300,PICNIC_BASKET1,59204.0,1.0,59203.0,40.0,,,59214,1,59215.0,40.0,,,59209.0,0.0
0,28400,PICNIC_BASKET1,59207.0,40.0,,,,,59219,40,,,,,59213.0,0.0
0,28500,PICNIC_BASKET1,59206.0,18.0,59205.0,27.0,,,59216,1,59217.0,44.0,,,59211.0,0.0
0,28600,PICNIC_BASKET1,59211.0,2.0,59210.0,33.0,,,59221,2,59222.0,33.0,,,59216.0,0.0
0,28700,PICNIC_BASKET1,59210.0,1.0,59209.0,11.0,59208.0,27.0,59219,1,59220.0,11.0,59221.0,27.0,59214.5,0.0
0,28800,PICNIC_BASKET1,59218.0,22.0,59217.0,15.0,,,59228,2,59229.0,35.0,,,59223.0,0.0
0,28900,PICNIC_BASKET1,59214.0,14.0,59213.0,29.0,,,59225,14,59226.0,29.0,,,59219.5,0.0
0,29000,PICNIC_BASKET1,59210.0,15.0,59209.0,21.0,,,59221,15,59222.0,21.0,,,59215.5,0.0
0,29100,PICNIC_BASKET1,59212.0,2.0,59211.0,10.0,59210.0,16.0,59221,2,59222.0,10.0,59223.0,16.0,59216.5,0.0
0,29200,PICNIC_BASKET1,59209.0,18.0,59208.0,15.0,,,59220,18,59221.0,15.0,,,59214.5,0.0
0,29300,PICNIC_BASKET1,59222.0,7.0,59213.0,19.0,59212.0,15.0,59224,19,59225.0,15.0,,,59223.0,0.0
0,29400,PICNIC_BASKET1,59213.0,1.0,59212.0,11.0,59211.0,22.0,59222,1,59223.0,11.0,59224.0,22.0,59217.5,0.0
0,29500,PICNIC_BASKET1,59211.0,2.0,59210.0,20.0,59209.0,15.0,59220,2,59221.0,20.0,59222.0,15.0,59215.5,0.0
0,29600,PICNIC_BASKET1,59209.0,18.0,59208.0,15.0,,,59220,18,59221.0,15.0,,,59214.5,0.0
0,29700,PICNIC_BASKET1,59213.0,1.0,59212.0,18.0,59211.0,16.0,59222,1,59223.0,18.0,59224.0,16.0,59217.5,0.0
0,29800,PICNIC_BASKET1,59209.0,1.0,59208.0,17.0,59207.0,22.0,59213,4,59218.0,1.0,59219.0,17.0,59211.0,0.0
0,29900,PICNIC_BASKET1,59211.0,1.0,59210.0,16.0,59209.0,16.0,59220,1,59221.0,16.0,59222.0,16.0,59215.5,0.0
0,30000,PICNIC_BASKET1,59211.0,1.0,59210.0,17.0,59209.0,17.0,59220,1,59221.0,17.0,59222.0,17.0,59215.5,0.0
0,30100,PICNIC_BASKET1,59214.0,19.0,59213.0,30.0,,,59225,19,59226.0,30.0,,,59219.5,0.0
0,30200,PICNIC_BASKET1,59213.0,2.0,59212.0,16.0,59211.0,30.0,59222,2,59223.0,16.0,59224.0,30.0,59217.5,0.0
0,30300,PICNIC_BASKET1,59222.0,2.0,59221.0,12.0,59220.0,15.0,59231,2,59232.0,12.0,59233.0,15.0,59226.5,0.0
0,30400,PICNIC_BASKET1,59221.0,2.0,59220.0,20.0,59219.0,25.0,59231,22,59232.0,25.0,,,59226.0,0.0
0,30500,PICNIC_BASKET1,59225.0,1.0,59224.0,12.0,59223.0,16.0,59229,1,59235.0,13.0,59236.0,16.0,59227.0,0.0
0,30600,PICNIC_BASKET1,59225.0,10.0,59224.0,21.0,,,59236,10,59237.0,21.0,,,59230.5,0.0
0,30700,PICNIC_BASKET1,59231.0,2.0,59227.0,1.0,59226.0,12.0,59236,1,59237.0,12.0,59238.0,15.0,59233.5,0.0
0,30800,PICNIC_BASKET1,59224.0,17.0,59223.0,15.0,,,59235,17,59236.0,15.0,,,59229.5,0.0
0,30900,PICNIC_BASKET1,59225.0,36.0,,,,,59236,18,59237.0,18.0,,,59230.5,0.0
0,31000,PICNIC_BASKET1,59223.0,10.0,59222.0,17.0,,,59234,10,59235.0,17.0,,,59228.5,0.0
0,31100,PICNIC_BASKET1,59220.0,1.0,59219.0,11.0,59218.0,30.0,59229,1,59230.0,11.0,59231.0,30.0,59224.5,0.0
0,31200,PICNIC_BASKET1,59222.0,15.0,59221.0,25.0,,,59232,2,59233.0,13.0,59234.0,25.0,59227.0,0.0
0,31300,PICNIC_BASKET1,59221.0,31.0,,,,,59233,31,,,,,59227.0,0.0
0,31400,PICNIC_BASKET1,59220.0,2.0,59219.0,40.0,,,59230,14,59231.0,28.0,,,59225.0,0.0
0,31500,PICNIC_BASKET1,59217.0,11.0,59216.0,25.0,,,59228,11,59229.0,25.0,,,59222.5,0.0
0,31600,PICNIC_BASKET1,59213.0,2.0,59212.0,20.0,59211.0,25.0,59222,2,59223.0,20.0,59224.0,25.0,59217.5,0.0
0,31700,PICNIC_BASKET1,59211.0,17.0,59210.0,23.0,,,59222,17,59223.0,23.0,,,59216.5,0.0
0,31800,PICNIC_BASKET1,59220.0,4.0,59210.0,10.0,59209.0,27.0,59221,10,59222.0,27.0,,,59220.5,0.0
0,31900,PICNIC_BASKET1,59206.0,2.0,59205.0,20.0,59204.0,17.0,59215,2,59216.0,20.0,59217.0,17.0,59210.5,0.0
0,32000,PICNIC_BASKET1,59208.0,1.0,59207.0,20.0,59206.0,19.0,59217,1,59218.0,20.0,59219.0,19.0,59212.5,0.0
0,32100,PICNIC_BASKET1,59206.0,16.0,59205.0,24.0,,,59216,1,59217.0,15.0,59218.0,24.0,59211.0,0.0
0,32200,PICNIC_BASKET1,59208.0,1.0,59207.0,11.0,59206.0,28.0,59217,1,59218.0,11.0,59219.0,28.0,59212.5,0.0
0,32300,PICNIC_BASKET1,59206.0,1.0,59205.0,18.0,59204.0,15.0,59215,1,59216.0,18.0,59217.0,15.0,59210.5,0.0
0,32400,PICNIC_BASKET1,59210.0,2.0,59209.0,16.0,59208.0,18.0,59219,2,59220.0,16.0,59221.0,18.0,59214.5,0.0
0,32500,PICNIC_BASKET1,59211.0,2.0,59210.0,15.0,59209.0,15.0,59220,2,59221.0,15.0,59222.0,15.0,59215.5,0.0
0,32600,PICNIC_BASKET1,59210.0,14.0,59209.0,15.0,,,59221,14,59222.0,15.0,,,59215.5,0.0
0,32700,PICNIC_BASKET1,59206.0,1.0,59205.0,12.0,59204.0,21.0,59210,2,59215.0,1.0,59216.0,12.0,59208.0,0.0
0,32800,PICNIC_BASKET1,59207.0,46.0,,,,,59218,19,59219.0,27.0,,,59212.5,0.0
0,32900,PICNIC_BASKET1,59209.0,4.0,59205.0,1.0,59204.0,20.0,59214,1,59215.0,20.0,59216.0,20.0,59211.5,0.0
0,33000,PICNIC_BASKET1,59207.0,1.0,59206.0,39.0,,,59211,3,59217.0,17.0,59218.0,23.0,59209.0,0.0
0,33100,PICNIC_BASKET1,59218.0,16.0,59217.0,22.0,,,59229,16,59230.0,22.0,,,59223.5,0.0
0,33200,PICNIC_BASKET1,59220.0,38.0,,,,,59232,38,,,,,59226.0,0.0
0,33300,PICNIC_BASKET1,59228.0,2.0,59227.0,14.0,59226.0,16.0,59237,2,59238.0,14.0,59239.0,16.0,59232.5,0.0
0,33400,PICNIC_BASKET1,59230.0,19.0,59229.0,17.0,,,59241,19,59242.0,17.0,,,59235.5,0.0
0,33500,PICNIC_BASKET1,59227.0,17.0,59226.0,23.0,,,59238,17,59239.0,23.0,,,59232.5,0.0
0,33600,PICNIC_BASKET1,59226.0,18.0,59225.0,29.0,,,59237,47,,,,,59231.5,0.0
0,33700,PICNIC_BASKET1,59218.0,1.0,59217.0,13.0,59216.0,19.0,59228,14,59229.0,19.0,,,59223.0,0.0
0,33800,PICNIC_BASKET1,59214.0,13.0,59213.0,21.0,,,59225,13,59226.0,21.0,,,59219.5,0.0
0,33900,PICNIC_BASKET1,59213.0,13.0,59212.0,22.0,,,59224,13,59225.0,22.0,,,59218.5,0.0
0,34000,PICNIC_BASKET1,59221.0,1.0,59220.0,39.0,,,59231,17,59232.0,23.0,,,59226.0,0.0
0,34100,PICNIC_BASKET1,59227.0,3.0,59223.0,1.0,59222.0,12.0,59232,1,59233.0,12.0,59234.0,20.0,59229.5,0.0
0,34200,PICNIC_BASKET1,59225.0,13.0,59224.0,27.0,,,59230,2,59235.0,1.0,59236.0,12.0,59227.5,0.0
0,34300,PICNIC_BASKET1,59221.0,2.0,59220.0,11.0,59219.0,26.0,59231,13,59232.0,26.0,,,59226.0,0.0
0,34400,PICNIC_BASKET1,59220.0,2.0,59219.0,12.0,59218.0,22.0,59229,2,59230.0,12.0,59231.0,22.0,59224.5,0.0
0,34500,PICNIC_BASKET1,59216.0,12.0,59215.0,24.0,,,59227,12,59228.0,24.0,,,59221.5,0.0
0,34600,PICNIC_BASKET1,59216.0,10.0,59215.0,16.0,,,59227,10,59228.0,16.0,,,59221.5,0.0
0,34700,PICNIC_BASKET1,59214.0,20.0,59213.0,28.0,,,59225,20,59226.0,28.0,,,59219.5,0.0
0,34800,PICNIC_BASKET1,59221.0,18.0,59220.0,15.0,,,59232,18,59233.0,15.0,,,59226.5,0.0
0,34900,PICNIC_BASKET1,59224.0,2.0,59223.0,19.0,59222.0,24.0,59233,2,59234.0,19.0,59235.0,24.0,59228.5,0.0
0,35000,PICNIC_BASKET1,59228.0,2.0,59227.0,17.0,59226.0,25.0,59237,2,59238.0,17.0,59239.0,25.0,59232.5,0.0
0,35100,PICNIC_BASKET1,59229.0,1.0,59228.0,10.0,59227.0,21.0,59238,1,59239.0,10.0,59240.0,21.0,59233.5,0.0
0,35200,PICNIC_BASKET1,59224.0,13.0,59223.0,24.0,,,59235,13,59236.0,24.0,,,59229.5,0.0
0,35300,PICNIC_BASKET1,59226.0,13.0,59225.0,29.0,,,59237,13,59238.0,29.0,,,59231.5,0.0
0,35400,PICNIC_BASKET1,59231.0,17.0,59230.0,23.0,,,59242,17,59243.0,23.0,,,59236.5,0.0
0,35500,PICNIC_BASKET1,59225.0,18.0,59224.0,24.0,,,59236,18,59237.0,24.0,,,59230.5,0.0
0,35600,PICNIC_BASKET1,59222.0,1.0,59221.0,11.0,59220.0,15.0,59231,1,59232.0,11.0,59233.0,15.0,59226.5,0.0
0,35700,PICNIC_BASKET1,59225.0,13.0,59224.0,29.0,,,59235,1,59236.0,41.0,,,59230.0,0.0
0,35800,PICNIC_BASKET1,59223.0,2.0,59222.0,19.0,59221.0,29.0,59233,21,59234.0,29.0,,,59228.0,0.0
0,35900,PICNIC_BASKET1,59221.0,21.0,59220.0,18.0,,,59231,1,59232.0,20.0,59233.0,18.0,59226.0,0.0
0,36000,PICNIC_BASKET1,59224.0,8.0,59219.0,17.0,59218.0,26.0,59230,43,,,,,59227.0,0.0
0,36100,PICNIC_BASKET1,59215.0,14.0,59214.0,27.0,,,59226,14,59227.0,27.0,,,59220.5,0.0
0,36200,PICNIC_BASKET1,59225.0,1.0,59224.0,17.0,59223.0,15.0,59234,1,59235.0,17.0,59236.0,15.0,59229.5,0.0
0,36300,PICNIC_BASKET1,59223.0,14.0,59222.0,16.0,,,59234,14,59235.0,16.0,,,59228.5,0.0
0,36400,PICNIC_BASKET1,59227.0,1.0,59226.0,15.0,59225.0,15.0,59236,1,59237.0,15.0,59238.0,15.0,59231.5,0.0
0,36500,PICNIC_BASKET1,59231.0,1.0,59230.0,14.0,59229.0,27.0,59240,1,59241.0,14.0,59242.0,27.0,59235.5,0.0
0,36600,PICNIC_BASKET1,59233.0,14.0,59232.0,27.0,,,59238,4,59244.0,14.0,59245.0,27.0,59235.5,0.0
0,36700,PICNIC_BASKET1,59228.0,16.0,59227.0,17.0,,,59239,16,59240.0,17.0,,,59233.5,0.0
0,36800,PICNIC_BASKET1,59231.0,1.0,59230.0,39.0,,,59241,1,59242.0,39.0,,,59236.0,0.0
0,36900,PICNIC_BASKET1,59232.0,2.0,59231.0,12.0,59230.0,20.0,59241,2,59242.0,12.0,59243.0,20.0,59236.5,0.0
0,37000,PICNIC_BASKET1,59228.0,14.0,59227.0,29.0,,,59239,14,59240.0,29.0,,,59233.5,0.0
0,37100,PICNIC_BASKET1,59234.0,1.0,59233.0,14.0,59232.0,27.0,59243,1,59244.0,14.0,59245.0,27.0,59238.5,0.0
0,37200,PICNIC_BASKET1,59231.0,10.0,59230.0,28.0,,,59242,10,59243.0,28.0,,,59236.5,0.0
0,37300,PICNIC_BASKET1,59228.0,12.0,59227.0,25.0,,,59239,12,59240.0,25.0,,,59233.5,0.0
0,37400,PICNIC_BASKET1,59228.0,1.0,59227.0,14.0,59226.0,30.0,59237,1,59238.0,14.0,59239.0,30.0,59232.5,0.0
0,37500,PICNIC_BASKET1,59221.0,12.0,59220.0,19.0,,,59232,12,59233.0,19.0,,,59226.5,0.0
0,37600,PICNIC_BASKET1,59229.0,2.0,59228.0,45.0,,,59234,3,59239.0,2.0,59240.0,45.0,59231.5,0.0
0,37700,PICNIC_BASKET1,59234.0,1.0,59233.0,20.0,59232.0,26.0,59243,1,59244.0,20.0,59245.0,26.0,59238.5,0.0
0,37800,PICNIC_BASKET1,59239.0,2.0,59238.0,49.0,,,59249,2,59250.0,49.0,,,59244.0,0.0
0,37900,PICNIC_BASKET1,59242.0,2.0,59241.0,10.0,59240.0,23.0,59251,2,59252.0,10.0,59253.0,23.0,59246.5,0.0
0,38000,PICNIC_BASKET1,59252.0,4.0,59246.0,36.0,,,59258,36,,,,,59255.0,0.0
0,38100,PICNIC_BASKET1,59246.0,20.0,59245.0,22.0,,,59251,1,59257.0,20.0,59258.0,22.0,59248.5,0.0
0,38200,PICNIC_BASKET1,59249.0,20.0,59248.0,18.0,,,59260,20,59261.0,18.0,,,59254.5,0.0
0,38300,PICNIC_BASKET1,59243.0,1.0,59242.0,19.0,59241.0,15.0,59253,20,59254.0,15.0,,,59248.0,0.0
0,38400,PICNIC_BASKET1,59243.0,10.0,59242.0,23.0,,,59254,10,59255.0,23.0,,,59248.5,0.0
0,38500,PICNIC_BASKET1,59254.0,6.0,59250.0,2.0,59249.0,17.0,59259,2,59260.0,17.0,59261.0,20.0,59256.5,0.0
0,38600,PICNIC_BASKET1,59250.0,13.0,59249.0,15.0,,,59261,13,59262.0,15.0,,,59255.5,0.0
0,38700,PICNIC_BASKET1,59241.0,1.0,59240.0,20.0,59239.0,20.0,59245,2,59250.0,1.0,59251.0,20.0,59243.0,0.0
0,38800,PICNIC_BASKET1,59247.0,5.0,59241.0,29.0,,,59253,29,,,,,59250.0,0.0
0,38900,PICNIC_BASKET1,59248.0,7.0,59243.0,21.0,59242.0,19.0,59253,1,59254.0,39.0,,,59250.5,0.0
0,39000,PICNIC_BASKET1,59242.0,33.0,,,,,59254,33,,,,,59248.0,0.0
0,39100,PICNIC_BASKET1,59242.0,1.0,59241.0,19.0,59240.0,16.0,59251,1,59252.0,19.0,59253.0,16.0,59246.5,0.0
0,39200,PICNIC_BASKET1,59238.0,40.0,,,,,59249,19,59250.0,21.0,,,59243.5,0.0
0,39300,PICNIC_BASKET1,59239.0,1.0,59238.0,13.0,59237.0,16.0,59248,1,59249.0,13.0,59250.0,16.0,59243.5,0.0
0,39400,PICNIC_BASKET1,59232.0,2.0,59231.0,16.0,59230.0,20.0,59241,2,59242.0,16.0,59243.0,20.0,59236.5,0.0
0,39500,PICNIC_BASKET1,59234.0,2.0,59233.0,11.0,59232.0,23.0,59243,2,59244.0,11.0,59245.0,23.0,59238.5,0.0
0,39600,PICNIC_BASKET1,59235.0,7.0,59234.0,17.0,,,59246,11,59247.0,17.0,,,59240.5,0.0
0,39700,PICNIC_BASKET1,59233.0,10.0,59232.0,23.0,,,59244,10,59245.0,23.0,,,59238.5,0.0
0,39800,PICNIC_BASKET1,59232.0,12.0,59231.0,21.0,,,59242,1,59243.0,11.0,59244.0,21.0,59237.0,0.0
0,39900,PICNIC_BASKET1,59233.0,2.0,59232.0,20.0,59231.0,20.0,59242,2,59243.0,20.0,59244.0,20.0,59237.5,0.0
0,40000,PICNIC_BASKET1,59247.0,1.0,59238.0,1.0,59237.0,13.0,59248,13,59249.0,29.0,,,59247.5,0.0
0,40100,PICNIC_BASKET1,59230.0,16.0,59229.0,27.0,,,59241,16,59242.0,27.0,,,59235.5,0.0
0,40200,PICNIC_BASKET1,59234.0,1.0,59233.0,14.0,59232.0,21.0,59243,1,59244.0,14.0,59245.0,21.0,59238.5,0.0
0,40300,PICNIC_BASKET1,59240.0,8.0,59236.0,1.0,59235.0,16.0,59245,1,59246.0,16.0,59247.0,24.0,59242.5,0.0
0,40400,PICNIC_BASKET1,59238.0,1.0,59237.0,15.0,59236.0,24.0,59247,1,59248.0,15.0,59249.0,24.0,59242.5,0.0
0,40500,PICNIC_BASKET1,59233.0,17.0,59232.0,26.0,,,59244,43,,,,,59238.5,0.0
0,40600,PICNIC_BASKET1,59240.0,2.0,59239.0,19.0,59238.0,18.0,59249,2,59250.0,19.0,59251.0,18.0,59244.5,0.0
0,40700,PICNIC_BASKET1,59240.0,2.0,59239.0,19.0,59238.0,15.0,59249,2,59250.0,19.0,59251.0,15.0,59244.5,0.0
0,40800,PICNIC_BASKET1,59243.0,15.0,59242.0,29.0,,,59254,15,59255.0,29.0,,,59248.5,0.0
0,40900,PICNIC_BASKET1,59246.0,13.0,59245.0,27.0,,,59257,13,59258.0,27.0,,,59251.5,0.0
0,41000,PICNIC_BASKET1,59243.0,18.0,59242.0,29.0,,,59254,18,59255.0,29.0,,,59248.5,0.0
0,41100,PICNIC_BASKET1,59244.0,1.0,59243.0,18.0,59242.0,20.0,59253,1,59254.0,18.0,59255.0,20.0,59248.5,0.0
0,41200,PICNIC_BASKET1,59238.0,14.0,59237.0,20.0,,,59248,1,59249.0,13.0,59250.0,20.0,59243.0,0.0
0,41300,PICNIC_BASKET1,59244.0,1.0,59243.0,11.0,59242.0,26.0,59253,1,59254.0,11.0,59255.0,26.0,59248.5,0.0
0,41400,PICNIC_BASKET1,59240.0,15.0,59239.0,29.0,,,59251,15,59252.0,29.0,,,59245.5,0.0
0,41500,PICNIC_BASKET1,59238.0,16.0,59237.0,22.0,,,59249,16,59250.0,22.0,,,59243.5,0.0
0,41600,PICNIC_BASKET1,59235.0,1.0,59234.0,38.0,,,59245,1,59246.0,38.0,,,59240.0,0.0
0,41700,PICNIC_BASKET1,59231.0,37.0,,,,,59243,37,,,,,59237.0,0.0
0,41800,PICNIC_BASKET1,59234.0,17.0,59233.0,26.0,,,59244,2,59245.0,15.0,59246.0,26.0,59239.0,0.0
0,41900,PICNIC_BASKET1,59234.0,2.0,59233.0,14.0,59232.0,27.0,59244,16,59245.0,27.0,,,59239.0,0.0
0,42000,PICNIC_BASKET1,59230.0,2.0,59229.0,12.0,59228.0,25.0,59239,2,59240.0,12.0,59241.0,25.0,59234.5,0.0
0,42100,PICNIC_BASKET1,59236.0,14.0,59235.0,25.0,,,59247,14,59248.0,25.0,,,59241.5,0.0
0,42200,PICNIC_BASKET1,59229.0,10.0,59228.0,23.0,,,59240,10,59241.0,23.0,,,59234.5,0.0
0,42300,PICNIC_BASKET1,59223.0,19.0,59222.0,21.0,,,59234,19,59235.0,21.0,,,59228.5,0.0
0,42400,PICNIC_BASKET1,59220.0,1.0,59219.0,14.0,59218.0,20.0,59229,1,59230.0,14.0,59231.0,20.0,59224.5,0.0
0,42500,PICNIC_BASKET1,59218.0,2.0,59217.0,10.0,59216.0,24.0,59227,2,59228.0,10.0,59229.0,24.0,59222.5,0.0
0,42600,PICNIC_BASKET1,59215.0,12.0,59214.0,16.0,,,59226,12,59227.0,16.0,,,59220.5,0.0
0,42700,PICNIC_BASKET1,59221.0,2.0,59220.0,10.0,59219.0,19.0,59230,2,59231.0,10.0,59232.0,19.0,59225.5,0.0
0,42800,PICNIC_BASKET1,59222.0,13.0,59221.0,16.0,,,59233,13,59234.0,16.0,,,59227.5,0.0
0,42900,PICNIC_BASKET1,59216.0,19.0,59215.0,28.0,,,59227,19,59228.0,28.0,,,59221.5,0.0
0,43000,PICNIC_BASKET1,59214.0,1.0,59213.0,15.0,59212.0,21.0,59223,1,59224.0,15.0,59225.0,21.0,59218.5,0.0
0,43100,PICNIC_BASKET1,59214.0,2.0,59213.0,13.0,59212.0,25.0,59223,2,59224.0,13.0,59225.0,25.0,59218.5,0.0
0,43200,PICNIC_BASKET1,59214.0,1.0,59213.0,13.0,59212.0,26.0,59223,1,59224.0,13.0,59225.0,26.0,59218.5,0.0
0,43300,PICNIC_BASKET1,59210.0,34.0,,,,,59222,34,,,,,59216.0,0.0
0,43400,PICNIC_BASKET1,59215.0,2.0,59214.0,10.0,59213.0,21.0,59224,2,59225.0,10.0,59226.0,21.0,59219.5,0.0
0,43500,PICNIC_BASKET1,59215.0,1.0,59214.0,14.0,59213.0,19.0,59224,1,59225.0,14.0,59226.0,19.0,59219.5,0.0
0,43600,PICNIC_BASKET1,59218.0,10.0,59217.0,19.0,,,59223,8,59229.0,10.0,59230.0,19.0,59220.5,0.0
0,43700,PICNIC_BASKET1,59212.0,2.0,59211.0,13.0,59210.0,30.0,59221,2,59222.0,13.0,59223.0,30.0,59216.5,0.0
0,43800,PICNIC_BASKET1,59211.0,18.0,59210.0,16.0,,,59222,18,59223.0,16.0,,,59216.5,0.0
0,43900,PICNIC_BASKET1,59213.0,37.0,,,,,59225,37,,,,,59219.0,0.0
0,44000,PICNIC_BASKET1,59218.0,1.0,59217.0,15.0,59216.0,25.0,59227,1,59228.0,15.0,59229.0,25.0,59222.5,0.0
0,44100,PICNIC_BASKET1,59218.0,2.0,59217.0,20.0,59216.0,21.0,59227,2,59228.0,20.0,59229.0,21.0,59222.5,0.0
0,44200,PICNIC_BASKET1,59215.0,2.0,59214.0,11.0,59213.0,22.0,59224,2,59225.0,11.0,59226.0,22.0,59219.5,0.0
0,44300,PICNIC_BASKET1,59222.0,1.0,59221.0,10.0,59220.0,25.0,59231,1,59232.0,10.0,59233.0,25.0,59226.5,0.0
0,44400,PICNIC_BASKET1,59218.0,1.0,59217.0,19.0,59216.0,20.0,59227,1,59228.0,19.0,59229.0,20.0,59222.5,0.0
0,44500,PICNIC_BASKET1,59208.0,1.0,59207.0,38.0,,,59218,12,59219.0,27.0,,,59213.0,0.0
0,44600,PICNIC_BASKET1,59205.0,12.0,59204.0,20.0,,,59216,12,59217.0,20.0,,,59210.5,0.0
0,44700,PICNIC_BASKET1,59202.0,1.0,59201.0,20.0,59200.0,19.0,59211,1,59212.0,20.0,59213.0,19.0,59206.5,0.0
0,44800,PICNIC_BASKET1,59205.0,2.0,59204.0,16.0,59203.0,18.0,59214,2,59215.0,16.0,59216.0,18.0,59209.5,0.0
0,44900,PICNIC_BASKET1,59201.0,14.0,59200.0,26.0,,,59212,14,59213.0,26.0,,,59206.5,0.0
0,45000,PICNIC_BASKET1,59202.0,17.0,59201.0,17.0,,,59212,1,59213.0,35.0,,,59207.0,0.0
0,45100,PICNIC_BASKET1,59196.0,2.0,59195.0,20.0,59194.0,21.0,59205,2,59206.0,20.0,59207.0,21.0,59200.5,0.0
0,45200,PICNIC_BASKET1,59190.0,19.0,59189.0,23.0,,,59201,19,59202.0,23.0,,,59195.5,0.0
0,45300,PICNIC_BASKET1,59192.0,11.0,59191.0,21.0,,,59197,1,59202.0,1.0,59203.0,10.0,59194.5,0.0
0,45400,PICNIC_BASKET1,59195.0,1.0,59194.0,20.0,59193.0,20.0,59204,1,59205.0,20.0,59206.0,20.0,59199.5,0.0
0,45500,PICNIC_BASKET1,59201.0,1.0,59200.0,15.0,59199.0,26.0,59210,1,59211.0,15.0,59212.0,26.0,59205.5,0.0
0,45600,PICNIC_BASKET1,59200.0,1.0,59199.0,46.0,,,59210,18,59211.0,29.0,,,59205.0,0.0
0,45700,PICNIC_BASKET1,59201.0,20.0,59200.0,29.0,,,59212,20,59213.0,29.0,,,59206.5,0.0
0,45800,PICNIC_BASKET1,59192.0,2.0,59191.0,11.0,59190.0,25.0,59201,2,59202.0,11.0,59203.0,25.0,59196.5,0.0
0,45900,PICNIC_BASKET1,59199.0,15.0,59198.0,28.0,,,59209,1,59210.0,14.0,59211.0,28.0,59204.0,0.0
0,46000,PICNIC_BASKET1,59202.0,2.0,59201.0,18.0,59200.0,19.0,59211,2,59212.0,18.0,59213.0,19.0,59206.5,0.0
0,46100,PICNIC_BASKET1,59208.0,2.0,59207.0,32.0,,,59218,15,59219.0,19.0,,,59213.0,0.0
0,46200,PICNIC_BASKET1,59218.0,5.0,59209.0,16.0,59208.0,20.0,59220,16,59221.0,20.0,,,59219.0,0.0
0,46300,PICNIC_BASKET1,59225.0,4.0,59216.0,1.0,59215.0,18.0,59226,18,59227.0,25.0,,,59225.5,0.0
0,46400,PICNIC_BASKET1,59217.0,14.0,59216.0,20.0,,,59228,14,59229.0,20.0,,,59222.5,0.0
0,46500,PICNIC_BASKET1,59218.0,14.0,59217.0,29.0,,,59228,2,59229.0,12.0,59230.0,29.0,59223.0,0.0
0,46600,PICNIC_BASKET1,59224.0,2.0,59223.0,16.0,59222.0,22.0,59233,2,59234.0,16.0,59235.0,22.0,59228.5,0.0
0,46700,PICNIC_BASKET1,59225.0,1.0,59224.0,16.0,59223.0,21.0,59234,1,59235.0,16.0,59236.0,21.0,59229.5,0.0
0,46800,PICNIC_BASKET1,59224.0,1.0,59223.0,20.0,59222.0,21.0,59233,1,59234.0,20.0,59235.0,21.0,59228.5,0.0
0,46900,PICNIC_BASKET1,59225.0,2.0,59224.0,16.0,59223.0,29.0,59234,2,59235.0,16.0,59236.0,29.0,59229.5,0.0
0,47000,PICNIC_BASKET1,59224.0,18.0,59223.0,30.0,,,59235,18,59236.0,30.0,,,59229.5,0.0
0,47100,PICNIC_BASKET1,59225.0,18.0,59224.0,19.0,,,59236,18,59237.0,19.0,,,59230.5,0.0
0,47200,PICNIC_BASKET1,59228.0,19.0,59227.0,19.0,,,59239,19,59240.0,19.0,,,59233.5,0.0
0,47300,PICNIC_BASKET1,59227.0,11.0,59226.0,15.0,,,59238,11,59239.0,15.0,,,59232.5,0.0
0,47400,PICNIC_BASKET1,59225.0,2.0,59224.0,13.0,59223.0,18.0,59234,2,59235.0,13.0,59236.0,18.0,59229.5,0.0
0,47500,PICNIC_BASKET1,59225.0,19.0,59224.0,15.0,,,59236,19,59237.0,15.0,,,59230.5,0.0
0,47600,PICNIC_BASKET1,59223.0,15.0,59222.0,28.0,,,59234,15,59235.0,28.0,,,59228.5,0.0
0,47700,PICNIC_BASKET1,59224.0,1.0,59223.0,14.0,59222.0,17.0,59233,1,59234.0,14.0,59235.0,17.0,59228.5,0.0
0,47800,PICNIC_BASKET1,59217.0,11.0,59216.0,30.0,,,59228,11,59229.0,30.0,,,59222.5,0.0
0,47900,PICNIC_BASKET1,59215.0,11.0,59214.0,30.0,,,59226,11,59227.0,30.0,,,59220.5,0.0
0,48000,PICNIC_BASKET1,59223.0,20.0,59222.0,30.0,,,59233,2,59234.0,18.0,59235.0,30.0,59228.0,0.0
0,48100,PICNIC_BASKET1,59219.0,12.0,59218.0,24.0,,,59224,2,59230.0,12.0,59231.0,24.0,59221.5,0.0
0,48200,PICNIC_BASKET1,59220.0,1.0,59219.0,17.0,59218.0,28.0,59229,1,59230.0,17.0,59231.0,28.0,59224.5,0.0
0,48300,PICNIC_BASKET1,59215.0,15.0,59214.0,26.0,,,59226,15,59227.0,26.0,,,59220.5,0.0
0,48400,PICNIC_BASKET1,59218.0,10.0,59217.0,30.0,,,59229,10,59230.0,30.0,,,59223.5,0.0
0,48500,PICNIC_BASKET1,59224.0,6.0,59219.0,16.0,59218.0,17.0,59230,16,59231.0,17.0,,,59227.0,0.0
0,48600,PICNIC_BASKET1,59213.0,2.0,59212.0,34.0,,,59223,14,59224.0,22.0,,,59218.0,0.0
0,48700,PICNIC_BASKET1,59209.0,11.0,59208.0,22.0,,,59220,11,59221.0,22.0,,,59214.5,0.0
0,48800,PICNIC_BASKET1,59209.0,2.0,59208.0,10.0,59207.0,27.0,59219,12,59220.0,27.0,,,59214.0,0.0
0,48900,PICNIC_BASKET1,59210.0,1.0,59209.0,14.0,59208.0,22.0,59219,1,59220.0,14.0,59221.0,22.0,59214.5,0.0
0,49000,PICNIC_BASKET1,59209.0,11.0,59208.0,25.0,,,59220,11,59221.0,25.0,,,59214.5,0.0
0,49100,PICNIC_BASKET1,59206.0,5.0,59201.0,15.0,59200.0,25.0,59212,15,59213.0,25.0,,,59209.0,0.0
0,49200,PICNIC_BASKET1,59201.0,18.0,59200.0,18.0,,,59211,2,59212.0,34.0,,,59206.0,0.0
0,49300,PICNIC_BASKET1,59203.0,16.0,59202.0,19.0,,,59214,35,,,,,59208.5,0.0
0,49400,PICNIC_BASKET1,59203.0,1.0,59202.0,13.0,59201.0,27.0,59212,1,59213.0,13.0,59214.0,27.0,59207.5,0.0
0,49500,PICNIC_BASKET1,59196.0,10.0,59195.0,25.0,,,59207,10,59208.0,25.0,,,59201.5,0.0
0,49600,PICNIC_BASKET1,59197.0,20.0,59196.0,19.0,,,59208,20,59209.0,19.0,,,59202.5,0.0
0,49700,PICNIC_BASKET1,59203.0,4.0,59199.0,2.0,59198.0,16.0,59208,2,59209.0,16.0,59210.0,24.0,59205.5,0.0
0,49800,PICNIC_BASKET1,59202.0,1.0,59201.0,17.0,59200.0,30.0,59212,18,59213.0,30.0,,,59207.0,0.0
0,49900,PICNIC_BASKET1,59210.0,2.0,59209.0,13.0,59208.0,22.0,59219,2,59220.0,13.0,59221.0,22.0,59214.5,0.0
0,50000,PICNIC_BASKET1,59212.0,1.0,59211.0,32.0,,,59222,13,59223.0,20.0,,,59217.0,0.0
0,50100,PICNIC_BASKET1,59216.0,2.0,59215.0,19.0,59214.0,15.0,59225,2,59226.0,19.0,59227.0,15.0,59220.5,0.0
0,50200,PICNIC_BASKET1,59215.0,2.0,59214.0,10.0,59213.0,21.0,59224,2,59225.0,10.0,59226.0,21.0,59219.5,0.0
0,50300,PICNIC_BASKET1,59221.0,1.0,59220.0,12.0,59219.0,26.0,59230,1,59231.0,12.0,59232.0,26.0,59225.5,0.0
0,50400,PICNIC_BASKET1,59223.0,1.0,59222.0,16.0,59221.0,22.0,59233,17,59234.0,22.0,,,59228.0,0.0
0,50500,PICNIC_BASKET1,59224.0,1.0,59223.0,19.0,59222.0,17.0,59233,1,59234.0,19.0,59235.0,17.0,59228.5,0.0
0,50600,PICNIC_BASKET1,59224.0,1.0,59223.0,12.0,59222.0,23.0,59233,1,59234.0,12.0,59235.0,23.0,59228.5,0.0
0,50700,PICNIC_BASKET1,59222.0,15.0,59221.0,30.0,,,59233,15,59234.0,30.0,,,59227.5,0.0
0,50800,PICNIC_BASKET1,59221.0,16.0,59220.0,21.0,,,59232,16,59233.0,21.0,,,59226.5,0.0
0,50900,PICNIC_BASKET1,59222.0,1.0,59221.0,20.0,59220.0,21.0,59231,1,59232.0,20.0,59233.0,21.0,59226.5,0.0
0,51000,PICNIC_BASKET1,59222.0,2.0,59221.0,19.0,59220.0,19.0,59232,21,59233.0,19.0,,,59227.0,0.0
0,51100,PICNIC_BASKET1,59226.0,1.0,59225.0,18.0,59224.0,15.0,59235,1,59236.0,18.0,59237.0,15.0,59230.5,0.0
0,51200,PICNIC_BASKET1,59228.0,2.0,59227.0,17.0,59226.0,20.0,59237,2,59238.0,17.0,59239.0,20.0,59232.5,0.0
0,51300,PICNIC_BASKET1,59223.0,2.0,59222.0,19.0,59221.0,25.0,59232,2,59233.0,19.0,59234.0,25.0,59227.5,0.0
0,51400,PICNIC_BASKET1,59217.0,37.0,,,,,59228,17,59229.0,20.0,,,59222.5,0.0
0,51500,PICNIC_BASKET1,59218.0,15.0,59217.0,17.0,,,59228,2,59229.0,30.0,,,59223.0,0.0
0,51600,PICNIC_BASKET1,59217.0,2.0,59216.0,42.0,,,59227,2,59228.0,42.0,,,59222.0,0.0
0,51700,PICNIC_BASKET1,59220.0,2.0,59219.0,17.0,59218.0,21.0,59230,19,59231.0,21.0,,,59225.0,0.0
0,51800,PICNIC_BASKET1,59222.0,2.0,59221.0,15.0,59220.0,21.0,59226,5,59231.0,2.0,59232.0,15.0,59224.0,0.0
0,51900,PICNIC_BASKET1,59224.0,13.0,59223.0,19.0,,,59234,1,59235.0,12.0,59236.0,19.0,59229.0,0.0
0,52000,PICNIC_BASKET1,59225.0,1.0,59224.0,20.0,59223.0,20.0,59234,1,59235.0,20.0,59236.0,20.0,59229.5,0.0
0,52100,PICNIC_BASKET1,59228.0,14.0,59227.0,28.0,,,59239,14,59240.0,28.0,,,59233.5,0.0
0,52200,PICNIC_BASKET1,59231.0,11.0,59230.0,23.0,,,59242,11,59243.0,23.0,,,59236.5,0.0
0,52300,PICNIC_BASKET1,59236.0,16.0,59235.0,19.0,,,59247,16,59248.0,19.0,,,59241.5,0.0
0,52400,PICNIC_BASKET1,59239.0,13.0,59238.0,22.0,,,59249,2,59250.0,11.0,59251.0,22.0,59244.0,0.0
0,52500,PICNIC_BASKET1,59242.0,1.0,59241.0,20.0,59240.0,20.0,59251,1,59252.0,20.0,59253.0,20.0,59246.5,0.0
0,52600,PICNIC_BASKET1,59245.0,1.0,59244.0,18.0,59243.0,16.0,59254,1,59255.0,18.0,59256.0,16.0,59249.5,0.0
0,52700,PICNIC_BASKET1,59244.0,12.0,59243.0,20.0,,,59255,12,59256.0,20.0,,,59249.5,0.0
0,52800,PICNIC_BASKET1,59240.0,29.0,,,,,59251,12,59252.0,17.0,,,59245.5,0.0
0,52900,PICNIC_BASKET1,59251.0,1.0,59250.0,14.0,59249.0,25.0,59260,1,59261.0,14.0,59262.0,25.0,59255.5,0.0
0,53000,PICNIC_BASKET1,59242.0,18.0,59241.0,23.0,,,59253,18,59254.0,23.0,,,59247.5,0.0
0,53100,PICNIC_BASKET1,59240.0,1.0,59239.0,44.0,,,59250,1,59251.0,44.0,,,59245.0,0.0
0,53200,PICNIC_BASKET1,59245.0,1.0,59244.0,16.0,59243.0,27.0,59254,1,59255.0,16.0,59256.0,27.0,59249.5,0.0
0,53300,PICNIC_BASKET1,59242.0,1.0,59241.0,10.0,59240.0,29.0,59252,11,59253.0,29.0,,,59247.0,0.0
0,53400,PICNIC_BASKET1,59244.0,18.0,59243.0,30.0,,,59255,18,59256.0,30.0,,,59249.5,0.0
0,53500,PICNIC_BASKET1,59252.0,1.0,59251.0,13.0,59250.0,22.0,59261,1,59262.0,13.0,59263.0,22.0,59256.5,0.0
0,53600,PICNIC_BASKET1,59260.0,6.0,59250.0,36.0,,,59262,36,,,,,59261.0,0.0
0,53700,PICNIC_BASKET1,59249.0,2.0,59248.0,19.0,59247.0,20.0,59258,2,59259.0,19.0,59260.0,20.0,59253.5,0.0
0,53800,PICNIC_BASKET1,59253.0,2.0,59252.0,11.0,59251.0,15.0,59263,13,59264.0,15.0,,,59258.0,0.0
0,53900,PICNIC_BASKET1,59247.0,47.0,,,,,59253,2,59259.0,47.0,,,59250.0,0.0
0,54000,PICNIC_BASKET1,59242.0,1.0,59241.0,14.0,59240.0,22.0,59246,7,59251.0,1.0,59252.0,14.0,59244.0,0.0
0,54100,PICNIC_BASKET1,59251.0,41.0,,,,,59263,41,,,,,59257.0,0.0
0,54200,PICNIC_BASKET1,59250.0,7.0,59249.0,27.0,,,59260,1,59261.0,12.0,59262.0,27.0,59255.0,0.0
0,54300,PICNIC_BASKET1,59253.0,6.0,59248.0,15.0,59247.0,30.0,59259,15,59260.0,30.0,,,59256.0,0.0
0,54400,PICNIC_BASKET1,59249.0,17.0,59248.0,27.0,,,59259,2,59260.0,15.0,59261.0,27.0,59254.0,0.0
0,54500,PICNIC_BASKET1,59249.0,15.0,59248.0,20.0,,,59260,15,59261.0,20.0,,,59254.5,0.0
0,54600,PICNIC_BASKET1,59247.0,2.0,59246.0,12.0,59245.0,15.0,59257,14,59258.0,15.0,,,59252.0,0.0
0,54700,PICNIC_BASKET1,59254.0,7.0,59249.0,17.0,59248.0,19.0,59260,36,,,,,59257.0,0.0
0,54800,PICNIC_BASKET1,59245.0,1.0,59244.0,13.0,59243.0,29.0,59254,1,59255.0,13.0,59256.0,29.0,59249.5,0.0
0,54900,PICNIC_BASKET1,59243.0,12.0,59242.0,23.0,,,59253,1,59254.0,34.0,,,59248.0,0.0
0,55000,PICNIC_BASKET1,59245.0,13.0,59244.0,25.0,,,59256,13,59257.0,25.0,,,59250.5,0.0
0,55100,PICNIC_BASKET1,59247.0,2.0,59246.0,18.0,59245.0,23.0,59257,20,59258.0,23.0,,,59252.0,0.0
0,55200,PICNIC_BASKET1,59250.0,29.0,,,,,59262,29,,,,,59256.0,0.0
0,55300,PICNIC_BASKET1,59248.0,1.0,59247.0,15.0,59246.0,21.0,59257,1,59258.0,15.0,59259.0,21.0,59252.5,0.0
0,55400,PICNIC_BASKET1,59246.0,1.0,59245.0,19.0,59244.0,26.0,59255,1,59256.0,19.0,59257.0,26.0,59250.5,0.0
0,55500,PICNIC_BASKET1,59249.0,15.0,59248.0,19.0,,,59260,15,59261.0,19.0,,,59254.5,0.0
0,55600,PICNIC_BASKET1,59254.0,1.0,59253.0,16.0,59252.0,23.0,59263,1,59264.0,16.0,59265.0,23.0,59258.5,0.0
0,55700,PICNIC_BASKET1,59246.0,20.0,59245.0,15.0,,,59257,20,59258.0,15.0,,,59251.5,0.0
0,55800,PICNIC_BASKET1,59248.0,2.0,59247.0,45.0,,,59258,18,59259.0,29.0,,,59253.0,0.0
0,55900,PICNIC_BASKET1,59249.0,30.0,,,,,59260,13,59261.0,17.0,,,59254.5,0.0
0,56000,PICNIC_BASKET1,59248.0,2.0,59247.0,14.0,59246.0,19.0,59257,2,59258.0,14.0,59259.0,19.0,59252.5,0.0
0,56100,PICNIC_BASKET1,59247.0,1.0,59246.0,14.0,59245.0,24.0,59256,1,59257.0,14.0,59258.0,24.0,59251.5,0.0
0,56200,PICNIC_BASKET1,59244.0,2.0,59243.0,16.0,59242.0,23.0,59253,2,59254.0,16.0,59255.0,23.0,59248.5,0.0
0,56300,PICNIC_BASKET1,59239.0,20.0,59238.0,21.0,,,59250,20,59251.0,21.0,,,59244.5,0.0
0,56400,PICNIC_BASKET1,59237.0,10.0,59236.0,16.0,,,59248,18,59249.0,16.0,,,59242.5,0.0
0,56500,PICNIC_BASKET1,59233.0,16.0,59232.0,15.0,,,59244,16,59245.0,15.0,,,59238.5,0.0
0,56600,PICNIC_BASKET1,59233.0,1.0,59232.0,16.0,59231.0,16.0,59243,17,59244.0,16.0,,,59238.0,0.0
0,56700,PICNIC_BASKET1,59237.0,15.0,59236.0,29.0,,,59248,15,59249.0,29.0,,,59242.5,0.0
0,56800,PICNIC_BASKET1,59242.0,14.0,59241.0,17.0,,,59253,14,59254.0,17.0,,,59247.5,0.0
0,56900,PICNIC_BASKET1,59241.0,14.0,59240.0,30.0,,,59246,6,59252.0,14.0,59253.0,30.0,59243.5,0.0
0,57000,PICNIC_BASKET1,59236.0,12.0,59235.0,17.0,,,59247,12,59248.0,17.0,,,59241.5,0.0
0,57100,PICNIC_BASKET1,59235.0,20.0,59234.0,22.0,,,59245,2,59246.0,18.0,59247.0,22.0,59240.0,0.0
0,57200,PICNIC_BASKET1,59237.0,12.0,59236.0,24.0,,,59248,12,59249.0,24.0,,,59242.5,0.0
0,57300,PICNIC_BASKET1,59242.0,31.0,,,,,59254,31,,,,,59248.0,0.0
0,57400,PICNIC_BASKET1,59241.0,2.0,59240.0,14.0,59239.0,30.0,59250,2,59251.0,14.0,59252.0,30.0,59245.5,0.0
0,57500,PICNIC_BASKET1,59239.0,8.0,59238.0,18.0,,,59249,1,59250.0,10.0,59251.0,18.0,59244.0,0.0
0,57600,PICNIC_BASKET1,59240.0,16.0,59239.0,27.0,,,59241,6,59251.0,16.0,59252.0,27.0,59240.5,0.0
0,57700,PICNIC_BASKET1,59237.0,2.0,59236.0,15.0,59235.0,17.0,59246,2,59247.0,15.0,59248.0,17.0,59241.5,0.0
0,57800,PICNIC_BASKET1,59235.0,2.0,59234.0,12.0,59233.0,23.0,59244,2,59245.0,12.0,59246.0,23.0,59239.5,0.0
0,57900,PICNIC_BASKET1,59236.0,2.0,59235.0,10.0,59234.0,24.0,59245,2,59246.0,10.0,59247.0,24.0,59240.5,0.0
0,58000,PICNIC_BASKET1,59233.0,34.0,,,,,59244,14,59245.0,20.0,,,59238.5,0.0
0,58100,PICNIC_BASKET1,59232.0,36.0,,,,,59233,6,59243.0,1.0,59244.0,36.0,59232.5,0.0
0,58200,PICNIC_BASKET1,59234.0,8.0,59230.0,2.0,59229.0,15.0,59239,2,59240.0,15.0,59241.0,26.0,59236.5,0.0
0,58300,PICNIC_BASKET1,59237.0,2.0,59236.0,15.0,59235.0,27.0,59246,2,59247.0,15.0,59248.0,27.0,59241.5,0.0
0,58400,PICNIC_BASKET1,59234.0,20.0,59233.0,25.0,,,59245,20,59246.0,25.0,,,59239.5,0.0
0,58500,PICNIC_BASKET1,59240.0,1.0,59239.0,17.0,59238.0,28.0,59249,1,59250.0,17.0,59251.0,28.0,59244.5,0.0
0,58600,PICNIC_BASKET1,59240.0,2.0,59239.0,18.0,59238.0,28.0,59249,2,59250.0,18.0,59251.0,28.0,59244.5,0.0
0,58700,PICNIC_BASKET1,59240.0,1.0,59239.0,16.0,59238.0,30.0,59249,1,59250.0,16.0,59251.0,30.0,59244.5,0.0
0,58800,PICNIC_BASKET1,59240.0,2.0,59239.0,10.0,59238.0,28.0,59249,2,59250.0,10.0,59251.0,28.0,59244.5,0.0
0,58900,PICNIC_BASKET1,59241.0,16.0,59240.0,27.0,,,59252,16,59253.0,27.0,,,59246.5,0.0
0,59000,PICNIC_BASKET1,59241.0,11.0,59240.0,24.0,,,59252,11,59253.0,24.0,,,59246.5,0.0
0,59100,PICNIC_BASKET1,59241.0,10.0,59240.0,23.0,,,59252,10,59253.0,23.0,,,59246.5,0.0
0,59200,PICNIC_BASKET1,59248.0,19.0,59247.0,20.0,,,59258,2,59259.0,17.0,59260.0,20.0,59253.0,0.0
0,59300,PICNIC_BASKET1,59251.0,2.0,59250.0,20.0,59249.0,29.0,59260,2,59261.0,20.0,59262.0,29.0,59255.5,0.0
0,59400,PICNIC_BASKET1,59253.0,11.0,59252.0,24.0,,,59264,11,59265.0,24.0,,,59258.5,0.0
0,59500,PICNIC_BASKET1,59257.0,2.0,59256.0,17.0,59255.0,18.0,59266,2,59267.0,17.0,59268.0,18.0,59261.5,0.0
0,59600,PICNIC_BASKET1,59259.0,11.0,59258.0,28.0,,,59270,11,59271.0,28.0,,,59264.5,0.0
0,59700,PICNIC_BASKET1,59255.0,2.0,59254.0,42.0,,,59265,2,59266.0,42.0,,,59260.0,0.0
0,59800,PICNIC_BASKET1,59256.0,20.0,59255.0,18.0,,,59267,20,59268.0,18.0,,,59261.5,0.0
0,59900,PICNIC_BASKET1,59256.0,2.0,59255.0,11.0,59254.0,24.0,59265,2,59266.0,11.0,59267.0,24.0,59260.5,0.0
0,60000,PICNIC_BASKET1,59251.0,2.0,59250.0,45.0,,,59261,2,59262.0,45.0,,,59256.0,0.0
0,60100,PICNIC_BASKET1,59256.0,19.0,59255.0,26.0,,,59267,19,59268.0,26.0,,,59261.5,0.0
0,60200,PICNIC_BASKET1,59259.0,1.0,59258.0,20.0,59257.0,21.0,59268,1,59269.0,20.0,59270.0,21.0,59263.5,0.0
0,60300,PICNIC_BASKET1,59260.0,2.0,59259.0,19.0,59258.0,16.0,59269,2,59270.0,19.0,59271.0,16.0,59264.5,0.0
0,60400,PICNIC_BASKET1,59258.0,1.0,59257.0,15.0,59256.0,19.0,59267,1,59268.0,15.0,59269.0,19.0,59262.5,0.0
0,60500,PICNIC_BASKET1,59258.0,2.0,59257.0,13.0,59256.0,16.0,59267,2,59268.0,13.0,59269.0,16.0,59262.5,0.0
0,60600,PICNIC_BASKET1,59258.0,38.0,,,,,59270,38,,,,,59264.0,0.0
0,60700,PICNIC_BASKET1,59253.0,2.0,59252.0,11.0,59251.0,20.0,59262,2,59263.0,11.0,59264.0,20.0,59257.5,0.0
0,60800,PICNIC_BASKET1,59253.0,1.0,59252.0,16.0,59251.0,29.0,59263,17,59264.0,29.0,,,59258.0,0.0
0,60900,PICNIC_BASKET1,59252.0,2.0,59251.0,16.0,59250.0,25.0,59261,2,59262.0,16.0,59263.0,25.0,59256.5,0.0
0,61000,PICNIC_BASKET1,59248.0,1.0,59247.0,31.0,,,59258,14,59259.0,18.0,,,59253.0,0.0
0,61100,PICNIC_BASKET1,59248.0,2.0,59247.0,11.0,59246.0,24.0,59257,2,59258.0,11.0,59259.0,24.0,59252.5,0.0
0,61200,PICNIC_BASKET1,59252.0,18.0,59251.0,22.0,,,59263,18,59264.0,22.0,,,59257.5,0.0
0,61300,PICNIC_BASKET1,59252.0,18.0,59251.0,26.0,,,59262,1,59263.0,43.0,,,59257.0,0.0
0,61400,PICNIC_BASKET1,59251.0,2.0,59250.0,10.0,59249.0,16.0,59260,2,59261.0,10.0,59262.0,16.0,59255.5,0.0
0,61500,PICNIC_BASKET1,59253.0,15.0,59252.0,23.0,,,59264,15,59265.0,23.0,,,59258.5,0.0
0,61600,PICNIC_BASKET1,59254.0,1.0,59253.0,10.0,59252.0,21.0,59263,1,59264.0,10.0,59265.0,21.0,59258.5,0.0
0,61700,PICNIC_BASKET1,59255.0,1.0,59254.0,12.0,59253.0,22.0,59264,1,59265.0,12.0,59266.0,22.0,59259.5,0.0
0,61800,PICNIC_BASKET1,59267.0,2.0,59258.0,18.0,59257.0,20.0,59269,18,59270.0,20.0,,,59268.0,0.0
0,61900,PICNIC_BASKET1,59263.0,2.0,59262.0,13.0,59261.0,15.0,59272,2,59273.0,13.0,59274.0,15.0,59267.5,0.0
0,62000,PICNIC_BASKET1,59267.0,1.0,59266.0,19.0,59265.0,30.0,59276,1,59277.0,19.0,59278.0,30.0,59271.5,0.0
0,62100,PICNIC_BASKET1,59263.0,1.0,59262.0,20.0,59261.0,16.0,59272,1,59273.0,20.0,59274.0,16.0,59267.5,0.0
0,62200,PICNIC_BASKET1,59263.0,19.0,59262.0,27.0,,,59274,19,59275.0,27.0,,,59268.5,0.0
0,62300,PICNIC_BASKET1,59281.0,3.0,59277.0,1.0,59276.0,15.0,59287,16,59288.0,15.0,,,59284.0,0.0
0,62400,PICNIC_BASKET1,59275.0,18.0,59274.0,26.0,,,59286,18,59287.0,26.0,,,59280.5,0.0
0,62500,PICNIC_BASKET1,59277.0,2.0,59276.0,20.0,59275.0,17.0,59286,2,59287.0,20.0,59288.0,17.0,59281.5,0.0
0,62600,PICNIC_BASKET1,59276.0,2.0,59275.0,10.0,59274.0,16.0,59285,2,59286.0,10.0,59287.0,16.0,59280.5,0.0
0,62700,PICNIC_BASKET1,59277.0,14.0,59276.0,30.0,,,59288,14,59289.0,30.0,,,59282.5,0.0
0,62800,PICNIC_BASKET1,59280.0,1.0,59279.0,13.0,59278.0,22.0,59289,1,59290.0,13.0,59291.0,22.0,59284.5,0.0
0,62900,PICNIC_BASKET1,59272.0,1.0,59271.0,13.0,59270.0,27.0,59281,1,59282.0,13.0,59283.0,27.0,59276.5,0.0
0,63000,PICNIC_BASKET1,59273.0,2.0,59272.0,18.0,59271.0,30.0,59282,2,59283.0,18.0,59284.0,30.0,59277.5,0.0
0,63100,PICNIC_BASKET1,59266.0,19.0,59265.0,15.0,,,59277,19,59278.0,15.0,,,59271.5,0.0
0,63200,PICNIC_BASKET1,59276.0,4.0,59271.0,15.0,59270.0,26.0,59282,15,59283.0,26.0,,,59279.0,0.0
0,63300,PICNIC_BASKET1,59280.0,2.0,59279.0,18.0,59278.0,29.0,59289,2,59290.0,18.0,59291.0,29.0,59284.5,0.0
0,63400,PICNIC_BASKET1,59280.0,11.0,59279.0,19.0,,,59290,1,59291.0,10.0,59292.0,19.0,59285.0,0.0
0,63500,PICNIC_BASKET1,59277.0,2.0,59276.0,12.0,59275.0,18.0,59286,2,59287.0,12.0,59288.0,18.0,59281.5,0.0
0,63600,PICNIC_BASKET1,59277.0,1.0,59276.0,46.0,,,59287,1,59288.0,46.0,,,59282.0,0.0
0,63700,PICNIC_BASKET1,59280.0,7.0,59276.0,2.0,59275.0,41.0,59286,18,59287.0,25.0,,,59283.0,0.0
0,63800,PICNIC_BASKET1,59271.0,14.0,59270.0,22.0,,,59272,4,59282.0,16.0,59283.0,22.0,59271.5,0.0
0,63900,PICNIC_BASKET1,59272.0,13.0,59271.0,28.0,,,59283,13,59284.0,28.0,,,59277.5,0.0
0,64000,PICNIC_BASKET1,59269.0,1.0,59268.0,17.0,59267.0,25.0,59278,1,59279.0,17.0,59280.0,25.0,59273.5,0.0
0,64100,PICNIC_BASKET1,59265.0,11.0,59264.0,19.0,,,59276,11,59277.0,19.0,,,59270.5,0.0
0,64200,PICNIC_BASKET1,59259.0,1.0,59258.0,37.0,,,59269,12,59270.0,26.0,,,59264.0,0.0
0,64300,PICNIC_BASKET1,59259.0,19.0,59258.0,26.0,,,59270,19,59271.0,26.0,,,59264.5,0.0
0,64400,PICNIC_BASKET1,59265.0,1.0,59264.0,16.0,59263.0,27.0,59274,1,59275.0,16.0,59276.0,27.0,59269.5,0.0
0,64500,PICNIC_BASKET1,59261.0,1.0,59260.0,38.0,,,59271,12,59272.0,27.0,,,59266.0,0.0
0,64600,PICNIC_BASKET1,59265.0,20.0,59264.0,20.0,,,59270,8,59275.0,1.0,59276.0,19.0,59267.5,0.0
0,64700,PICNIC_BASKET1,59262.0,2.0,59261.0,11.0,59260.0,19.0,59271,2,59272.0,11.0,59273.0,19.0,59266.5,0.0
0,64800,PICNIC_BASKET1,59264.0,12.0,59263.0,28.0,,,59274,2,59275.0,10.0,59276.0,28.0,59269.0,0.0
0,64900,PICNIC_BASKET1,59263.0,44.0,,,,,59274,15,59275.0,29.0,,,59268.5,0.0
0,65000,PICNIC_BASKET1,59260.0,16.0,59259.0,26.0,,,59271,16,59272.0,26.0,,,59265.5,0.0
0,65100,PICNIC_BASKET1,59256.0,2.0,59255.0,19.0,59254.0,29.0,59265,2,59266.0,19.0,59267.0,29.0,59260.5,0.0
0,65200,PICNIC_BASKET1,59251.0,12.0,59250.0,20.0,,,59256,3,59262.0,12.0,59263.0,20.0,59253.5,0.0
0,65300,PICNIC_BASKET1,59252.0,2.0,59251.0,19.0,59250.0,23.0,59261,2,59262.0,19.0,59263.0,23.0,59256.5,0.0
0,65400,PICNIC_BASKET1,59252.0,1.0,59251.0,17.0,59250.0,29.0,59262,18,59263.0,29.0,,,59257.0,0.0
0,65500,PICNIC_BASKET1,59248.0,2.0,59247.0,35.0,,,59258,20,59259.0,17.0,,,59253.0,0.0
0,65600,PICNIC_BASKET1,59245.0,47.0,,,,,59256,18,59257.0,29.0,,,59250.5,0.0
0,65700,PICNIC_BASKET1,59246.0,12.0,59245.0,27.0,,,59257,39,,,,,59251.5,0.0
0,65800,PICNIC_BASKET1,59249.0,10.0,59248.0,25.0,,,59260,10,59261.0,25.0,,,59254.5,0.0
0,65900,PICNIC_BASKET1,59251.0,1.0,59250.0,11.0,59249.0,17.0,59260,1,59261.0,11.0,59262.0,17.0,59255.5,0.0
0,66000,PICNIC_BASKET1,59251.0,2.0,59247.0,1.0,59246.0,19.0,59256,1,59257.0,19.0,59258.0,22.0,59253.5,0.0
0,66100,PICNIC_BASKET1,59246.0,34.0,,,,,59258,34,,,,,59252.0,0.0
0,66200,PICNIC_BASKET1,59254.0,8.0,59249.0,20.0,59248.0,27.0,59260,20,59261.0,27.0,,,59257.0,0.0
0,66300,PICNIC_BASKET1,59247.0,18.0,59246.0,25.0,,,59258,18,59259.0,25.0,,,59252.5,0.0
0,66400,PICNIC_BASKET1,59251.0,1.0,59250.0,16.0,59249.0,26.0,59260,1,59261.0,16.0,59262.0,26.0,59255.5,0.0
0,66500,PICNIC_BASKET1,59247.0,8.0,59246.0,17.0,,,59257,2,59258.0,14.0,59259.0,17.0,59252.0,0.0
0,66600,PICNIC_BASKET1,59245.0,16.0,59244.0,19.0,,,59256,16,59257.0,19.0,,,59250.5,0.0
0,66700,PICNIC_BASKET1,59247.0,10.0,59246.0,21.0,,,59258,10,59259.0,21.0,,,59252.5,0.0
0,66800,PICNIC_BASKET1,59245.0,2.0,59244.0,10.0,59243.0,18.0,59254,2,59255.0,10.0,59256.0,18.0,59249.5,0.0
0,66900,PICNIC_BASKET1,59254.0,1.0,59253.0,19.0,59252.0,23.0,59263,1,59264.0,19.0,59265.0,23.0,59258.5,0.0
0,67000,PICNIC_BASKET1,59252.0,2.0,59251.0,10.0,59250.0,26.0,59261,2,59262.0,10.0,59263.0,26.0,59256.5,0.0
0,67100,PICNIC_BASKET1,59249.0,8.0,59248.0,18.0,,,59259,1,59260.0,12.0,59261.0,18.0,59254.0,0.0
0,67200,PICNIC_BASKET1,59256.0,2.0,59255.0,11.0,59254.0,22.0,59265,2,59266.0,11.0,59267.0,22.0,59260.5,0.0
0,67300,PICNIC_BASKET1,59257.0,1.0,59256.0,17.0,59255.0,23.0,59267,18,59268.0,23.0,,,59262.0,0.0
0,67400,PICNIC_BASKET1,59259.0,1.0,59258.0,13.0,59257.0,22.0,59268,1,59269.0,13.0,59270.0,22.0,59263.5,0.0
0,67500,PICNIC_BASKET1,59253.0,21.0,59252.0,24.0,,,59258,1,59263.0,1.0,59264.0,44.0,59255.5,0.0
0,67600,PICNIC_BASKET1,59250.0,1.0,59249.0,11.0,59248.0,26.0,59259,1,59260.0,11.0,59261.0,26.0,59254.5,0.0
0,67700,PICNIC_BASKET1,59247.0,39.0,,,,,59259,39,,,,,59253.0,0.0
0,67800,PICNIC_BASKET1,59249.0,2.0,59248.0,12.0,59247.0,28.0,59258,2,59259.0,12.0,59260.0,28.0,59253.5,0.0
0,67900,PICNIC_BASKET1,59245.0,2.0,59244.0,19.0,59243.0,23.0,59255,21,59256.0,23.0,,,59250.0,0.0
0,68000,PICNIC_BASKET1,59245.0,15.0,59244.0,23.0,,,59256,15,59257.0,23.0,,,59250.5,0.0
0,68100,PICNIC_BASKET1,59243.0,14.0,59242.0,24.0,,,59254,14,59255.0,24.0,,,59248.5,0.0
0,68200,PICNIC_BASKET1,59240.0,15.0,59239.0,22.0,,,59250,2,59251.0,19.0,59252.0,22.0,59245.0,0.0
0,68300,PICNIC_BASKET1,59243.0,1.0,59242.0,20.0,59241.0,15.0,59252,1,59253.0,20.0,59254.0,15.0,59247.5,0.0
0,68400,PICNIC_BASKET1,59240.0,10.0,59239.0,23.0,,,59251,10,59252.0,23.0,,,59245.5,0.0
0,68500,PICNIC_BASKET1,59234.0,1.0,59233.0,11.0,59232.0,22.0,59243,1,59244.0,11.0,59245.0,22.0,59238.5,0.0
0,68600,PICNIC_BASKET1,59233.0,1.0,59232.0,19.0,59231.0,22.0,59242,1,59243.0,19.0,59244.0,22.0,59237.5,0.0
0,68700,PICNIC_BASKET1,59231.0,2.0,59230.0,14.0,59229.0,21.0,59240,2,59241.0,14.0,59242.0,21.0,59235.5,0.0
0,68800,PICNIC_BASKET1,59229.0,14.0,59228.0,22.0,,,59240,14,59241.0,22.0,,,59234.5,0.0
0,68900,PICNIC_BASKET1,59216.0,15.0,59215.0,19.0,,,59227,15,59228.0,19.0,,,59221.5,0.0
0,69000,PICNIC_BASKET1,59217.0,1.0,59216.0,20.0,59215.0,26.0,59226,1,59227.0,20.0,59228.0,26.0,59221.5,0.0
0,69100,PICNIC_BASKET1,59215.0,12.0,59214.0,19.0,,,59226,12,59227.0,19.0,,,59220.5,0.0
0,69200,PICNIC_BASKET1,59215.0,1.0,59214.0,11.0,59213.0,22.0,59224,1,59225.0,11.0,59226.0,22.0,59219.5,0.0
0,69300,PICNIC_BASKET1,59215.0,2.0,59214.0,11.0,59213.0,21.0,59225,13,59226.0,21.0,,,59220.0,0.0
0,69400,PICNIC_BASKET1,59212.0,1.0,59211.0,19.0,59210.0,16.0,59221,1,59222.0,19.0,59223.0,16.0,59216.5,0.0
0,69500,PICNIC_BASKET1,59214.0,14.0,59213.0,16.0,,,59225,14,59226.0,16.0,,,59219.5,0.0
0,69600,PICNIC_BASKET1,59212.0,6.0,59211.0,18.0,,,59222,1,59223.0,10.0,59224.0,18.0,59217.0,0.0
0,69700,PICNIC_BASKET1,59208.0,2.0,59207.0,20.0,59206.0,29.0,59217,2,59218.0,20.0,59219.0,29.0,59212.5,0.0
0,69800,PICNIC_BASKET1,59213.0,2.0,59212.0,15.0,59211.0,29.0,59222,2,59223.0,15.0,59224.0,29.0,59217.5,0.0
0,69900,PICNIC_BASKET1,59209.0,18.0,59208.0,17.0,,,59220,18,59221.0,17.0,,,59214.5,0.0
0,70000,PICNIC_BASKET1,59213.0,1.0,59212.0,18.0,59211.0,22.0,59222,1,59223.0,18.0,59224.0,22.0,59217.5,0.0
0,70100,PICNIC_BASKET1,59211.0,18.0,59210.0,18.0,,,59222,18,59223.0,18.0,,,59216.5,0.0
0,70200,PICNIC_BASKET1,59211.0,1.0,59210.0,12.0,59209.0,25.0,59220,1,59221.0,12.0,59222.0,25.0,59215.5,0.0
0,70300,PICNIC_BASKET1,59206.0,20.0,59205.0,30.0,,,59217,20,59218.0,30.0,,,59211.5,0.0
0,70400,PICNIC_BASKET1,59198.0,2.0,59197.0,17.0,59196.0,29.0,59207,2,59208.0,17.0,59209.0,29.0,59202.5,0.0
0,70500,PICNIC_BASKET1,59199.0,14.0,59198.0,29.0,,,59210,14,59211.0,29.0,,,59204.5,0.0
0,70600,PICNIC_BASKET1,59191.0,2.0,59190.0,11.0,59189.0,30.0,59195,1,59200.0,2.0,59201.0,11.0,59193.0,0.0
0,70700,PICNIC_BASKET1,59195.0,10.0,59194.0,24.0,,,59206,10,59207.0,24.0,,,59200.5,0.0
0,70800,PICNIC_BASKET1,59199.0,2.0,59198.0,15.0,59197.0,27.0,59208,2,59209.0,15.0,59210.0,27.0,59203.5,0.0
0,70900,PICNIC_BASKET1,59200.0,13.0,59199.0,18.0,,,59211,13,59212.0,18.0,,,59205.5,0.0
0,71000,PICNIC_BASKET1,59201.0,2.0,59200.0,20.0,59199.0,17.0,59205,4,59210.0,2.0,59211.0,20.0,59203.0,0.0
0,71100,PICNIC_BASKET1,59208.0,2.0,59207.0,12.0,59206.0,26.0,59217,2,59218.0,12.0,59219.0,26.0,59212.5,0.0
0,71200,PICNIC_BASKET1,59204.0,2.0,59203.0,10.0,59202.0,29.0,59213,2,59214.0,10.0,59215.0,29.0,59208.5,0.0
0,71300,PICNIC_BASKET1,59196.0,12.0,59195.0,15.0,,,59207,12,59208.0,15.0,,,59201.5,0.0
0,71400,PICNIC_BASKET1,59199.0,18.0,59198.0,16.0,,,59210,18,59211.0,16.0,,,59204.5,0.0
0,71500,PICNIC_BASKET1,59203.0,3.0,59199.0,1.0,59198.0,18.0,59208,1,59209.0,18.0,59210.0,30.0,59205.5,0.0
0,71600,PICNIC_BASKET1,59202.0,11.0,59201.0,15.0,,,59213,11,59214.0,15.0,,,59207.5,0.0
0,71700,PICNIC_BASKET1,59205.0,17.0,59204.0,24.0,,,59216,17,59217.0,24.0,,,59210.5,0.0
0,71800,PICNIC_BASKET1,59209.0,2.0,59208.0,12.0,59207.0,30.0,59219,14,59220.0,30.0,,,59214.0,0.0
0,71900,PICNIC_BASKET1,59214.0,2.0,59213.0,20.0,59212.0,19.0,59223,2,59224.0,20.0,59225.0,19.0,59218.5,0.0
0,72000,PICNIC_BASKET1,59209.0,13.0,59208.0,29.0,,,59220,42,,,,,59214.5,0.0
0,72100,PICNIC_BASKET1,59209.0,2.0,59208.0,11.0,59207.0,18.0,59218,2,59219.0,11.0,59220.0,18.0,59213.5,0.0
0,72200,PICNIC_BASKET1,59209.0,1.0,59208.0,16.0,59207.0,27.0,59218,1,59219.0,16.0,59220.0,27.0,59213.5,0.0
0,72300,PICNIC_BASKET1,59214.0,1.0,59213.0,19.0,59212.0,28.0,59223,1,59224.0,19.0,59225.0,28.0,59218.5,0.0
0,72400,PICNIC_BASKET1,59204.0,19.0,59203.0,28.0,,,59215,19,59216.0,28.0,,,59209.5,0.0
0,72500,PICNIC_BASKET1,59209.0,2.0,59208.0,15.0,59207.0,30.0,59218,2,59219.0,15.0,59220.0,30.0,59213.5,0.0
0,72600,PICNIC_BASKET1,59207.0,2.0,59206.0,41.0,,,59211,1,59217.0,20.0,59218.0,23.0,59209.0,0.0
0,72700,PICNIC_BASKET1,59206.0,12.0,59205.0,26.0,,,59217,12,59218.0,26.0,,,59211.5,0.0
0,72800,PICNIC_BASKET1,59207.0,12.0,59206.0,25.0,,,59218,14,59219.0,25.0,,,59212.5,0.0
0,72900,PICNIC_BASKET1,59209.0,1.0,59208.0,16.0,59207.0,26.0,59218,1,59219.0,16.0,59220.0,26.0,59213.5,0.0
0,73000,PICNIC_BASKET1,59210.0,2.0,59209.0,20.0,59208.0,25.0,59219,2,59220.0,20.0,59221.0,25.0,59214.5,0.0
0,73100,PICNIC_BASKET1,59209.0,2.0,59208.0,14.0,59207.0,29.0,59218,2,59219.0,14.0,59220.0,29.0,59213.5,0.0
0,73200,PICNIC_BASKET1,59208.0,1.0,59207.0,20.0,59206.0,18.0,59217,1,59218.0,20.0,59219.0,18.0,59212.5,0.0
0,73300,PICNIC_BASKET1,59204.0,2.0,59203.0,13.0,59202.0,19.0,59213,2,59214.0,13.0,59215.0,19.0,59208.5,0.0
0,73400,PICNIC_BASKET1,59200.0,1.0,59199.0,19.0,59198.0,28.0,59209,1,59210.0,19.0,59211.0,28.0,59204.5,0.0
0,73500,PICNIC_BASKET1,59207.0,1.0,59202.0,15.0,59201.0,24.0,59213,15,59214.0,24.0,,,59210.0,0.0
0,73600,PICNIC_BASKET1,59196.0,10.0,59195.0,22.0,,,59207,10,59208.0,22.0,,,59201.5,0.0
0,73700,PICNIC_BASKET1,59198.0,19.0,59197.0,30.0,,,59203,6,59209.0,19.0,59210.0,30.0,59200.5,0.0
0,73800,PICNIC_BASKET1,59193.0,20.0,59192.0,26.0,,,59204,20,59205.0,26.0,,,59198.5,0.0
0,73900,PICNIC_BASKET1,59193.0,2.0,59192.0,18.0,59191.0,19.0,59202,2,59203.0,18.0,59204.0,19.0,59197.5,0.0
0,74000,PICNIC_BASKET1,59190.0,15.0,59189.0,23.0,,,59201,15,59202.0,23.0,,,59195.5,0.0
0,74100,PICNIC_BASKET1,59193.0,2.0,59192.0,14.0,59191.0,24.0,59203,16,59204.0,24.0,,,59198.0,0.0
0,74200,PICNIC_BASKET1,59190.0,10.0,59189.0,28.0,,,59201,10,59202.0,28.0,,,59195.5,0.0
0,74300,PICNIC_BASKET1,59190.0,13.0,59189.0,21.0,,,59201,13,59202.0,21.0,,,59195.5,0.0
0,74400,PICNIC_BASKET1,59194.0,33.0,,,,,59199,7,59205.0,10.0,59206.0,23.0,59196.5,0.0
0,74500,PICNIC_BASKET1,59195.0,17.0,59194.0,27.0,,,59206,17,59207.0,27.0,,,59200.5,0.0
0,74600,PICNIC_BASKET1,59192.0,13.0,59191.0,16.0,,,59202,2,59203.0,11.0,59204.0,16.0,59197.0,0.0
0,74700,PICNIC_BASKET1,59192.0,2.0,59191.0,16.0,59190.0,18.0,59201,2,59202.0,16.0,59203.0,18.0,59196.5,0.0
0,74800,PICNIC_BASKET1,59198.0,6.0,59189.0,2.0,59188.0,15.0,59199,17,59200.0,19.0,,,59198.5,0.0
0,74900,PICNIC_BASKET1,59193.0,1.0,59192.0,17.0,59191.0,18.0,59202,1,59203.0,17.0,59204.0,18.0,59197.5,0.0
0,75000,PICNIC_BASKET1,59187.0,2.0,59186.0,12.0,59185.0,29.0,59197,14,59198.0,29.0,,,59192.0,0.0
0,75100,PICNIC_BASKET1,59193.0,2.0,59192.0,10.0,59191.0,18.0,59202,2,59203.0,10.0,59204.0,18.0,59197.5,0.0
0,75200,PICNIC_BASKET1,59195.0,1.0,59191.0,1.0,59190.0,45.0,59201,1,59202.0,45.0,,,59198.0,0.0
0,75300,PICNIC_BASKET1,59194.0,17.0,59193.0,15.0,,,59205,17,59206.0,15.0,,,59199.5,0.0
0,75400,PICNIC_BASKET1,59196.0,21.0,59195.0,19.0,,,59206,2,59207.0,38.0,,,59201.0,0.0
0,75500,PICNIC_BASKET1,59196.0,1.0,59195.0,15.0,59194.0,19.0,59205,1,59206.0,15.0,59207.0,19.0,59200.5,0.0
0,75600,PICNIC_BASKET1,59196.0,19.0,59195.0,16.0,,,59207,19,59208.0,16.0,,,59201.5,0.0
0,75700,PICNIC_BASKET1,59197.0,10.0,59196.0,27.0,,,59208,10,59209.0,27.0,,,59202.5,0.0
0,75800,PICNIC_BASKET1,59193.0,2.0,59192.0,18.0,59191.0,23.0,59203,20,59204.0,23.0,,,59198.0,0.0
0,75900,PICNIC_BASKET1,59197.0,1.0,59196.0,11.0,59195.0,16.0,59206,1,59207.0,11.0,59208.0,16.0,59201.5,0.0
0,76000,PICNIC_BASKET1,59200.0,20.0,59199.0,24.0,,,59211,20,59212.0,24.0,,,59205.5,0.0
0,76100,PICNIC_BASKET1,59203.0,1.0,59202.0,18.0,59201.0,15.0,59212,1,59213.0,18.0,59214.0,15.0,59207.5,0.0
0,76200,PICNIC_BASKET1,59197.0,17.0,59196.0,15.0,,,59208,32,,,,,59202.5,0.0
0,76300,PICNIC_BASKET1,59198.0,1.0,59197.0,19.0,59196.0,19.0,59207,1,59208.0,19.0,59209.0,19.0,59202.5,0.0
0,76400,PICNIC_BASKET1,59198.0,2.0,59197.0,17.0,59196.0,16.0,59207,2,59208.0,17.0,59209.0,16.0,59202.5,0.0
0,76500,PICNIC_BASKET1,59192.0,1.0,59191.0,11.0,59190.0,17.0,59202,12,59203.0,17.0,,,59197.0,0.0
0,76600,PICNIC_BASKET1,59197.0,16.0,59196.0,25.0,,,59208,16,59209.0,25.0,,,59202.5,0.0
0,76700,PICNIC_BASKET1,59200.0,1.0,59199.0,14.0,59198.0,23.0,59209,1,59210.0,14.0,59211.0,23.0,59204.5,0.0
0,76800,PICNIC_BASKET1,59198.0,2.0,59197.0,14.0,59196.0,23.0,59202,7,59207.0,2.0,59208.0,14.0,59200.0,0.0
0,76900,PICNIC_BASKET1,59196.0,2.0,59195.0,13.0,59194.0,17.0,59205,2,59206.0,13.0,59207.0,17.0,59200.5,0.0
0,77000,PICNIC_BASKET1,59199.0,2.0,59198.0,27.0,,,59209,12,59210.0,17.0,,,59204.0,0.0
0,77100,PICNIC_BASKET1,59191.0,1.0,59190.0,18.0,59189.0,17.0,59200,1,59201.0,18.0,59202.0,17.0,59195.5,0.0
0,77200,PICNIC_BASKET1,59189.0,1.0,59188.0,42.0,,,59199,1,59200.0,42.0,,,59194.0,0.0
0,77300,PICNIC_BASKET1,59191.0,1.0,59190.0,35.0,,,59201,1,59202.0,35.0,,,59196.0,0.0
0,77400,PICNIC_BASKET1,59184.0,1.0,59183.0,19.0,59182.0,19.0,59193,1,59194.0,19.0,59195.0,19.0,59188.5,0.0
0,77500,PICNIC_BASKET1,59177.0,8.0,59176.0,16.0,,,59187,2,59188.0,12.0,59189.0,16.0,59182.0,0.0
0,77600,PICNIC_BASKET1,59184.0,1.0,59183.0,10.0,59182.0,29.0,59193,1,59194.0,10.0,59195.0,29.0,59188.5,0.0
0,77700,PICNIC_BASKET1,59179.0,14.0,59178.0,19.0,,,59190,14,59191.0,19.0,,,59184.5,0.0
0,77800,PICNIC_BASKET1,59183.0,6.0,59178.0,15.0,59177.0,30.0,59189,15,59190.0,30.0,,,59186.0,0.0
0,77900,PICNIC_BASKET1,59181.0,12.0,59180.0,19.0,,,59191,2,59192.0,10.0,59193.0,19.0,59186.0,0.0
0,78000,PICNIC_BASKET1,59185.0,1.0,59184.0,18.0,59183.0,27.0,59194,1,59195.0,18.0,59196.0,27.0,59189.5,0.0
0,78100,PICNIC_BASKET1,59189.0,1.0,59188.0,10.0,59187.0,30.0,59198,1,59199.0,10.0,59200.0,30.0,59193.5,0.0
0,78200,PICNIC_BASKET1,59186.0,1.0,59185.0,18.0,59184.0,27.0,59195,1,59196.0,18.0,59197.0,27.0,59190.5,0.0
0,78300,PICNIC_BASKET1,59189.0,13.0,59188.0,27.0,,,59200,13,59201.0,27.0,,,59194.5,0.0
0,78400,PICNIC_BASKET1,59195.0,2.0,59194.0,14.0,59193.0,18.0,59204,2,59205.0,14.0,59206.0,18.0,59199.5,0.0
0,78500,PICNIC_BASKET1,59192.0,12.0,59191.0,18.0,,,59203,12,59204.0,18.0,,,59197.5,0.0
0,78600,PICNIC_BASKET1,59193.0,21.0,59192.0,28.0,,,59203,2,59204.0,19.0,59205.0,28.0,59198.0,0.0
0,78700,PICNIC_BASKET1,59190.0,11.0,59189.0,18.0,,,59201,11,59202.0,18.0,,,59195.5,0.0
0,78800,PICNIC_BASKET1,59190.0,2.0,59189.0,11.0,59188.0,27.0,59199,2,59200.0,11.0,59201.0,27.0,59194.5,0.0
0,78900,PICNIC_BASKET1,59190.0,1.0,59189.0,12.0,59188.0,20.0,59199,1,59200.0,12.0,59201.0,20.0,59194.5,0.0
0,79000,PICNIC_BASKET1,59192.0,1.0,59191.0,19.0,59190.0,24.0,59201,1,59202.0,19.0,59203.0,24.0,59196.5,0.0
0,79100,PICNIC_BASKET1,59192.0,11.0,59191.0,26.0,,,59203,11,59204.0,26.0,,,59197.5,0.0
0,79200,PICNIC_BASKET1,59190.0,1.0,59189.0,41.0,,,59200,1,59201.0,41.0,,,59195.0,0.0
0,79300,PICNIC_BASKET1,59191.0,1.0,59190.0,12.0,59189.0,20.0,59200,1,59201.0,12.0,59202.0,20.0,59195.5,0.0
0,79400,PICNIC_BASKET1,59193.0,1.0,59192.0,41.0,,,59203,1,59204.0,41.0,,,59198.0,0.0
0,79500,PICNIC_BASKET1,59197.0,2.0,59196.0,38.0,,,59207,15,59208.0,25.0,,,59202.0,0.0
0,79600,PICNIC_BASKET1,59196.0,16.0,59195.0,22.0,,,59201,6,59207.0,16.0,59208.0,22.0,59198.5,0.0
0,79700,PICNIC_BASKET1,59202.0,4.0,59193.0,2.0,59192.0,20.0,59203,20,59204.0,21.0,,,59202.5,0.0
0,79800,PICNIC_BASKET1,59196.0,2.0,59195.0,16.0,59194.0,26.0,59205,2,59206.0,16.0,59207.0,26.0,59200.5,0.0
0,79900,PICNIC_BASKET1,59194.0,2.0,59193.0,12.0,59192.0,20.0,59203,2,59204.0,12.0,59205.0,20.0,59198.5,0.0
0,80000,PICNIC_BASKET1,59205.0,7.0,59196.0,1.0,59195.0,20.0,59206,20,59207.0,27.0,,,59205.5,0.0
0,80100,PICNIC_BASKET1,59194.0,11.0,59193.0,15.0,,,59205,11,59206.0,15.0,,,59199.5,0.0
0,80200,PICNIC_BASKET1,59196.0,2.0,59195.0,17.0,59194.0,29.0,59205,2,59206.0,17.0,59207.0,29.0,59200.5,0.0
0,80300,PICNIC_BASKET1,59202.0,17.0,59201.0,26.0,,,59213,17,59214.0,26.0,,,59207.5,0.0
0,80400,PICNIC_BASKET1,59208.0,1.0,59207.0,11.0,59206.0,15.0,59217,1,59218.0,11.0,59219.0,15.0,59212.5,0.0
0,80500,PICNIC_BASKET1,59210.0,2.0,59209.0,12.0,59208.0,19.0,59219,2,59220.0,12.0,59221.0,19.0,59214.5,0.0
0,80600,PICNIC_BASKET1,59214.0,20.0,59213.0,16.0,,,59225,20,59226.0,16.0,,,59219.5,0.0
0,80700,PICNIC_BASKET1,59213.0,15.0,59212.0,19.0,,,59223,1,59224.0,14.0,59225.0,19.0,59218.0,0.0
0,80800,PICNIC_BASKET1,59206.0,12.0,59205.0,22.0,,,59216,1,59217.0,33.0,,,59211.0,0.0
0,80900,PICNIC_BASKET1,59201.0,2.0,59200.0,13.0,59199.0,15.0,59210,2,59211.0,13.0,59212.0,15.0,59205.5,0.0
0,81000,PICNIC_BASKET1,59201.0,15.0,59200.0,18.0,,,59212,15,59213.0,18.0,,,59206.5,0.0
0,81100,PICNIC_BASKET1,59205.0,2.0,59204.0,14.0,59203.0,25.0,59214,2,59215.0,14.0,59216.0,25.0,59209.5,0.0
0,81200,PICNIC_BASKET1,59205.0,2.0,59204.0,27.0,,,59215,13,59216.0,16.0,,,59210.0,0.0
0,81300,PICNIC_BASKET1,59198.0,13.0,59197.0,19.0,,,59209,13,59210.0,19.0,,,59203.5,0.0
0,81400,PICNIC_BASKET1,59197.0,1.0,59196.0,19.0,59195.0,16.0,59206,1,59207.0,19.0,59208.0,16.0,59201.5,0.0
0,81500,PICNIC_BASKET1,59202.0,16.0,59201.0,22.0,,,59212,2,59213.0,14.0,59214.0,22.0,59207.0,0.0
0,81600,PICNIC_BASKET1,59206.0,1.0,59205.0,15.0,59204.0,18.0,59215,1,59216.0,15.0,59217.0,18.0,59210.5,0.0
0,81700,PICNIC_BASKET1,59209.0,18.0,59208.0,20.0,,,59220,18,59221.0,20.0,,,59214.5,0.0
0,81800,PICNIC_BASKET1,59211.0,19.0,59210.0,29.0,,,59221,2,59222.0,46.0,,,59216.0,0.0
0,81900,PICNIC_BASKET1,59207.0,1.0,59206.0,35.0,,,59217,1,59218.0,35.0,,,59212.0,0.0
0,82000,PICNIC_BASKET1,59205.0,1.0,59204.0,18.0,59203.0,20.0,59214,1,59215.0,18.0,59216.0,20.0,59209.5,0.0
0,82100,PICNIC_BASKET1,59206.0,2.0,59205.0,12.0,59204.0,16.0,59215,2,59216.0,12.0,59217.0,16.0,59210.5,0.0
0,82200,PICNIC_BASKET1,59193.0,15.0,59192.0,18.0,,,59204,15,59205.0,18.0,,,59198.5,0.0
0,82300,PICNIC_BASKET1,59193.0,19.0,59192.0,16.0,,,59204,19,59205.0,16.0,,,59198.5,0.0
0,82400,PICNIC_BASKET1,59190.0,17.0,59189.0,28.0,,,59201,17,59202.0,28.0,,,59195.5,0.0
0,82500,PICNIC_BASKET1,59197.0,8.0,59192.0,15.0,59191.0,17.0,59203,15,59204.0,17.0,,,59200.0,0.0
0,82600,PICNIC_BASKET1,59197.0,1.0,59196.0,12.0,59195.0,25.0,59206,1,59207.0,12.0,59208.0,25.0,59201.5,0.0
0,82700,PICNIC_BASKET1,59193.0,1.0,59192.0,44.0,,,59203,21,59204.0,24.0,,,59198.0,0.0
0,82800,PICNIC_BASKET1,59195.0,2.0,59194.0,13.0,59193.0,28.0,59199,7,59204.0,2.0,59205.0,13.0,59197.0,0.0
0,82900,PICNIC_BASKET1,59197.0,1.0,59196.0,17.0,59195.0,22.0,59207,18,59208.0,22.0,,,59202.0,0.0
0,83000,PICNIC_BASKET1,59193.0,13.0,59192.0,21.0,,,59198,8,59204.0,13.0,59205.0,21.0,59195.5,0.0
0,83100,PICNIC_BASKET1,59193.0,20.0,59192.0,23.0,,,59204,20,59205.0,23.0,,,59198.5,0.0
0,83200,PICNIC_BASKET1,59192.0,12.0,59191.0,24.0,,,59203,12,59204.0,24.0,,,59197.5,0.0
0,83300,PICNIC_BASKET1,59194.0,16.0,59193.0,15.0,,,59199,6,59205.0,16.0,59206.0,15.0,59196.5,0.0
0,83400,PICNIC_BASKET1,59205.0,7.0,59196.0,1.0,59195.0,35.0,59206,1,59207.0,35.0,,,59205.5,0.0
0,83500,PICNIC_BASKET1,59198.0,2.0,59197.0,16.0,59196.0,21.0,59207,2,59208.0,16.0,59209.0,21.0,59202.5,0.0
0,83600,PICNIC_BASKET1,59206.0,3.0,59201.0,11.0,59200.0,27.0,59212,11,59213.0,27.0,,,59209.0,0.0
0,83700,PICNIC_BASKET1,59204.0,14.0,59203.0,23.0,,,59215,14,59216.0,23.0,,,59209.5,0.0
0,83800,PICNIC_BASKET1,59205.0,12.0,59204.0,25.0,,,59216,12,59217.0,25.0,,,59210.5,0.0
0,83900,PICNIC_BASKET1,59205.0,12.0,59204.0,22.0,,,59216,12,59217.0,22.0,,,59210.5,0.0
0,84000,PICNIC_BASKET1,59210.0,1.0,59209.0,11.0,59208.0,27.0,59219,1,59220.0,11.0,59221.0,27.0,59214.5,0.0
0,84100,PICNIC_BASKET1,59208.0,18.0,59207.0,24.0,,,59218,1,59219.0,41.0,,,59213.0,0.0
0,84200,PICNIC_BASKET1,59212.0,1.0,59211.0,14.0,59210.0,21.0,59221,1,59222.0,14.0,59223.0,21.0,59216.5,0.0
0,84300,PICNIC_BASKET1,59212.0,20.0,59211.0,27.0,,,59222,2,59223.0,18.0,59224.0,27.0,59217.0,0.0
0,84400,PICNIC_BASKET1,59214.0,1.0,59213.0,15.0,59212.0,26.0,59223,1,59224.0,15.0,59225.0,26.0,59218.5,0.0
0,84500,PICNIC_BASKET1,59210.0,1.0,59209.0,15.0,59208.0,26.0,59219,1,59220.0,15.0,59221.0,26.0,59214.5,0.0
0,84600,PICNIC_BASKET1,59206.0,36.0,,,,,59211,8,59217.0,16.0,59218.0,20.0,59208.5,0.0
0,84700,PICNIC_BASKET1,59208.0,2.0,59207.0,18.0,59206.0,27.0,59217,2,59218.0,18.0,59219.0,27.0,59212.5,0.0
0,84800,PICNIC_BASKET1,59209.0,14.0,59208.0,15.0,,,59219,1,59220.0,13.0,59221.0,15.0,59214.0,0.0
0,84900,PICNIC_BASKET1,59214.0,1.0,59213.0,12.0,59212.0,28.0,59223,1,59224.0,12.0,59225.0,28.0,59218.5,0.0
0,85000,PICNIC_BASKET1,59213.0,14.0,59212.0,15.0,,,59224,14,59225.0,15.0,,,59218.5,0.0
0,85100,PICNIC_BASKET1,59217.0,13.0,59216.0,19.0,,,59227,2,59228.0,11.0,59229.0,19.0,59222.0,0.0
0,85200,PICNIC_BASKET1,59215.0,2.0,59214.0,15.0,59213.0,21.0,59224,2,59225.0,15.0,59226.0,21.0,59219.5,0.0
0,85300,PICNIC_BASKET1,59219.0,15.0,59218.0,23.0,,,59230,15,59231.0,23.0,,,59224.5,0.0
0,85400,PICNIC_BASKET1,59218.0,17.0,59217.0,30.0,,,59229,47,,,,,59223.5,0.0
0,85500,PICNIC_BASKET1,59219.0,2.0,59218.0,17.0,59217.0,26.0,59228,2,59229.0,17.0,59230.0,26.0,59223.5,0.0
0,85600,PICNIC_BASKET1,59225.0,2.0,59224.0,19.0,59223.0,18.0,59234,2,59235.0,19.0,59236.0,18.0,59229.5,0.0
0,85700,PICNIC_BASKET1,59223.0,8.0,59219.0,2.0,59218.0,15.0,59228,2,59229.0,15.0,59230.0,15.0,59225.5,0.0
0,85800,PICNIC_BASKET1,59222.0,2.0,59221.0,15.0,59220.0,30.0,59231,2,59232.0,15.0,59233.0,30.0,59226.5,0.0
0,85900,PICNIC_BASKET1,59216.0,1.0,59215.0,12.0,59214.0,24.0,59225,1,59226.0,12.0,59227.0,24.0,59220.5,0.0
0,86000,PICNIC_BASKET1,59215.0,1.0,59214.0,13.0,59213.0,27.0,59224,1,59225.0,13.0,59226.0,27.0,59219.5,0.0
0,86100,PICNIC_BASKET1,59212.0,2.0,59211.0,17.0,59210.0,28.0,59221,2,59222.0,17.0,59223.0,28.0,59216.5,0.0
0,86200,PICNIC_BASKET1,59212.0,10.0,59211.0,20.0,,,59223,10,59224.0,20.0,,,59217.5,0.0
0,86300,PICNIC_BASKET1,59210.0,2.0,59209.0,43.0,,,59220,2,59221.0,43.0,,,59215.0,0.0
0,86400,PICNIC_BASKET1,59219.0,12.0,59218.0,23.0,,,59230,12,59231.0,23.0,,,59224.5,0.0
0,86500,PICNIC_BASKET1,59222.0,2.0,59221.0,35.0,,,59232,2,59233.0,35.0,,,59227.0,0.0
0,86600,PICNIC_BASKET1,59230.0,5.0,59225.0,13.0,59224.0,18.0,59236,13,59237.0,18.0,,,59233.0,0.0
0,86700,PICNIC_BASKET1,59222.0,15.0,59221.0,28.0,,,59233,15,59234.0,28.0,,,59227.5,0.0
0,86800,PICNIC_BASKET1,59224.0,1.0,59223.0,11.0,59222.0,18.0,59233,1,59234.0,11.0,59235.0,18.0,59228.5,0.0
0,86900,PICNIC_BASKET1,59223.0,2.0,59222.0,10.0,59221.0,27.0,59232,2,59233.0,10.0,59234.0,27.0,59227.5,0.0
0,87000,PICNIC_BASKET1,59229.0,16.0,59228.0,24.0,,,59234,3,59239.0,2.0,59240.0,14.0,59231.5,0.0
0,87100,PICNIC_BASKET1,59233.0,7.0,59229.0,2.0,59228.0,27.0,59239,13,59240.0,16.0,,,59236.0,0.0
0,87200,PICNIC_BASKET1,59225.0,16.0,59224.0,19.0,,,59236,16,59237.0,19.0,,,59230.5,0.0
0,87300,PICNIC_BASKET1,59222.0,2.0,59221.0,14.0,59220.0,20.0,59231,2,59232.0,14.0,59233.0,20.0,59226.5,0.0
0,87400,PICNIC_BASKET1,59218.0,10.0,59217.0,29.0,,,59229,10,59230.0,29.0,,,59223.5,0.0
0,87500,PICNIC_BASKET1,59217.0,10.0,59216.0,18.0,,,59228,10,59229.0,18.0,,,59222.5,0.0
0,87600,PICNIC_BASKET1,59219.0,6.0,59215.0,1.0,59214.0,35.0,59225,20,59226.0,16.0,,,59222.0,0.0
0,87700,PICNIC_BASKET1,59211.0,12.0,59210.0,25.0,,,59222,12,59223.0,25.0,,,59216.5,0.0
0,87800,PICNIC_BASKET1,59215.0,2.0,59214.0,20.0,59213.0,15.0,59224,2,59225.0,20.0,59226.0,15.0,59219.5,0.0
0,87900,PICNIC_BASKET1,59215.0,15.0,59214.0,18.0,,,59226,15,59227.0,18.0,,,59220.5,0.0
0,88000,PICNIC_BASKET1,59215.0,2.0,59214.0,18.0,59213.0,17.0,59224,2,59225.0,18.0,59226.0,17.0,59219.5,0.0
0,88100,PICNIC_BASKET1,59212.0,1.0,59211.0,14.0,59210.0,18.0,59221,1,59222.0,14.0,59223.0,18.0,59216.5,0.0
0,88200,PICNIC_BASKET1,59217.0,10.0,59216.0,24.0,,,59228,10,59229.0,24.0,,,59222.5,0.0
0,88300,PICNIC_BASKET1,59218.0,2.0,59217.0,31.0,,,59228,12,59229.0,21.0,,,59223.0,0.0
0,88400,PICNIC_BASKET1,59220.0,7.0,59215.0,17.0,59214.0,19.0,59225,1,59226.0,16.0,59227.0,19.0,59222.5,0.0
0,88500,PICNIC_BASKET1,59218.0,2.0,59217.0,20.0,59216.0,17.0,59227,2,59228.0,20.0,59229.0,17.0,59222.5,0.0
0,88600,PICNIC_BASKET1,59209.0,1.0,59208.0,19.0,59207.0,18.0,59218,1,59219.0,19.0,59220.0,18.0,59213.5,0.0
0,88700,PICNIC_BASKET1,59206.0,13.0,59205.0,15.0,,,59217,13,59218.0,15.0,,,59211.5,0.0
0,88800,PICNIC_BASKET1,59207.0,17.0,59206.0,15.0,,,59217,1,59218.0,31.0,,,59212.0,0.0
0,88900,PICNIC_BASKET1,59209.0,2.0,59208.0,18.0,59207.0,21.0,59218,2,59219.0,18.0,59220.0,21.0,59213.5,0.0
0,89000,PICNIC_BASKET1,59214.0,2.0,59213.0,20.0,59212.0,28.0,59223,2,59224.0,20.0,59225.0,28.0,59218.5,0.0
0,89100,PICNIC_BASKET1,59209.0,10.0,59208.0,16.0,,,59220,10,59221.0,16.0,,,59214.5,0.0
0,89200,PICNIC_BASKET1,59202.0,18.0,59201.0,27.0,,,59213,18,59214.0,27.0,,,59207.5,0.0
0,89300,PICNIC_BASKET1,59202.0,2.0,59201.0,14.0,59200.0,15.0,59211,2,59212.0,14.0,59213.0,15.0,59206.5,0.0
0,89400,PICNIC_BASKET1,59197.0,2.0,59196.0,18.0,59195.0,30.0,59206,2,59207.0,18.0,59208.0,30.0,59201.5,0.0
0,89500,PICNIC_BASKET1,59193.0,2.0,59192.0,12.0,59191.0,30.0,59202,2,59203.0,12.0,59204.0,30.0,59197.5,0.0
0,89600,PICNIC_BASKET1,59186.0,1.0,59185.0,33.0,,,59196,1,59197.0,33.0,,,59191.0,0.0
0,89700,PICNIC_BASKET1,59197.0,38.0,,,,,59209,38,,,,,59203.0,0.0
0,89800,PICNIC_BASKET1,59202.0,1.0,59201.0,20.0,59200.0,26.0,59211,1,59212.0,20.0,59213.0,26.0,59206.5,0.0
0,89900,PICNIC_BASKET1,59196.0,2.0,59195.0,18.0,59194.0,21.0,59205,2,59206.0,18.0,59207.0,21.0,59200.5,0.0
0,90000,PICNIC_BASKET1,59195.0,14.0,59194.0,26.0,,,59206,14,59207.0,26.0,,,59200.5,0.0
0,90100,PICNIC_BASKET1,59193.0,1.0,59192.0,12.0,59191.0,22.0,59202,1,59203.0,12.0,59204.0,22.0,59197.5,0.0
0,90200,PICNIC_BASKET1,59193.0,19.0,59192.0,20.0,,,59203,2,59204.0,17.0,59205.0,20.0,59198.0,0.0
0,90300,PICNIC_BASKET1,59196.0,19.0,59195.0,27.0,,,59207,19,59208.0,27.0,,,59201.5,0.0
0,90400,PICNIC_BASKET1,59201.0,1.0,59200.0,10.0,59199.0,23.0,59210,1,59211.0,10.0,59212.0,23.0,59205.5,0.0
0,90500,PICNIC_BASKET1,59197.0,2.0,59196.0,11.0,59195.0,30.0,59207,13,59208.0,30.0,,,59202.0,0.0
0,90600,PICNIC_BASKET1,59192.0,31.0,,,,,59204,31,,,,,59198.0,0.0
0,90700,PICNIC_BASKET1,59194.0,1.0,59193.0,18.0,59192.0,23.0,59204,19,59205.0,23.0,,,59199.0,0.0
0,90800,PICNIC_BASKET1,59195.0,2.0,59194.0,10.0,59193.0,27.0,59199,5,59204.0,2.0,59205.0,10.0,59197.0,0.0
0,90900,PICNIC_BASKET1,59198.0,11.0,59197.0,26.0,,,59209,11,59210.0,26.0,,,59203.5,0.0
0,91000,PICNIC_BASKET1,59192.0,2.0,59191.0,18.0,59190.0,25.0,59201,2,59202.0,18.0,59203.0,25.0,59196.5,0.0
0,91100,PICNIC_BASKET1,59192.0,1.0,59191.0,20.0,59190.0,18.0,59201,1,59202.0,20.0,59203.0,18.0,59196.5,0.0
0,91200,PICNIC_BASKET1,59193.0,2.0,59192.0,19.0,59191.0,17.0,59203,21,59204.0,17.0,,,59198.0,0.0
0,91300,PICNIC_BASKET1,59194.0,3.0,59190.0,2.0,59189.0,26.0,59200,2,59201.0,26.0,,,59197.0,0.0
0,91400,PICNIC_BASKET1,59191.0,20.0,59190.0,17.0,,,59202,20,59203.0,17.0,,,59196.5,0.0
0,91500,PICNIC_BASKET1,59189.0,14.0,59188.0,15.0,,,59199,1,59200.0,13.0,59201.0,15.0,59194.0,0.0
0,91600,PICNIC_BASKET1,59188.0,16.0,59187.0,24.0,,,59199,16,59200.0,24.0,,,59193.5,0.0
0,91700,PICNIC_BASKET1,59195.0,1.0,59194.0,19.0,59193.0,23.0,59205,20,59206.0,23.0,,,59200.0,0.0
0,91800,PICNIC_BASKET1,59195.0,1.0,59194.0,11.0,59193.0,23.0,59204,1,59205.0,11.0,59206.0,23.0,59199.5,0.0
0,91900,PICNIC_BASKET1,59196.0,14.0,59195.0,24.0,,,59207,14,59208.0,24.0,,,59201.5,0.0
0,92000,PICNIC_BASKET1,59200.0,1.0,59199.0,14.0,59198.0,28.0,59209,1,59210.0,14.0,59211.0,28.0,59204.5,0.0
0,92100,PICNIC_BASKET1,59199.0,15.0,59198.0,27.0,,,59204,3,59209.0,2.0,59210.0,13.0,59201.5,0.0
0,92200,PICNIC_BASKET1,59197.0,2.0,59196.0,16.0,59195.0,29.0,59206,2,59207.0,16.0,59208.0,29.0,59201.5,0.0
0,92300,PICNIC_BASKET1,59194.0,16.0,59193.0,26.0,,,59205,16,59206.0,26.0,,,59199.5,0.0
0,92400,PICNIC_BASKET1,59197.0,7.0,59192.0,12.0,59191.0,19.0,59202,1,59203.0,30.0,,,59199.5,0.0
0,92500,PICNIC_BASKET1,59190.0,2.0,59189.0,10.0,59188.0,24.0,59199,2,59200.0,10.0,59201.0,24.0,59194.5,0.0
0,92600,PICNIC_BASKET1,59186.0,13.0,59185.0,26.0,,,59197,13,59198.0,26.0,,,59191.5,0.0
0,92700,PICNIC_BASKET1,59183.0,17.0,59182.0,19.0,,,59194,17,59195.0,19.0,,,59188.5,0.0
0,92800,PICNIC_BASKET1,59188.0,36.0,,,,,59194,2,59200.0,36.0,,,59191.0,0.0
0,92900,PICNIC_BASKET1,59186.0,18.0,59185.0,28.0,,,59197,18,59198.0,28.0,,,59191.5,0.0
0,93000,PICNIC_BASKET1,59181.0,14.0,59180.0,22.0,,,59191,2,59192.0,12.0,59193.0,22.0,59186.0,0.0
0,93100,PICNIC_BASKET1,59182.0,2.0,59181.0,20.0,59180.0,25.0,59191,2,59192.0,20.0,59193.0,25.0,59186.5,0.0
0,93200,PICNIC_BASKET1,59184.0,2.0,59183.0,18.0,59182.0,30.0,59193,2,59194.0,18.0,59195.0,30.0,59188.5,0.0
0,93300,PICNIC_BASKET1,59185.0,1.0,59184.0,34.0,,,59195,19,59196.0,16.0,,,59190.0,0.0
0,93400,PICNIC_BASKET1,59187.0,14.0,59186.0,21.0,,,59198,14,59199.0,21.0,,,59192.5,0.0
0,93500,PICNIC_BASKET1,59181.0,15.0,59180.0,29.0,,,59192,15,59193.0,29.0,,,59186.5,0.0
0,93600,PICNIC_BASKET1,59181.0,1.0,59180.0,20.0,59179.0,30.0,59190,1,59191.0,20.0,59192.0,30.0,59185.5,0.0
0,93700,PICNIC_BASKET1,59183.0,2.0,59182.0,11.0,59181.0,27.0,59192,2,59193.0,11.0,59194.0,27.0,59187.5,0.0
0,93800,PICNIC_BASKET1,59178.0,20.0,59177.0,16.0,,,59188,1,59189.0,19.0,59190.0,16.0,59183.0,0.0
0,93900,PICNIC_BASKET1,59182.0,1.0,59181.0,13.0,59180.0,15.0,59191,1,59192.0,13.0,59193.0,15.0,59186.5,0.0
0,94000,PICNIC_BASKET1,59182.0,1.0,59181.0,38.0,,,59192,21,59193.0,18.0,,,59187.0,0.0
0,94100,PICNIC_BASKET1,59184.0,10.0,59183.0,21.0,,,59195,31,,,,,59189.5,0.0
0,94200,PICNIC_BASKET1,59186.0,1.0,59185.0,43.0,,,59196,1,59197.0,43.0,,,59191.0,0.0
0,94300,PICNIC_BASKET1,59185.0,15.0,59184.0,21.0,,,59196,15,59197.0,21.0,,,59190.5,0.0
0,94400,PICNIC_BASKET1,59190.0,2.0,59189.0,17.0,59188.0,22.0,59199,2,59200.0,17.0,59201.0,22.0,59194.5,0.0
0,94500,PICNIC_BASKET1,59190.0,42.0,,,,,59202,42,,,,,59196.0,0.0
0,94600,PICNIC_BASKET1,59191.0,11.0,59190.0,18.0,,,59202,11,59203.0,18.0,,,59196.5,0.0
0,94700,PICNIC_BASKET1,59188.0,16.0,59187.0,23.0,,,59199,16,59200.0,23.0,,,59193.5,0.0
0,94800,PICNIC_BASKET1,59185.0,14.0,59184.0,28.0,,,59195,1,59196.0,41.0,,,59190.0,0.0
0,94900,PICNIC_BASKET1,59186.0,2.0,59185.0,19.0,59184.0,15.0,59195,2,59196.0,19.0,59197.0,15.0,59190.5,0.0
0,95000,PICNIC_BASKET1,59186.0,16.0,59185.0,21.0,,,59197,16,59198.0,21.0,,,59191.5,0.0
0,95100,PICNIC_BASKET1,59185.0,1.0,59184.0,16.0,59183.0,29.0,59194,1,59195.0,16.0,59196.0,29.0,59189.5,0.0
0,95200,PICNIC_BASKET1,59184.0,6.0,59183.0,16.0,,,59194,1,59195.0,11.0,59196.0,16.0,59189.0,0.0
0,95300,PICNIC_BASKET1,59186.0,1.0,59185.0,20.0,59184.0,26.0,59195,1,59196.0,20.0,59197.0,26.0,59190.5,0.0
0,95400,PICNIC_BASKET1,59188.0,1.0,59187.0,11.0,59186.0,23.0,59197,1,59198.0,11.0,59199.0,23.0,59192.5,0.0
0,95500,PICNIC_BASKET1,59189.0,6.0,59185.0,1.0,59184.0,16.0,59194,1,59195.0,16.0,59196.0,28.0,59191.5,0.0
0,95600,PICNIC_BASKET1,59186.0,11.0,59185.0,27.0,,,59197,11,59198.0,27.0,,,59191.5,0.0
0,95700,PICNIC_BASKET1,59184.0,22.0,59183.0,30.0,,,59194,2,59195.0,50.0,,,59189.0,0.0
0,95800,PICNIC_BASKET1,59185.0,2.0,59184.0,13.0,59183.0,18.0,59194,2,59195.0,13.0,59196.0,18.0,59189.5,0.0
0,95900,PICNIC_BASKET1,59179.0,19.0,59178.0,29.0,,,59190,19,59191.0,29.0,,,59184.5,0.0
0,96000,PICNIC_BASKET1,59183.0,5.0,59179.0,2.0,59178.0,17.0,59188,2,59189.0,17.0,59190.0,28.0,59185.5,0.0
0,96100,PICNIC_BASKET1,59184.0,2.0,59183.0,38.0,,,59194,19,59195.0,21.0,,,59189.0,0.0
0,96200,PICNIC_BASKET1,59179.0,1.0,59178.0,11.0,59177.0,30.0,59183,1,59188.0,1.0,59189.0,11.0,59181.0,0.0
0,96300,PICNIC_BASKET1,59183.0,20.0,59182.0,15.0,,,59194,20,59195.0,15.0,,,59188.5,0.0
0,96400,PICNIC_BASKET1,59183.0,2.0,59182.0,17.0,59181.0,20.0,59192,2,59193.0,17.0,59194.0,20.0,59187.5,0.0
0,96500,PICNIC_BASKET1,59182.0,19.0,59181.0,18.0,,,59193,19,59194.0,18.0,,,59187.5,0.0
0,96600,PICNIC_BASKET1,59177.0,14.0,59176.0,18.0,,,59188,14,59189.0,18.0,,,59182.5,0.0
0,96700,PICNIC_BASKET1,59180.0,1.0,59179.0,15.0,59178.0,15.0,59189,1,59190.0,15.0,59191.0,15.0,59184.5,0.0
0,96800,PICNIC_BASKET1,59182.0,16.0,59181.0,17.0,,,59193,16,59194.0,17.0,,,59187.5,0.0
0,96900,PICNIC_BASKET1,59185.0,18.0,59184.0,21.0,,,59196,18,59197.0,21.0,,,59190.5,0.0
0,97000,PICNIC_BASKET1,59180.0,2.0,59179.0,20.0,59178.0,27.0,59189,2,59190.0,20.0,59191.0,27.0,59184.5,0.0
0,97100,PICNIC_BASKET1,59179.0,2.0,59178.0,17.0,59177.0,21.0,59183,6,59188.0,2.0,59189.0,17.0,59181.0,0.0
0,97200,PICNIC_BASKET1,59184.0,2.0,59183.0,12.0,59182.0,30.0,59193,2,59194.0,12.0,59195.0,30.0,59188.5,0.0
0,97300,PICNIC_BASKET1,59181.0,17.0,59180.0,16.0,,,59191,1,59192.0,32.0,,,59186.0,0.0
0,97400,PICNIC_BASKET1,59188.0,4.0,59183.0,22.0,59182.0,27.0,59193,2,59194.0,20.0,59195.0,27.0,59190.5,0.0
0,97500,PICNIC_BASKET1,59185.0,2.0,59184.0,18.0,59183.0,17.0,59194,2,59195.0,18.0,59196.0,17.0,59189.5,0.0
0,97600,PICNIC_BASKET1,59185.0,10.0,59184.0,26.0,,,59196,10,59197.0,26.0,,,59190.5,0.0
0,97700,PICNIC_BASKET1,59189.0,1.0,59188.0,16.0,59187.0,27.0,59198,1,59199.0,16.0,59200.0,27.0,59193.5,0.0
0,97800,PICNIC_BASKET1,59188.0,15.0,59187.0,19.0,,,59199,15,59200.0,19.0,,,59193.5,0.0
0,97900,PICNIC_BASKET1,59191.0,18.0,59190.0,22.0,,,59202,18,59203.0,22.0,,,59196.5,0.0
0,98000,PICNIC_BASKET1,59192.0,1.0,59191.0,12.0,59190.0,23.0,59201,1,59202.0,12.0,59203.0,23.0,59196.5,0.0
0,98100,PICNIC_BASKET1,59195.0,2.0,59194.0,32.0,,,59205,14,59206.0,20.0,,,59200.0,0.0
0,98200,PICNIC_BASKET1,59182.0,1.0,59181.0,16.0,59180.0,21.0,59191,1,59192.0,16.0,59193.0,21.0,59186.5,0.0
0,98300,PICNIC_BASKET1,59190.0,1.0,59189.0,19.0,59188.0,22.0,59199,1,59200.0,19.0,59201.0,22.0,59194.5,0.0
0,98400,PICNIC_BASKET1,59191.0,12.0,59190.0,19.0,,,59202,12,59203.0,19.0,,,59196.5,0.0
0,98500,PICNIC_BASKET1,59195.0,2.0,59194.0,15.0,59193.0,25.0,59204,2,59205.0,15.0,59206.0,25.0,59199.5,0.0
0,98600,PICNIC_BASKET1,59193.0,2.0,59192.0,16.0,59191.0,20.0,59203,18,59204.0,20.0,,,59198.0,0.0
0,98700,PICNIC_BASKET1,59193.0,2.0,59192.0,19.0,59191.0,15.0,59202,2,59203.0,19.0,59204.0,15.0,59197.5,0.0
0,98800,PICNIC_BASKET1,59191.0,1.0,59190.0,15.0,59189.0,29.0,59200,1,59201.0,15.0,59202.0,29.0,59195.5,0.0
0,98900,PICNIC_BASKET1,59188.0,1.0,59187.0,17.0,59186.0,25.0,59197,1,59198.0,17.0,59199.0,25.0,59192.5,0.0
0,99000,PICNIC_BASKET1,59184.0,2.0,59183.0,19.0,59182.0,29.0,59193,2,59194.0,19.0,59195.0,29.0,59188.5,0.0
0,99100,PICNIC_BASKET1,59187.0,2.0,59186.0,20.0,59185.0,21.0,59196,2,59197.0,20.0,59198.0,21.0,59191.5,0.0
0,99200,PICNIC_BASKET1,59194.0,1.0,59193.0,15.0,59192.0,17.0,59203,1,59204.0,15.0,59205.0,17.0,59198.5,0.0
0,99300,PICNIC_BASKET1,59194.0,18.0,59193.0,24.0,,,59205,18,59206.0,24.0,,,59199.5,0.0
0,99400,PICNIC_BASKET1,59198.0,20.0,59197.0,27.0,,,59209,20,59210.0,27.0,,,59203.5,0.0
0,99500,PICNIC_BASKET1,59196.0,16.0,59195.0,17.0,,,59206,1,59207.0,32.0,,,59201.0,0.0
0,99600,PICNIC_BASKET1,59196.0,13.0,59195.0,21.0,,,59207,13,59208.0,21.0,,,59201.5,0.0
0,99700,PICNIC_BASKET1,59188.0,15.0,59187.0,19.0,,,59198,1,59199.0,33.0,,,59193.0,0.0
0,99800,PICNIC_BASKET1,59182.0,16.0,59181.0,21.0,,,59192,1,59193.0,15.0,59194.0,21.0,59187.0,0.0
0,99900,PICNIC_BASKET1,59184.0,2.0,59183.0,34.0,,,59194,12,59195.0,24.0,,,59189.0,0.0
0,100000,PICNIC_BASKET1,59179.0,20.0,59178.0,24.0,,,59190,44,,,,,59184.5,0.0
0,100100,PICNIC_BASKET1,59175.0,19.0,59174.0,19.0,,,59185,1,59186.0,18.0,59187.0,19.0,59180.0,0.0
0,100200,PICNIC_BASKET1,59179.0,16.0,59178.0,27.0,,,59190,16,59191.0,27.0,,,59184.5,0.0
0,100300,PICNIC_BASKET1,59181.0,2.0,59180.0,14.0,59179.0,16.0,59190,2,59191.0,14.0,59192.0,16.0,59185.5,0.0
0,100400,PICNIC_BASKET1,59183.0,1.0,59182.0,10.0,59181.0,23.0,59192,1,59193.0,10.0,59194.0,23.0,59187.5,0.0
0,100500,PICNIC_BASKET1,59183.0,2.0,59182.0,10.0,59181.0,21.0,59192,2,59193.0,10.0,59194.0,21.0,59187.5,0.0
0,100600,PICNIC_BASKET1,59181.0,2.0,59180.0,29.0,,,59191,2,59192.0,29.0,,,59186.0,0.0
0,100700,PICNIC_BASKET1,59180.0,7.0,59175.0,13.0,59174.0,15.0,59186,13,59187.0,15.0,,,59183.0,0.0
0,100800,PICNIC_BASKET1,59171.0,15.0,59170.0,18.0,,,59181,1,59182.0,32.0,,,59176.0,0.0
0,100900,PICNIC_BASKET1,59169.0,13.0,59168.0,26.0,,,59180,13,59181.0,26.0,,,59174.5,0.0
0,101000,PICNIC_BASKET1,59169.0,2.0,59168.0,19.0,59167.0,29.0,59178,2,59179.0,19.0,59180.0,29.0,59173.5,0.0
0,101100,PICNIC_BASKET1,59176.0,7.0,59167.0,20.0,59166.0,20.0,59178,40,,,,,59177.0,0.0
0,101200,PICNIC_BASKET1,59166.0,19.0,59165.0,15.0,,,59177,19,59178.0,15.0,,,59171.5,0.0
0,101300,PICNIC_BASKET1,59170.0,41.0,,,,,59181,14,59182.0,27.0,,,59175.5,0.0
0,101400,PICNIC_BASKET1,59169.0,10.0,59168.0,29.0,,,59180,10,59181.0,29.0,,,59174.5,0.0
0,101500,PICNIC_BASKET1,59170.0,12.0,59169.0,27.0,,,59180,1,59181.0,11.0,59182.0,27.0,59175.0,0.0
0,101600,PICNIC_BASKET1,59171.0,2.0,59170.0,19.0,59169.0,15.0,59175,5,59180.0,2.0,59181.0,19.0,59173.0,0.0
0,101700,PICNIC_BASKET1,59173.0,1.0,59172.0,19.0,59171.0,16.0,59182,1,59183.0,19.0,59184.0,16.0,59177.5,0.0
0,101800,PICNIC_BASKET1,59168.0,2.0,59167.0,16.0,59166.0,26.0,59177,2,59178.0,16.0,59179.0,26.0,59172.5,0.0
0,101900,PICNIC_BASKET1,59169.0,2.0,59168.0,15.0,59167.0,27.0,59178,2,59179.0,15.0,59180.0,27.0,59173.5,0.0
0,102000,PICNIC_BASKET1,59166.0,20.0,59165.0,30.0,,,59176,1,59177.0,49.0,,,59171.0,0.0
0,102100,PICNIC_BASKET1,59170.0,2.0,59169.0,28.0,,,59180,2,59181.0,28.0,,,59175.0,0.0
0,102200,PICNIC_BASKET1,59168.0,21.0,59167.0,19.0,,,59178,1,59179.0,20.0,59180.0,19.0,59173.0,0.0
0,102300,PICNIC_BASKET1,59170.0,11.0,59169.0,19.0,,,59181,11,59182.0,19.0,,,59175.5,0.0
0,102400,PICNIC_BASKET1,59171.0,1.0,59170.0,11.0,59169.0,15.0,59180,1,59181.0,11.0,59182.0,15.0,59175.5,0.0
0,102500,PICNIC_BASKET1,59167.0,16.0,59166.0,30.0,,,59177,1,59178.0,45.0,,,59172.0,0.0
0,102600,PICNIC_BASKET1,59165.0,31.0,,,,,59177,31,,,,,59171.0,0.0
0,102700,PICNIC_BASKET1,59170.0,3.0,59165.0,11.0,59164.0,21.0,59176,11,59177.0,21.0,,,59173.0,0.0
0,102800,PICNIC_BASKET1,59163.0,20.0,59162.0,24.0,,,59174,20,59175.0,24.0,,,59168.5,0.0
0,102900,PICNIC_BASKET1,59160.0,5.0,59156.0,1.0,59155.0,18.0,59165,1,59166.0,18.0,59167.0,27.0,59162.5,0.0
0,103000,PICNIC_BASKET1,59153.0,16.0,59152.0,21.0,,,59164,16,59165.0,21.0,,,59158.5,0.0
0,103100,PICNIC_BASKET1,59150.0,1.0,59149.0,14.0,59148.0,18.0,59159,1,59160.0,14.0,59161.0,18.0,59154.5,0.0
0,103200,PICNIC_BASKET1,59153.0,18.0,59152.0,26.0,,,59164,18,59165.0,26.0,,,59158.5,0.0
0,103300,PICNIC_BASKET1,59157.0,1.0,59156.0,13.0,59155.0,30.0,59166,1,59167.0,13.0,59168.0,30.0,59161.5,0.0
0,103400,PICNIC_BASKET1,59154.0,2.0,59153.0,17.0,59152.0,26.0,59163,2,59164.0,17.0,59165.0,26.0,59158.5,0.0
0,103500,PICNIC_BASKET1,59161.0,1.0,59160.0,15.0,59159.0,23.0,59170,1,59171.0,15.0,59172.0,23.0,59165.5,0.0
0,103600,PICNIC_BASKET1,59168.0,1.0,59167.0,14.0,59166.0,20.0,59177,1,59178.0,14.0,59179.0,20.0,59172.5,0.0
0,103700,PICNIC_BASKET1,59169.0,13.0,59168.0,28.0,,,59180,13,59181.0,28.0,,,59174.5,0.0
0,103800,PICNIC_BASKET1,59178.0,8.0,59170.0,2.0,59169.0,15.0,59179,2,59180.0,15.0,59181.0,25.0,59178.5,0.0
