day,timestamp,product,bid_price_1,bid_volume_1,bid_price_2,bid_volume_2,bid_price_3,bid_volume_3,ask_price_1,ask_volume_1,ask_price_2,ask_volume_2,ask_price_3,ask_volume_3,mid_price,profit_and_loss
0,0,PICNIC_BASKET2,30502.0,43.0,,,,,30508,19,30509.0,24.0,,,30505.0,0.0
0,100,PICNIC_BASKET2,30501.0,33.0,,,,,30507,13,30508.0,20.0,,,30504.0,0.0
0,200,PICNIC_BASKET2,30504.0,4.0,30502.0,15.0,30501.0,21.0,30507,1,30508.0,35.0,,,30505.5,0.0
0,300,PICNIC_BASKET2,30499.0,2.0,30498.0,40.0,,,30504,2,30505.0,40.0,,,30501.5,0.0
0,400,PICNIC_BASKET2,30503.0,2.0,30502.0,38.0,,,30508,2,30509.0,38.0,,,30505.5,0.0
0,500,PICNIC_BASKET2,30504.0,2.0,30503.0,46.0,,,30509,18,30510.0,30.0,,,30506.5,0.0
0,600,PICNIC_BASKET2,30508.0,15.0,30507.0,21.0,,,30513,2,30514.0,34.0,,,30510.5,0.0
0,700,PICNIC_BASKET2,30508.0,5.0,30505.0,36.0,,,30511,16,30512.0,20.0,,,30509.5,0.0
0,800,PICNIC_BASKET2,30505.0,40.0,,,,,30511,10,30512.0,30.0,,,30508.0,0.0
0,900,PICNIC_BASKET2,30504.0,22.0,30503.0,26.0,,,30510,48,,,,,30507.0,0.0
0,1000,PICNIC_BASKET2,30503.0,18.0,30502.0,19.0,,,30509,18,30510.0,19.0,,,30506.0,0.0
0,1100,PICNIC_BASKET2,30504.0,18.0,30503.0,16.0,,,30509,2,30510.0,32.0,,,30506.5,0.0
0,1200,PICNIC_BASKET2,30506.0,15.0,30505.0,24.0,,,30512,15,30513.0,24.0,,,30509.0,0.0
0,1300,PICNIC_BASKET2,30504.0,1.0,30503.0,43.0,,,30509,15,30510.0,29.0,,,30506.5,0.0
0,1400,PICNIC_BASKET2,30503.0,17.0,30502.0,24.0,,,30509,41,,,,,30506.0,0.0
0,1500,PICNIC_BASKET2,30505.0,20.0,30504.0,18.0,,,30510,2,30511.0,36.0,,,30507.5,0.0
0,1600,PICNIC_BASKET2,30501.0,1.0,30500.0,35.0,,,30506,11,30507.0,25.0,,,30503.5,0.0
0,1700,PICNIC_BASKET2,30500.0,37.0,,,,,30507,37,,,,,30503.5,0.0
0,1800,PICNIC_BASKET2,30499.0,14.0,30498.0,23.0,,,30504,2,30505.0,35.0,,,30501.5,0.0
0,1900,PICNIC_BASKET2,30500.0,7.0,30498.0,2.0,30497.0,36.0,30503,19,30504.0,19.0,,,30501.5,0.0
0,2000,PICNIC_BASKET2,30498.0,1.0,30497.0,37.0,,,30503,1,30504.0,37.0,,,30500.5,0.0
0,2100,PICNIC_BASKET2,30499.0,13.0,30498.0,29.0,,,30505,42,,,,,30502.0,0.0
0,2200,PICNIC_BASKET2,30504.0,2.0,30503.0,36.0,,,30509,2,30510.0,36.0,,,30506.5,0.0
0,2300,PICNIC_BASKET2,30504.0,2.0,30503.0,42.0,,,30509,2,30510.0,42.0,,,30506.5,0.0
0,2400,PICNIC_BASKET2,30505.0,15.0,30504.0,21.0,,,30510,2,30511.0,34.0,,,30507.5,0.0
0,2500,PICNIC_BASKET2,30507.0,16.0,30506.0,15.0,,,30513,31,,,,,30510.0,0.0
0,2600,PICNIC_BASKET2,30508.0,42.0,,,,,30515,42,,,,,30511.5,0.0
0,2700,PICNIC_BASKET2,30509.0,18.0,30508.0,20.0,,,30515,18,30516.0,20.0,,,30512.0,0.0
0,2800,PICNIC_BASKET2,30508.0,20.0,30507.0,20.0,,,30514,40,,,,,30511.0,0.0
0,2900,PICNIC_BASKET2,30506.0,2.0,30505.0,46.0,,,30511,2,30512.0,46.0,,,30508.5,0.0
0,3000,PICNIC_BASKET2,30502.0,2.0,30501.0,39.0,,,30507,15,30508.0,26.0,,,30504.5,0.0
0,3100,PICNIC_BASKET2,30500.0,21.0,30499.0,29.0,,,30505,2,30506.0,48.0,,,30502.5,0.0
0,3200,PICNIC_BASKET2,30499.0,14.0,30498.0,22.0,,,30505,14,30506.0,22.0,,,30502.0,0.0
0,3300,PICNIC_BASKET2,30496.0,2.0,30495.0,36.0,,,30501,2,30502.0,36.0,,,30498.5,0.0
0,3400,PICNIC_BASKET2,30492.0,2.0,30491.0,25.0,,,30497,2,30498.0,25.0,,,30494.5,0.0
0,3500,PICNIC_BASKET2,30493.0,12.0,30492.0,18.0,,,30499,28,,,,,30496.0,0.0
0,3600,PICNIC_BASKET2,30493.0,37.0,,,,,30499,16,30500.0,21.0,,,30496.0,0.0
0,3700,PICNIC_BASKET2,30491.0,12.0,30490.0,28.0,,,30496,2,30497.0,38.0,,,30493.5,0.0
0,3800,PICNIC_BASKET2,30498.0,5.0,30493.0,12.0,30492.0,24.0,30499,35,,,,,30498.5,0.0
0,3900,PICNIC_BASKET2,30499.0,6.0,30497.0,10.0,30496.0,27.0,30503,37,,,,,30501.0,0.0
0,4000,PICNIC_BASKET2,30499.0,15.0,30498.0,18.0,,,30505,15,30506.0,18.0,,,30502.0,0.0
0,4100,PICNIC_BASKET2,30501.0,20.0,30500.0,15.0,,,30507,20,30508.0,15.0,,,30504.0,0.0
0,4200,PICNIC_BASKET2,30504.0,14.0,30503.0,22.0,,,30510,36,,,,,30507.0,0.0
0,4300,PICNIC_BASKET2,30502.0,2.0,30501.0,28.0,,,30507,2,30508.0,28.0,,,30504.5,0.0
0,4400,PICNIC_BASKET2,30499.0,19.0,30498.0,16.0,,,30504,1,30505.0,34.0,,,30501.5,0.0
0,4500,PICNIC_BASKET2,30500.0,28.0,,,,,30506,10,30507.0,18.0,,,30503.0,0.0
0,4600,PICNIC_BASKET2,30501.0,13.0,30500.0,19.0,,,30503,2,30507.0,32.0,,,30502.0,0.0
0,4700,PICNIC_BASKET2,30502.0,19.0,30501.0,18.0,,,30508,19,30509.0,18.0,,,30505.0,0.0
0,4800,PICNIC_BASKET2,30502.0,16.0,30501.0,18.0,,,30507,1,30508.0,33.0,,,30504.5,0.0
0,4900,PICNIC_BASKET2,30503.0,38.0,,,,,30509,10,30510.0,28.0,,,30506.0,0.0
0,5000,PICNIC_BASKET2,30505.0,12.0,30504.0,22.0,,,30511,34,,,,,30508.0,0.0
0,5100,PICNIC_BASKET2,30506.0,7.0,30503.0,15.0,30502.0,29.0,30509,15,30510.0,29.0,,,30507.5,0.0
0,5200,PICNIC_BASKET2,30503.0,2.0,30502.0,34.0,,,30508,2,30509.0,34.0,,,30505.5,0.0
0,5300,PICNIC_BASKET2,30505.0,39.0,,,,,30512,39,,,,,30508.5,0.0
0,5400,PICNIC_BASKET2,30508.0,20.0,30507.0,22.0,,,30514,42,,,,,30511.0,0.0
0,5500,PICNIC_BASKET2,30508.0,1.0,30507.0,37.0,,,30513,1,30514.0,37.0,,,30510.5,0.0
0,5600,PICNIC_BASKET2,30509.0,13.0,30508.0,22.0,,,30515,35,,,,,30512.0,0.0
0,5700,PICNIC_BASKET2,30511.0,14.0,30510.0,21.0,,,30516,2,30517.0,33.0,,,30513.5,0.0
0,5800,PICNIC_BASKET2,30513.0,12.0,30512.0,28.0,,,30519,40,,,,,30516.0,0.0
0,5900,PICNIC_BASKET2,30514.0,1.0,30513.0,31.0,,,30519,1,30520.0,31.0,,,30516.5,0.0
0,6000,PICNIC_BASKET2,30514.0,2.0,30513.0,40.0,,,30516,1,30519.0,13.0,30520.0,29.0,30515.0,0.0
0,6100,PICNIC_BASKET2,30514.0,1.0,30513.0,40.0,,,30519,12,30520.0,29.0,,,30516.5,0.0
0,6200,PICNIC_BASKET2,30515.0,14.0,30514.0,28.0,,,30520,1,30521.0,41.0,,,30517.5,0.0
0,6300,PICNIC_BASKET2,30514.0,18.0,30513.0,20.0,,,30516,3,30520.0,18.0,30521.0,20.0,30515.0,0.0
0,6400,PICNIC_BASKET2,30510.0,46.0,,,,,30517,46,,,,,30513.5,0.0
0,6500,PICNIC_BASKET2,30509.0,38.0,,,,,30515,20,30516.0,18.0,,,30512.0,0.0
0,6600,PICNIC_BASKET2,30510.0,1.0,30509.0,36.0,,,30515,1,30516.0,36.0,,,30512.5,0.0
0,6700,PICNIC_BASKET2,30507.0,2.0,30506.0,44.0,,,30509,8,30512.0,2.0,30513.0,44.0,30508.0,0.0
0,6800,PICNIC_BASKET2,30506.0,1.0,30505.0,36.0,,,30511,1,30512.0,36.0,,,30508.5,0.0
0,6900,PICNIC_BASKET2,30505.0,37.0,,,,,30511,20,30512.0,17.0,,,30508.0,0.0
0,7000,PICNIC_BASKET2,30506.0,2.0,30505.0,34.0,,,30511,12,30512.0,24.0,,,30508.5,0.0
0,7100,PICNIC_BASKET2,30507.0,1.0,30506.0,31.0,,,30512,14,30513.0,18.0,,,30509.5,0.0
0,7200,PICNIC_BASKET2,30507.0,2.0,30506.0,28.0,,,30512,13,30513.0,17.0,,,30509.5,0.0
0,7300,PICNIC_BASKET2,30506.0,20.0,30505.0,16.0,,,30512,36,,,,,30509.0,0.0
0,7400,PICNIC_BASKET2,30505.0,1.0,30503.0,12.0,30502.0,23.0,30508,2,30509.0,33.0,,,30506.5,0.0
0,7500,PICNIC_BASKET2,30501.0,11.0,30500.0,17.0,,,30507,28,,,,,30504.0,0.0
0,7600,PICNIC_BASKET2,30504.0,2.0,30503.0,38.0,,,30506,6,30509.0,2.0,30510.0,38.0,30505.0,0.0
0,7700,PICNIC_BASKET2,30505.0,15.0,30504.0,25.0,,,30511,40,,,,,30508.0,0.0
0,7800,PICNIC_BASKET2,30505.0,1.0,30504.0,42.0,,,30510,1,30511.0,42.0,,,30507.5,0.0
0,7900,PICNIC_BASKET2,30507.0,16.0,30506.0,27.0,,,30512,1,30513.0,42.0,,,30509.5,0.0
0,8000,PICNIC_BASKET2,30504.0,17.0,30503.0,26.0,,,30509,1,30510.0,42.0,,,30506.5,0.0
0,8100,PICNIC_BASKET2,30503.0,15.0,30502.0,28.0,,,30509,43,,,,,30506.0,0.0
0,8200,PICNIC_BASKET2,30508.0,11.0,30507.0,22.0,,,30514,33,,,,,30511.0,0.0
0,8300,PICNIC_BASKET2,30512.0,1.0,30511.0,46.0,,,30517,1,30518.0,46.0,,,30514.5,0.0
0,8400,PICNIC_BASKET2,30509.0,39.0,,,,,30515,17,30516.0,22.0,,,30512.0,0.0
0,8500,PICNIC_BASKET2,30510.0,27.0,,,,,30516,11,30517.0,16.0,,,30513.0,0.0
0,8600,PICNIC_BASKET2,30517.0,8.0,30513.0,1.0,30512.0,35.0,30518,13,30519.0,23.0,,,30517.5,0.0
0,8700,PICNIC_BASKET2,30515.0,14.0,30514.0,16.0,,,30520,1,30521.0,29.0,,,30517.5,0.0
0,8800,PICNIC_BASKET2,30513.0,37.0,,,,,30519,15,30520.0,22.0,,,30516.0,0.0
0,8900,PICNIC_BASKET2,30513.0,1.0,30512.0,38.0,,,30518,12,30519.0,27.0,,,30515.5,0.0
0,9000,PICNIC_BASKET2,30515.0,4.0,30513.0,10.0,30512.0,15.0,30519,25,,,,,30517.0,0.0
0,9100,PICNIC_BASKET2,30509.0,48.0,,,,,30515,20,30516.0,28.0,,,30512.0,0.0
0,9200,PICNIC_BASKET2,30508.0,35.0,,,,,30514,20,30515.0,15.0,,,30511.0,0.0
0,9300,PICNIC_BASKET2,30511.0,30.0,,,,,30518,30,,,,,30514.5,0.0
0,9400,PICNIC_BASKET2,30514.0,17.0,30513.0,17.0,,,30519,2,30520.0,32.0,,,30516.5,0.0
0,9500,PICNIC_BASKET2,30514.0,15.0,30513.0,26.0,,,30519,1,30520.0,40.0,,,30516.5,0.0
0,9600,PICNIC_BASKET2,30510.0,35.0,,,,,30516,12,30517.0,23.0,,,30513.0,0.0
0,9700,PICNIC_BASKET2,30511.0,39.0,,,,,30517,18,30518.0,21.0,,,30514.0,0.0
0,9800,PICNIC_BASKET2,30511.0,29.0,,,,,30514,3,30518.0,29.0,,,30512.5,0.0
0,9900,PICNIC_BASKET2,30513.0,13.0,30512.0,29.0,,,30519,42,,,,,30516.0,0.0
0,10000,PICNIC_BASKET2,30513.0,21.0,30512.0,28.0,,,30518,2,30519.0,47.0,,,30515.5,0.0
0,10100,PICNIC_BASKET2,30513.0,10.0,30512.0,21.0,,,30519,31,,,,,30516.0,0.0
0,10200,PICNIC_BASKET2,30512.0,2.0,30511.0,40.0,,,30517,13,30518.0,29.0,,,30514.5,0.0
0,10300,PICNIC_BASKET2,30511.0,20.0,30510.0,17.0,,,30516,2,30517.0,35.0,,,30513.5,0.0
0,10400,PICNIC_BASKET2,30508.0,36.0,,,,,30515,36,,,,,30511.5,0.0
0,10500,PICNIC_BASKET2,30509.0,1.0,30508.0,40.0,,,30514,1,30515.0,40.0,,,30511.5,0.0
0,10600,PICNIC_BASKET2,30506.0,47.0,,,,,30513,47,,,,,30509.5,0.0
0,10700,PICNIC_BASKET2,30507.0,14.0,30506.0,21.0,,,30513,14,30514.0,21.0,,,30510.0,0.0
0,10800,PICNIC_BASKET2,30511.0,18.0,30510.0,21.0,,,30517,39,,,,,30514.0,0.0
0,10900,PICNIC_BASKET2,30511.0,12.0,30510.0,25.0,,,30516,1,30517.0,36.0,,,30513.5,0.0
0,11000,PICNIC_BASKET2,30513.0,31.0,,,,,30516,7,30519.0,15.0,30520.0,16.0,30514.5,0.0
0,11100,PICNIC_BASKET2,30512.0,42.0,,,,,30518,20,30519.0,22.0,,,30515.0,0.0
0,11200,PICNIC_BASKET2,30512.0,12.0,30511.0,23.0,,,30518,12,30519.0,23.0,,,30515.0,0.0
0,11300,PICNIC_BASKET2,30512.0,11.0,30511.0,27.0,,,30517,1,30518.0,37.0,,,30514.5,0.0
0,11400,PICNIC_BASKET2,30512.0,1.0,30511.0,44.0,,,30517,15,30518.0,30.0,,,30514.5,0.0
0,11500,PICNIC_BASKET2,30513.0,18.0,30512.0,29.0,,,30519,18,30520.0,29.0,,,30516.0,0.0
0,11600,PICNIC_BASKET2,30514.0,35.0,,,,,30520,12,30521.0,23.0,,,30517.0,0.0
0,11700,PICNIC_BASKET2,30517.0,15.0,30516.0,27.0,,,30522,1,30523.0,41.0,,,30519.5,0.0
0,11800,PICNIC_BASKET2,30517.0,37.0,,,,,30524,37,,,,,30520.5,0.0
0,11900,PICNIC_BASKET2,30517.0,17.0,30516.0,26.0,,,30523,43,,,,,30520.0,0.0
0,12000,PICNIC_BASKET2,30520.0,1.0,30517.0,42.0,,,30524,42,,,,,30522.0,0.0
0,12100,PICNIC_BASKET2,30524.0,20.0,30523.0,26.0,,,30529,2,30530.0,44.0,,,30526.5,0.0
0,12200,PICNIC_BASKET2,30526.0,2.0,30525.0,40.0,,,30531,14,30532.0,28.0,,,30528.5,0.0
0,12300,PICNIC_BASKET2,30523.0,15.0,30522.0,17.0,,,30528,1,30529.0,31.0,,,30525.5,0.0
0,12400,PICNIC_BASKET2,30521.0,29.0,,,,,30527,12,30528.0,17.0,,,30524.0,0.0
0,12500,PICNIC_BASKET2,30521.0,18.0,30520.0,23.0,,,30527,18,30528.0,23.0,,,30524.0,0.0
0,12600,PICNIC_BASKET2,30516.0,13.0,30515.0,18.0,,,30521,1,30522.0,30.0,,,30518.5,0.0
0,12700,PICNIC_BASKET2,30519.0,5.0,30517.0,2.0,30516.0,41.0,30522,22,30523.0,21.0,,,30520.5,0.0
0,12800,PICNIC_BASKET2,30516.0,1.0,30515.0,39.0,,,30521,14,30522.0,26.0,,,30518.5,0.0
0,12900,PICNIC_BASKET2,30515.0,15.0,30514.0,26.0,,,30521,15,30522.0,26.0,,,30518.0,0.0
0,13000,PICNIC_BASKET2,30516.0,34.0,,,,,30522,11,30523.0,23.0,,,30519.0,0.0
0,13100,PICNIC_BASKET2,30514.0,22.0,30513.0,18.0,,,30520,22,30521.0,18.0,,,30517.0,0.0
0,13200,PICNIC_BASKET2,30511.0,16.0,30510.0,23.0,,,30517,39,,,,,30514.0,0.0
0,13300,PICNIC_BASKET2,30512.0,2.0,30511.0,31.0,,,30517,2,30518.0,31.0,,,30514.5,0.0
0,13400,PICNIC_BASKET2,30511.0,1.0,30510.0,29.0,,,30516,15,30517.0,15.0,,,30513.5,0.0
0,13500,PICNIC_BASKET2,30514.0,1.0,30513.0,32.0,,,30519,1,30520.0,32.0,,,30516.5,0.0
0,13600,PICNIC_BASKET2,30516.0,19.0,30515.0,18.0,,,30521,2,30522.0,35.0,,,30518.5,0.0
0,13700,PICNIC_BASKET2,30511.0,21.0,30510.0,23.0,,,30516,2,30517.0,42.0,,,30513.5,0.0
0,13800,PICNIC_BASKET2,30514.0,13.0,30513.0,18.0,,,30519,1,30520.0,30.0,,,30516.5,0.0
0,13900,PICNIC_BASKET2,30514.0,41.0,,,,,30520,20,30521.0,21.0,,,30517.0,0.0
0,14000,PICNIC_BASKET2,30512.0,1.0,30511.0,31.0,,,30517,1,30518.0,31.0,,,30514.5,0.0
0,14100,PICNIC_BASKET2,30512.0,22.0,30511.0,27.0,,,30517,2,30518.0,47.0,,,30514.5,0.0
0,14200,PICNIC_BASKET2,30509.0,12.0,30508.0,16.0,,,30515,12,30516.0,16.0,,,30512.0,0.0
0,14300,PICNIC_BASKET2,30515.0,3.0,30510.0,22.0,30509.0,27.0,30516,47,,,,,30515.5,0.0
0,14400,PICNIC_BASKET2,30509.0,17.0,30508.0,17.0,,,30514,1,30515.0,33.0,,,30511.5,0.0
0,14500,PICNIC_BASKET2,30508.0,15.0,30507.0,16.0,,,30514,15,30515.0,16.0,,,30511.0,0.0
0,14600,PICNIC_BASKET2,30508.0,32.0,,,,,30514,11,30515.0,21.0,,,30511.0,0.0
0,14700,PICNIC_BASKET2,30503.0,13.0,30502.0,19.0,,,30508,2,30509.0,30.0,,,30505.5,0.0
0,14800,PICNIC_BASKET2,30502.0,46.0,,,,,30508,16,30509.0,30.0,,,30505.0,0.0
0,14900,PICNIC_BASKET2,30501.0,17.0,30500.0,17.0,,,30506,2,30507.0,32.0,,,30503.5,0.0
0,15000,PICNIC_BASKET2,30497.0,14.0,30496.0,30.0,,,30503,44,,,,,30500.0,0.0
0,15100,PICNIC_BASKET2,30496.0,39.0,,,,,30502,15,30503.0,24.0,,,30499.0,0.0
0,15200,PICNIC_BASKET2,30496.0,13.0,30495.0,20.0,,,30502,13,30503.0,20.0,,,30499.0,0.0
0,15300,PICNIC_BASKET2,30494.0,16.0,30493.0,25.0,,,30499,2,30500.0,39.0,,,30496.5,0.0
0,15400,PICNIC_BASKET2,30492.0,22.0,30491.0,27.0,,,30497,2,30498.0,47.0,,,30494.5,0.0
0,15500,PICNIC_BASKET2,30491.0,15.0,30490.0,23.0,,,30497,38,,,,,30494.0,0.0
0,15600,PICNIC_BASKET2,30492.0,1.0,30491.0,45.0,,,30497,19,30498.0,27.0,,,30494.5,0.0
0,15700,PICNIC_BASKET2,30492.0,14.0,30491.0,17.0,,,30497,2,30498.0,29.0,,,30494.5,0.0
0,15800,PICNIC_BASKET2,30492.0,12.0,30491.0,21.0,,,30497,2,30498.0,31.0,,,30494.5,0.0
0,15900,PICNIC_BASKET2,30492.0,20.0,30491.0,30.0,,,30498,50,,,,,30495.0,0.0
0,16000,PICNIC_BASKET2,30494.0,2.0,30493.0,46.0,,,30499,18,30500.0,30.0,,,30496.5,0.0
0,16100,PICNIC_BASKET2,30492.0,15.0,30491.0,25.0,,,30498,15,30499.0,25.0,,,30495.0,0.0
0,16200,PICNIC_BASKET2,30493.0,10.0,30492.0,18.0,,,30499,28,,,,,30496.0,0.0
0,16300,PICNIC_BASKET2,30493.0,18.0,30492.0,19.0,,,30498,2,30499.0,35.0,,,30495.5,0.0
0,16400,PICNIC_BASKET2,30492.0,2.0,30491.0,43.0,,,30497,16,30498.0,29.0,,,30494.5,0.0
0,16500,PICNIC_BASKET2,30491.0,22.0,30490.0,27.0,,,30496,2,30497.0,47.0,,,30493.5,0.0
0,16600,PICNIC_BASKET2,30487.0,2.0,30486.0,40.0,,,30492,2,30493.0,40.0,,,30489.5,0.0
0,16700,PICNIC_BASKET2,30491.0,17.0,30490.0,23.0,,,30496,1,30497.0,39.0,,,30493.5,0.0
0,16800,PICNIC_BASKET2,30493.0,16.0,30492.0,20.0,,,30499,16,30500.0,20.0,,,30496.0,0.0
0,16900,PICNIC_BASKET2,30495.0,1.0,30494.0,48.0,,,30500,20,30501.0,29.0,,,30497.5,0.0
0,17000,PICNIC_BASKET2,30494.0,20.0,30493.0,29.0,,,30500,20,30501.0,29.0,,,30497.0,0.0
0,17100,PICNIC_BASKET2,30497.0,1.0,30496.0,41.0,,,30502,1,30503.0,41.0,,,30499.5,0.0
0,17200,PICNIC_BASKET2,30496.0,2.0,30495.0,38.0,,,30501,12,30502.0,28.0,,,30498.5,0.0
0,17300,PICNIC_BASKET2,30501.0,3.0,30496.0,33.0,,,30502,11,30503.0,22.0,,,30501.5,0.0
0,17400,PICNIC_BASKET2,30500.0,1.0,30499.0,37.0,,,30505,1,30506.0,37.0,,,30502.5,0.0
0,17500,PICNIC_BASKET2,30503.0,12.0,30502.0,18.0,,,30508,1,30509.0,29.0,,,30505.5,0.0
0,17600,PICNIC_BASKET2,30502.0,20.0,30501.0,17.0,,,30508,37,,,,,30505.0,0.0
0,17700,PICNIC_BASKET2,30503.0,13.0,30502.0,19.0,,,30509,32,,,,,30506.0,0.0
0,17800,PICNIC_BASKET2,30503.0,15.0,30502.0,21.0,,,30509,36,,,,,30506.0,0.0
0,17900,PICNIC_BASKET2,30502.0,1.0,30501.0,36.0,,,30507,1,30508.0,36.0,,,30504.5,0.0
0,18000,PICNIC_BASKET2,30501.0,15.0,30500.0,21.0,,,30506,2,30507.0,34.0,,,30503.5,0.0
0,18100,PICNIC_BASKET2,30504.0,37.0,,,,,30511,37,,,,,30507.5,0.0
0,18200,PICNIC_BASKET2,30503.0,1.0,30502.0,30.0,,,30508,12,30509.0,19.0,,,30505.5,0.0
0,18300,PICNIC_BASKET2,30507.0,7.0,30504.0,29.0,,,30510,12,30511.0,17.0,,,30508.5,0.0
0,18400,PICNIC_BASKET2,30502.0,14.0,30501.0,19.0,,,30508,14,30509.0,19.0,,,30505.0,0.0
0,18500,PICNIC_BASKET2,30501.0,2.0,30500.0,34.0,,,30506,2,30507.0,34.0,,,30503.5,0.0
0,18600,PICNIC_BASKET2,30500.0,1.0,30499.0,33.0,,,30505,14,30506.0,20.0,,,30502.5,0.0
0,18700,PICNIC_BASKET2,30500.0,18.0,30499.0,22.0,,,30505,2,30506.0,38.0,,,30502.5,0.0
0,18800,PICNIC_BASKET2,30502.0,2.0,30501.0,39.0,,,30507,19,30508.0,22.0,,,30504.5,0.0
0,18900,PICNIC_BASKET2,30500.0,18.0,30499.0,23.0,,,30505,1,30506.0,40.0,,,30502.5,0.0
0,19000,PICNIC_BASKET2,30503.0,35.0,,,,,30510,35,,,,,30506.5,0.0
0,19100,PICNIC_BASKET2,30505.0,1.0,30504.0,44.0,,,30510,17,30511.0,28.0,,,30507.5,0.0
0,19200,PICNIC_BASKET2,30504.0,11.0,30503.0,28.0,,,30509,1,30510.0,38.0,,,30506.5,0.0
0,19300,PICNIC_BASKET2,30506.0,19.0,30505.0,27.0,,,30511,2,30512.0,44.0,,,30508.5,0.0
0,19400,PICNIC_BASKET2,30504.0,17.0,30503.0,24.0,,,30510,17,30511.0,24.0,,,30507.0,0.0
0,19500,PICNIC_BASKET2,30504.0,12.0,30503.0,22.0,,,30509,2,30510.0,32.0,,,30506.5,0.0
0,19600,PICNIC_BASKET2,30505.0,22.0,30504.0,22.0,,,30510,2,30511.0,42.0,,,30507.5,0.0
0,19700,PICNIC_BASKET2,30503.0,17.0,30502.0,29.0,,,30509,17,30510.0,29.0,,,30506.0,0.0
0,19800,PICNIC_BASKET2,30503.0,19.0,30502.0,27.0,,,30509,19,30510.0,27.0,,,30506.0,0.0
0,19900,PICNIC_BASKET2,30499.0,1.0,30498.0,48.0,,,30504,1,30505.0,48.0,,,30501.5,0.0
0,20000,PICNIC_BASKET2,30499.0,15.0,30498.0,18.0,,,30505,33,,,,,30502.0,0.0
0,20100,PICNIC_BASKET2,30503.0,2.0,30502.0,26.0,,,30508,13,30509.0,15.0,,,30505.5,0.0
0,20200,PICNIC_BASKET2,30503.0,36.0,,,,,30509,14,30510.0,22.0,,,30506.0,0.0
0,20300,PICNIC_BASKET2,30504.0,17.0,30503.0,29.0,,,30509,2,30510.0,44.0,,,30506.5,0.0
0,20400,PICNIC_BASKET2,30502.0,42.0,,,,,30509,42,,,,,30505.5,0.0
0,20500,PICNIC_BASKET2,30500.0,11.0,30499.0,18.0,,,30506,11,30507.0,18.0,,,30503.0,0.0
0,20600,PICNIC_BASKET2,30500.0,15.0,30499.0,15.0,,,30506,15,30507.0,15.0,,,30503.0,0.0
0,20700,PICNIC_BASKET2,30500.0,13.0,30499.0,18.0,,,30505,1,30506.0,30.0,,,30502.5,0.0
0,20800,PICNIC_BASKET2,30499.0,2.0,30498.0,35.0,,,30504,2,30505.0,35.0,,,30501.5,0.0
0,20900,PICNIC_BASKET2,30501.0,1.0,30500.0,40.0,,,30506,1,30507.0,40.0,,,30503.5,0.0
0,21000,PICNIC_BASKET2,30502.0,40.0,,,,,30508,19,30509.0,21.0,,,30505.0,0.0
0,21100,PICNIC_BASKET2,30501.0,2.0,30500.0,30.0,,,30506,13,30507.0,19.0,,,30503.5,0.0
0,21200,PICNIC_BASKET2,30502.0,35.0,,,,,30505,5,30508.0,17.0,30509.0,18.0,30503.5,0.0
0,21300,PICNIC_BASKET2,30506.0,14.0,30505.0,15.0,,,30512,29,,,,,30509.0,0.0
0,21400,PICNIC_BASKET2,30506.0,40.0,,,,,30512,15,30513.0,25.0,,,30509.0,0.0
0,21500,PICNIC_BASKET2,30508.0,2.0,30507.0,26.0,,,30510,1,30513.0,2.0,30514.0,26.0,30509.0,0.0
0,21600,PICNIC_BASKET2,30508.0,33.0,,,,,30514,16,30515.0,17.0,,,30511.0,0.0
0,21700,PICNIC_BASKET2,30506.0,44.0,,,,,30512,21,30513.0,23.0,,,30509.0,0.0
0,21800,PICNIC_BASKET2,30507.0,21.0,,,,,30513,11,30514.0,15.0,,,30510.0,0.0
0,21900,PICNIC_BASKET2,30506.0,39.0,,,,,30512,18,30513.0,21.0,,,30509.0,0.0
0,22000,PICNIC_BASKET2,30507.0,21.0,30506.0,26.0,,,30512,1,30513.0,46.0,,,30509.5,0.0
0,22100,PICNIC_BASKET2,30509.0,31.0,,,,,30515,12,30516.0,19.0,,,30512.0,0.0
0,22200,PICNIC_BASKET2,30510.0,1.0,30509.0,34.0,,,30515,1,30516.0,34.0,,,30512.5,0.0
0,22300,PICNIC_BASKET2,30508.0,12.0,30507.0,25.0,,,30514,37,,,,,30511.0,0.0
0,22400,PICNIC_BASKET2,30507.0,2.0,30506.0,38.0,,,30512,2,30513.0,38.0,,,30509.5,0.0
0,22500,PICNIC_BASKET2,30508.0,12.0,30507.0,22.0,,,30514,34,,,,,30511.0,0.0
0,22600,PICNIC_BASKET2,30511.0,8.0,30509.0,1.0,30508.0,32.0,30514,1,30515.0,32.0,,,30512.5,0.0
0,22700,PICNIC_BASKET2,30510.0,31.0,,,,,30517,31,,,,,30513.5,0.0
0,22800,PICNIC_BASKET2,30511.0,11.0,30510.0,25.0,,,30517,36,,,,,30514.0,0.0
0,22900,PICNIC_BASKET2,30508.0,2.0,30507.0,27.0,,,30513,14,30514.0,15.0,,,30510.5,0.0
0,23000,PICNIC_BASKET2,30504.0,22.0,30503.0,20.0,,,30509,2,30510.0,40.0,,,30506.5,0.0
0,23100,PICNIC_BASKET2,30505.0,13.0,30504.0,27.0,,,30510,1,30511.0,39.0,,,30507.5,0.0
0,23200,PICNIC_BASKET2,30506.0,18.0,30505.0,19.0,,,30512,18,30513.0,19.0,,,30509.0,0.0
0,23300,PICNIC_BASKET2,30503.0,32.0,,,,,30509,10,30510.0,22.0,,,30506.0,0.0
0,23400,PICNIC_BASKET2,30501.0,40.0,,,,,30507,18,30508.0,22.0,,,30504.0,0.0
0,23500,PICNIC_BASKET2,30501.0,15.0,30500.0,20.0,,,30506,2,30507.0,33.0,,,30503.5,0.0
0,23600,PICNIC_BASKET2,30504.0,41.0,,,,,30510,19,30511.0,22.0,,,30507.0,0.0
0,23700,PICNIC_BASKET2,30502.0,14.0,30501.0,24.0,,,30508,14,30509.0,24.0,,,30505.0,0.0
0,23800,PICNIC_BASKET2,30503.0,22.0,30502.0,29.0,,,30509,22,30510.0,29.0,,,30506.0,0.0
0,23900,PICNIC_BASKET2,30501.0,37.0,,,,,30508,37,,,,,30504.5,0.0
0,24000,PICNIC_BASKET2,30501.0,1.0,30500.0,31.0,,,30506,14,30507.0,18.0,,,30503.5,0.0
0,24100,PICNIC_BASKET2,30498.0,2.0,30497.0,41.0,,,30503,22,30504.0,21.0,,,30500.5,0.0
0,24200,PICNIC_BASKET2,30498.0,21.0,30497.0,29.0,,,30503,2,30504.0,48.0,,,30500.5,0.0
0,24300,PICNIC_BASKET2,30499.0,2.0,30498.0,39.0,,,30504,12,30505.0,29.0,,,30501.5,0.0
0,24400,PICNIC_BASKET2,30503.0,39.0,,,,,30509,10,30510.0,29.0,,,30506.0,0.0
0,24500,PICNIC_BASKET2,30501.0,39.0,,,,,30508,39,,,,,30504.5,0.0
0,24600,PICNIC_BASKET2,30503.0,1.0,30502.0,43.0,,,30508,1,30509.0,43.0,,,30505.5,0.0
0,24700,PICNIC_BASKET2,30504.0,15.0,30503.0,24.0,,,30510,15,30511.0,24.0,,,30507.0,0.0
0,24800,PICNIC_BASKET2,30509.0,45.0,,,,,30515,22,30516.0,23.0,,,30512.0,0.0
0,24900,PICNIC_BASKET2,30507.0,22.0,30506.0,23.0,,,30512,2,30513.0,43.0,,,30509.5,0.0
0,25000,PICNIC_BASKET2,30504.0,17.0,30503.0,20.0,,,30510,17,30511.0,20.0,,,30507.0,0.0
0,25100,PICNIC_BASKET2,30505.0,44.0,,,,,30511,14,30512.0,30.0,,,30508.0,0.0
0,25200,PICNIC_BASKET2,30508.0,22.0,30507.0,30.0,,,30514,52,,,,,30511.0,0.0
0,25300,PICNIC_BASKET2,30508.0,2.0,30507.0,40.0,,,30513,2,30514.0,40.0,,,30510.5,0.0
0,25400,PICNIC_BASKET2,30505.0,2.0,30504.0,30.0,,,30510,15,30511.0,17.0,,,30507.5,0.0
0,25500,PICNIC_BASKET2,30508.0,2.0,30507.0,46.0,,,30513,2,30514.0,46.0,,,30510.5,0.0
0,25600,PICNIC_BASKET2,30508.0,1.0,30507.0,36.0,,,30510,7,30513.0,17.0,30514.0,20.0,30509.0,0.0
0,25700,PICNIC_BASKET2,30512.0,4.0,30507.0,11.0,30506.0,21.0,30513,32,,,,,30512.5,0.0
0,25800,PICNIC_BASKET2,30503.0,11.0,30502.0,26.0,,,30508,1,30509.0,36.0,,,30505.5,0.0
0,25900,PICNIC_BASKET2,30500.0,12.0,30499.0,21.0,,,30506,33,,,,,30503.0,0.0
0,26000,PICNIC_BASKET2,30501.0,35.0,,,,,30507,20,30508.0,15.0,,,30504.0,0.0
0,26100,PICNIC_BASKET2,30500.0,14.0,30499.0,23.0,,,30506,37,,,,,30503.0,0.0
0,26200,PICNIC_BASKET2,30498.0,11.0,30497.0,27.0,,,30503,1,30504.0,37.0,,,30500.5,0.0
0,26300,PICNIC_BASKET2,30496.0,38.0,,,,,30502,13,30503.0,25.0,,,30499.0,0.0
0,26400,PICNIC_BASKET2,30496.0,27.0,,,,,30502,12,30503.0,15.0,,,30499.0,0.0
0,26500,PICNIC_BASKET2,30495.0,1.0,30494.0,41.0,,,30500,17,30501.0,25.0,,,30497.5,0.0
0,26600,PICNIC_BASKET2,30492.0,21.0,30491.0,19.0,,,30498,21,30499.0,19.0,,,30495.0,0.0
0,26700,PICNIC_BASKET2,30493.0,39.0,,,,,30500,39,,,,,30496.5,0.0
0,26800,PICNIC_BASKET2,30494.0,41.0,,,,,30500,20,30501.0,21.0,,,30497.0,0.0
0,26900,PICNIC_BASKET2,30491.0,11.0,30490.0,30.0,,,30497,11,30498.0,30.0,,,30494.0,0.0
0,27000,PICNIC_BASKET2,30495.0,16.0,30494.0,26.0,,,30500,1,30501.0,41.0,,,30497.5,0.0
0,27100,PICNIC_BASKET2,30495.0,12.0,30494.0,17.0,,,30500,2,30501.0,27.0,,,30497.5,0.0
0,27200,PICNIC_BASKET2,30496.0,2.0,30495.0,31.0,,,30501,2,30502.0,31.0,,,30498.5,0.0
0,27300,PICNIC_BASKET2,30498.0,18.0,30497.0,19.0,,,30504,18,30505.0,19.0,,,30501.0,0.0
0,27400,PICNIC_BASKET2,30502.0,1.0,30501.0,40.0,,,30507,20,30508.0,21.0,,,30504.5,0.0
0,27500,PICNIC_BASKET2,30504.0,2.0,30503.0,34.0,,,30509,21,30510.0,15.0,,,30506.5,0.0
0,27600,PICNIC_BASKET2,30505.0,14.0,30504.0,15.0,,,30510,1,30511.0,28.0,,,30507.5,0.0
0,27700,PICNIC_BASKET2,30508.0,34.0,,,,,30514,13,30515.0,27.0,,,30511.0,0.0
0,27800,PICNIC_BASKET2,30513.0,5.0,30511.0,14.0,30510.0,24.0,30517,38,,,,,30515.0,0.0
0,27900,PICNIC_BASKET2,30515.0,40.0,,,,,30521,19,30522.0,21.0,,,30518.0,0.0
0,28000,PICNIC_BASKET2,30515.0,43.0,,,,,30521,15,30522.0,28.0,,,30518.0,0.0
0,28100,PICNIC_BASKET2,30515.0,10.0,30514.0,23.0,,,30521,33,,,,,30518.0,0.0
0,28200,PICNIC_BASKET2,30519.0,14.0,30518.0,27.0,,,30525,41,,,,,30522.0,0.0
0,28300,PICNIC_BASKET2,30517.0,1.0,30516.0,40.0,,,30522,18,30523.0,23.0,,,30519.5,0.0
0,28400,PICNIC_BASKET2,30519.0,13.0,30518.0,27.0,,,30525,40,,,,,30522.0,0.0
0,28500,PICNIC_BASKET2,30517.0,1.0,30516.0,44.0,,,30522,1,30523.0,44.0,,,30519.5,0.0
0,28600,PICNIC_BASKET2,30518.0,18.0,30517.0,17.0,,,30523,2,30524.0,33.0,,,30520.5,0.0
0,28700,PICNIC_BASKET2,30518.0,39.0,,,,,30524,12,30525.0,27.0,,,30521.0,0.0
0,28800,PICNIC_BASKET2,30519.0,2.0,30518.0,35.0,,,30524,22,30525.0,15.0,,,30521.5,0.0
0,28900,PICNIC_BASKET2,30517.0,14.0,30516.0,29.0,,,30523,43,,,,,30520.0,0.0
0,29000,PICNIC_BASKET2,30515.0,15.0,30514.0,21.0,,,30521,36,,,,,30518.0,0.0
0,29100,PICNIC_BASKET2,30514.0,2.0,30513.0,26.0,,,30519,12,30520.0,16.0,,,30516.5,0.0
0,29200,PICNIC_BASKET2,30511.0,33.0,,,,,30518,33,,,,,30514.5,0.0
0,29300,PICNIC_BASKET2,30517.0,7.0,30511.0,34.0,,,30518,34,,,,,30517.5,0.0
0,29400,PICNIC_BASKET2,30510.0,12.0,30509.0,22.0,,,30515,1,30516.0,33.0,,,30512.5,0.0
0,29500,PICNIC_BASKET2,30514.0,2.0,30513.0,35.0,,,30519,22,30520.0,15.0,,,30516.5,0.0
0,29600,PICNIC_BASKET2,30511.0,33.0,,,,,30517,18,30518.0,15.0,,,30514.0,0.0
0,29700,PICNIC_BASKET2,30509.0,1.0,30508.0,34.0,,,30514,1,30515.0,34.0,,,30511.5,0.0
0,29800,PICNIC_BASKET2,30512.0,18.0,30511.0,22.0,,,30514,4,30517.0,1.0,30518.0,39.0,30513.0,0.0
0,29900,PICNIC_BASKET2,30508.0,17.0,30507.0,16.0,,,30513,1,30514.0,32.0,,,30510.5,0.0
0,30000,PICNIC_BASKET2,30510.0,1.0,30509.0,34.0,,,30515,18,30516.0,17.0,,,30512.5,0.0
0,30100,PICNIC_BASKET2,30507.0,49.0,,,,,30513,19,30514.0,30.0,,,30510.0,0.0
0,30200,PICNIC_BASKET2,30511.0,2.0,30510.0,46.0,,,30516,2,30517.0,46.0,,,30513.5,0.0
0,30300,PICNIC_BASKET2,30509.0,14.0,30508.0,15.0,,,30515,29,,,,,30512.0,0.0
0,30400,PICNIC_BASKET2,30510.0,2.0,30509.0,45.0,,,30515,22,30516.0,25.0,,,30512.5,0.0
0,30500,PICNIC_BASKET2,30511.0,13.0,30510.0,16.0,,,30513,1,30516.0,1.0,30517.0,28.0,30512.0,0.0
0,30600,PICNIC_BASKET2,30506.0,31.0,,,,,30512,10,30513.0,21.0,,,30509.0,0.0
0,30700,PICNIC_BASKET2,30508.0,2.0,30506.0,1.0,30505.0,27.0,30511,13,30512.0,15.0,,,30509.5,0.0
0,30800,PICNIC_BASKET2,30506.0,32.0,,,,,30512,17,30513.0,15.0,,,30509.0,0.0
0,30900,PICNIC_BASKET2,30508.0,36.0,,,,,30515,36,,,,,30511.5,0.0
0,31000,PICNIC_BASKET2,30507.0,27.0,,,,,30513,10,30514.0,17.0,,,30510.0,0.0
0,31100,PICNIC_BASKET2,30510.0,12.0,30509.0,30.0,,,30516,42,,,,,30513.0,0.0
0,31200,PICNIC_BASKET2,30515.0,15.0,30514.0,25.0,,,30520,2,30521.0,38.0,,,30517.5,0.0
0,31300,PICNIC_BASKET2,30517.0,31.0,,,,,30524,31,,,,,30520.5,0.0
0,31400,PICNIC_BASKET2,30520.0,2.0,30519.0,40.0,,,30525,2,30526.0,40.0,,,30522.5,0.0
0,31500,PICNIC_BASKET2,30518.0,11.0,30517.0,25.0,,,30524,11,30525.0,25.0,,,30521.0,0.0
0,31600,PICNIC_BASKET2,30520.0,2.0,30519.0,45.0,,,30525,2,30526.0,45.0,,,30522.5,0.0
0,31700,PICNIC_BASKET2,30518.0,40.0,,,,,30524,17,30525.0,23.0,,,30521.0,0.0
0,31800,PICNIC_BASKET2,30522.0,4.0,30517.0,10.0,30516.0,27.0,30523,10,30524.0,27.0,,,30522.5,0.0
0,31900,PICNIC_BASKET2,30516.0,22.0,30515.0,17.0,,,30521,2,30522.0,37.0,,,30518.5,0.0
0,32000,PICNIC_BASKET2,30518.0,1.0,30517.0,39.0,,,30523,21,30524.0,19.0,,,30520.5,0.0
0,32100,PICNIC_BASKET2,30520.0,1.0,30519.0,39.0,,,30525,1,30526.0,39.0,,,30522.5,0.0
0,32200,PICNIC_BASKET2,30521.0,12.0,30520.0,28.0,,,30527,12,30528.0,28.0,,,30524.0,0.0
0,32300,PICNIC_BASKET2,30523.0,19.0,30522.0,15.0,,,30528,1,30529.0,33.0,,,30525.5,0.0
0,32400,PICNIC_BASKET2,30520.0,18.0,30519.0,18.0,,,30525,2,30526.0,34.0,,,30522.5,0.0
0,32500,PICNIC_BASKET2,30520.0,17.0,30519.0,15.0,,,30526,17,30527.0,15.0,,,30523.0,0.0
0,32600,PICNIC_BASKET2,30517.0,29.0,,,,,30524,29,,,,,30520.5,0.0
0,32700,PICNIC_BASKET2,30522.0,13.0,30521.0,21.0,,,30525,2,30528.0,13.0,30529.0,21.0,30523.5,0.0
0,32800,PICNIC_BASKET2,30521.0,19.0,30520.0,27.0,,,30527,19,30528.0,27.0,,,30524.0,0.0
0,32900,PICNIC_BASKET2,30522.0,4.0,30520.0,21.0,30519.0,20.0,30525,1,30526.0,40.0,,,30523.5,0.0
0,33000,PICNIC_BASKET2,30518.0,40.0,,,,,30521,3,30524.0,17.0,30525.0,23.0,30519.5,0.0
0,33100,PICNIC_BASKET2,30522.0,38.0,,,,,30528,16,30529.0,22.0,,,30525.0,0.0
0,33200,PICNIC_BASKET2,30522.0,20.0,30521.0,18.0,,,30528,20,30529.0,18.0,,,30525.0,0.0
0,33300,PICNIC_BASKET2,30520.0,16.0,30519.0,16.0,,,30525,2,30526.0,30.0,,,30522.5,0.0
0,33400,PICNIC_BASKET2,30520.0,36.0,,,,,30526,19,30527.0,17.0,,,30523.0,0.0
0,33500,PICNIC_BASKET2,30516.0,40.0,,,,,30522,17,30523.0,23.0,,,30519.0,0.0
0,33600,PICNIC_BASKET2,30517.0,18.0,30516.0,29.0,,,30523,47,,,,,30520.0,0.0
0,33700,PICNIC_BASKET2,30518.0,14.0,30517.0,19.0,,,30523,1,30524.0,32.0,,,30520.5,0.0
0,33800,PICNIC_BASKET2,30517.0,34.0,,,,,30524,34,,,,,30520.5,0.0
0,33900,PICNIC_BASKET2,30517.0,13.0,30516.0,22.0,,,30523,35,,,,,30520.0,0.0
0,34000,PICNIC_BASKET2,30521.0,1.0,30520.0,39.0,,,30526,17,30527.0,23.0,,,30523.5,0.0
0,34100,PICNIC_BASKET2,30523.0,3.0,30521.0,13.0,30520.0,20.0,30526,1,30527.0,32.0,,,30524.5,0.0
0,34200,PICNIC_BASKET2,30521.0,1.0,30520.0,39.0,,,30523,2,30526.0,13.0,30527.0,27.0,30522.0,0.0
0,34300,PICNIC_BASKET2,30520.0,2.0,30519.0,37.0,,,30525,13,30526.0,26.0,,,30522.5,0.0
0,34400,PICNIC_BASKET2,30516.0,14.0,30515.0,22.0,,,30522,14,30523.0,22.0,,,30519.0,0.0
0,34500,PICNIC_BASKET2,30515.0,36.0,,,,,30521,12,30522.0,24.0,,,30518.0,0.0
0,34600,PICNIC_BASKET2,30515.0,10.0,30514.0,16.0,,,30521,10,30522.0,16.0,,,30518.0,0.0
0,34700,PICNIC_BASKET2,30510.0,48.0,,,,,30517,48,,,,,30513.5,0.0
0,34800,PICNIC_BASKET2,30513.0,18.0,30512.0,15.0,,,30519,33,,,,,30516.0,0.0
0,34900,PICNIC_BASKET2,30513.0,21.0,30512.0,24.0,,,30519,21,30520.0,24.0,,,30516.0,0.0
0,35000,PICNIC_BASKET2,30512.0,19.0,30511.0,25.0,,,30518,19,30519.0,25.0,,,30515.0,0.0
0,35100,PICNIC_BASKET2,30514.0,32.0,,,,,30520,11,30521.0,21.0,,,30517.0,0.0
0,35200,PICNIC_BASKET2,30514.0,13.0,30513.0,24.0,,,30520,37,,,,,30517.0,0.0
0,35300,PICNIC_BASKET2,30513.0,13.0,30512.0,29.0,,,30519,13,30520.0,29.0,,,30516.0,0.0
0,35400,PICNIC_BASKET2,30511.0,17.0,30510.0,23.0,,,30517,17,30518.0,23.0,,,30514.0,0.0
0,35500,PICNIC_BASKET2,30510.0,18.0,30509.0,24.0,,,30516,42,,,,,30513.0,0.0
0,35600,PICNIC_BASKET2,30510.0,12.0,30509.0,15.0,,,30516,12,30517.0,15.0,,,30513.0,0.0
0,35700,PICNIC_BASKET2,30514.0,13.0,30513.0,29.0,,,30520,13,30521.0,29.0,,,30517.0,0.0
0,35800,PICNIC_BASKET2,30517.0,21.0,30516.0,29.0,,,30523,21,30524.0,29.0,,,30520.0,0.0
0,35900,PICNIC_BASKET2,30516.0,21.0,30515.0,18.0,,,30521,1,30522.0,38.0,,,30518.5,0.0
0,36000,PICNIC_BASKET2,30517.0,8.0,30514.0,43.0,,,30520,17,30521.0,26.0,,,30518.5,0.0
0,36100,PICNIC_BASKET2,30510.0,41.0,,,,,30517,41,,,,,30513.5,0.0
0,36200,PICNIC_BASKET2,30512.0,1.0,30511.0,32.0,,,30517,18,30518.0,15.0,,,30514.5,0.0
0,36300,PICNIC_BASKET2,30509.0,14.0,30508.0,16.0,,,30515,30,,,,,30512.0,0.0
0,36400,PICNIC_BASKET2,30509.0,16.0,30508.0,15.0,,,30515,31,,,,,30512.0,0.0
0,36500,PICNIC_BASKET2,30508.0,15.0,30507.0,27.0,,,30513,1,30514.0,41.0,,,30510.5,0.0
0,36600,PICNIC_BASKET2,30515.0,41.0,,,,,30518,4,30521.0,14.0,30522.0,27.0,30516.5,0.0
0,36700,PICNIC_BASKET2,30513.0,16.0,30512.0,17.0,,,30519,33,,,,,30516.0,0.0
0,36800,PICNIC_BASKET2,30512.0,18.0,30511.0,22.0,,,30517,1,30518.0,39.0,,,30514.5,0.0
0,36900,PICNIC_BASKET2,30514.0,2.0,30513.0,32.0,,,30519,2,30520.0,32.0,,,30516.5,0.0
0,37000,PICNIC_BASKET2,30514.0,14.0,30513.0,29.0,,,30520,43,,,,,30517.0,0.0
0,37100,PICNIC_BASKET2,30517.0,1.0,30516.0,41.0,,,30522,1,30523.0,41.0,,,30519.5,0.0
0,37200,PICNIC_BASKET2,30517.0,38.0,,,,,30524,38,,,,,30520.5,0.0
0,37300,PICNIC_BASKET2,30520.0,37.0,,,,,30527,37,,,,,30523.5,0.0
0,37400,PICNIC_BASKET2,30518.0,15.0,30517.0,30.0,,,30524,45,,,,,30521.0,0.0
0,37500,PICNIC_BASKET2,30511.0,31.0,,,,,30518,31,,,,,30514.5,0.0
0,37600,PICNIC_BASKET2,30512.0,21.0,30511.0,26.0,,,30514,3,30517.0,2.0,30518.0,45.0,30513.0,0.0
0,37700,PICNIC_BASKET2,30514.0,1.0,30513.0,46.0,,,30519,1,30520.0,46.0,,,30516.5,0.0
0,37800,PICNIC_BASKET2,30515.0,22.0,30514.0,29.0,,,30520,2,30521.0,49.0,,,30517.5,0.0
0,37900,PICNIC_BASKET2,30513.0,12.0,30512.0,23.0,,,30519,35,,,,,30516.0,0.0
0,38000,PICNIC_BASKET2,30516.0,4.0,30513.0,36.0,,,30520,36,,,,,30518.0,0.0
0,38100,PICNIC_BASKET2,30514.0,42.0,,,,,30517,1,30521.0,42.0,,,30515.5,0.0
0,38200,PICNIC_BASKET2,30515.0,20.0,30514.0,18.0,,,30521,38,,,,,30518.0,0.0
0,38300,PICNIC_BASKET2,30515.0,20.0,30514.0,15.0,,,30521,20,30522.0,15.0,,,30518.0,0.0
0,38400,PICNIC_BASKET2,30515.0,10.0,30514.0,23.0,,,30521,33,,,,,30518.0,0.0
0,38500,PICNIC_BASKET2,30518.0,6.0,30516.0,2.0,30515.0,37.0,30521,19,30522.0,20.0,,,30519.5,0.0
0,38600,PICNIC_BASKET2,30519.0,13.0,30518.0,15.0,,,30525,28,,,,,30522.0,0.0
0,38700,PICNIC_BASKET2,30515.0,21.0,30514.0,20.0,,,30517,2,30520.0,1.0,30521.0,40.0,30516.0,0.0
0,38800,PICNIC_BASKET2,30513.0,5.0,30511.0,14.0,30510.0,15.0,30517,29,,,,,30515.0,0.0
0,38900,PICNIC_BASKET2,30512.0,7.0,30510.0,1.0,30509.0,39.0,30515,21,30516.0,19.0,,,30513.5,0.0
0,39000,PICNIC_BASKET2,30509.0,10.0,30508.0,23.0,,,30515,33,,,,,30512.0,0.0
0,39100,PICNIC_BASKET2,30506.0,20.0,30505.0,16.0,,,30511,1,30512.0,35.0,,,30508.5,0.0
0,39200,PICNIC_BASKET2,30508.0,19.0,30507.0,21.0,,,30514,40,,,,,30511.0,0.0
0,39300,PICNIC_BASKET2,30507.0,1.0,30506.0,29.0,,,30512,14,30513.0,16.0,,,30509.5,0.0
0,39400,PICNIC_BASKET2,30511.0,2.0,30510.0,36.0,,,30516,18,30517.0,20.0,,,30513.5,0.0
0,39500,PICNIC_BASKET2,30516.0,13.0,30515.0,23.0,,,30521,2,30522.0,34.0,,,30518.5,0.0
0,39600,PICNIC_BASKET2,30515.0,28.0,,,,,30516,4,30522.0,28.0,,,30515.5,0.0
0,39700,PICNIC_BASKET2,30517.0,10.0,30516.0,23.0,,,30523,33,,,,,30520.0,0.0
0,39800,PICNIC_BASKET2,30516.0,1.0,30515.0,32.0,,,30521,12,30522.0,21.0,,,30518.5,0.0
0,39900,PICNIC_BASKET2,30515.0,22.0,30514.0,20.0,,,30520,2,30521.0,40.0,,,30517.5,0.0
0,40000,PICNIC_BASKET2,30522.0,2.0,30517.0,14.0,30516.0,29.0,30523,43,,,,,30522.5,0.0
0,40100,PICNIC_BASKET2,30518.0,43.0,,,,,30524,16,30525.0,27.0,,,30521.0,0.0
0,40200,PICNIC_BASKET2,30519.0,1.0,30518.0,35.0,,,30524,15,30525.0,21.0,,,30521.5,0.0
0,40300,PICNIC_BASKET2,30521.0,8.0,30519.0,1.0,30518.0,40.0,30524,1,30525.0,40.0,,,30522.5,0.0
0,40400,PICNIC_BASKET2,30518.0,1.0,30517.0,39.0,,,30523,16,30524.0,24.0,,,30520.5,0.0
0,40500,PICNIC_BASKET2,30516.0,43.0,,,,,30522,17,30523.0,26.0,,,30519.0,0.0
0,40600,PICNIC_BASKET2,30520.0,2.0,30519.0,37.0,,,30525,21,30526.0,18.0,,,30522.5,0.0
0,40700,PICNIC_BASKET2,30519.0,21.0,30518.0,15.0,,,30524,2,30525.0,34.0,,,30521.5,0.0
0,40800,PICNIC_BASKET2,30517.0,44.0,,,,,30523,15,30524.0,29.0,,,30520.0,0.0
0,40900,PICNIC_BASKET2,30521.0,13.0,30520.0,27.0,,,30527,13,30528.0,27.0,,,30524.0,0.0
0,41000,PICNIC_BASKET2,30520.0,47.0,,,,,30527,47,,,,,30523.5,0.0
0,41100,PICNIC_BASKET2,30518.0,1.0,30517.0,38.0,,,30523,19,30524.0,20.0,,,30520.5,0.0
0,41200,PICNIC_BASKET2,30520.0,1.0,30519.0,33.0,,,30525,14,30526.0,20.0,,,30522.5,0.0
0,41300,PICNIC_BASKET2,30521.0,12.0,30520.0,26.0,,,30527,38,,,,,30524.0,0.0
0,41400,PICNIC_BASKET2,30521.0,44.0,,,,,30527,15,30528.0,29.0,,,30524.0,0.0
0,41500,PICNIC_BASKET2,30522.0,16.0,30521.0,22.0,,,30528,38,,,,,30525.0,0.0
0,41600,PICNIC_BASKET2,30521.0,39.0,,,,,30527,15,30528.0,24.0,,,30524.0,0.0
0,41700,PICNIC_BASKET2,30518.0,15.0,30517.0,22.0,,,30524,37,,,,,30521.0,0.0
0,41800,PICNIC_BASKET2,30519.0,17.0,30518.0,26.0,,,30524,2,30525.0,41.0,,,30521.5,0.0
0,41900,PICNIC_BASKET2,30522.0,2.0,30521.0,41.0,,,30527,16,30528.0,27.0,,,30524.5,0.0
0,42000,PICNIC_BASKET2,30520.0,14.0,30519.0,25.0,,,30525,2,30526.0,37.0,,,30522.5,0.0
0,42100,PICNIC_BASKET2,30522.0,39.0,,,,,30528,14,30529.0,25.0,,,30525.0,0.0
0,42200,PICNIC_BASKET2,30522.0,10.0,30521.0,23.0,,,30528,33,,,,,30525.0,0.0
0,42300,PICNIC_BASKET2,30518.0,40.0,,,,,30525,40,,,,,30521.5,0.0
0,42400,PICNIC_BASKET2,30520.0,1.0,30519.0,34.0,,,30525,15,30526.0,20.0,,,30522.5,0.0
0,42500,PICNIC_BASKET2,30521.0,2.0,30520.0,34.0,,,30526,12,30527.0,24.0,,,30523.5,0.0
0,42600,PICNIC_BASKET2,30519.0,28.0,,,,,30525,12,30526.0,16.0,,,30522.0,0.0
0,42700,PICNIC_BASKET2,30519.0,12.0,30518.0,19.0,,,30524,2,30525.0,29.0,,,30521.5,0.0
0,42800,PICNIC_BASKET2,30517.0,13.0,30516.0,16.0,,,30523,13,30524.0,16.0,,,30520.0,0.0
0,42900,PICNIC_BASKET2,30513.0,19.0,30512.0,28.0,,,30519,47,,,,,30516.0,0.0
0,43000,PICNIC_BASKET2,30512.0,1.0,30511.0,36.0,,,30517,16,30518.0,21.0,,,30514.5,0.0
0,43100,PICNIC_BASKET2,30509.0,2.0,30508.0,38.0,,,30514,15,30515.0,25.0,,,30511.5,0.0
0,43200,PICNIC_BASKET2,30508.0,1.0,30507.0,39.0,,,30513,14,30514.0,26.0,,,30510.5,0.0
0,43300,PICNIC_BASKET2,30507.0,34.0,,,,,30514,34,,,,,30510.5,0.0
0,43400,PICNIC_BASKET2,30510.0,2.0,30509.0,31.0,,,30515,2,30516.0,31.0,,,30512.5,0.0
0,43500,PICNIC_BASKET2,30510.0,15.0,30509.0,19.0,,,30515,1,30516.0,33.0,,,30512.5,0.0
0,43600,PICNIC_BASKET2,30511.0,29.0,,,,,30514,8,30517.0,10.0,30518.0,19.0,30512.5,0.0
0,43700,PICNIC_BASKET2,30511.0,15.0,30510.0,30.0,,,30516,2,30517.0,43.0,,,30513.5,0.0
0,43800,PICNIC_BASKET2,30510.0,18.0,30509.0,16.0,,,30516,34,,,,,30513.0,0.0
0,43900,PICNIC_BASKET2,30510.0,14.0,30509.0,23.0,,,30516,37,,,,,30513.0,0.0
0,44000,PICNIC_BASKET2,30507.0,1.0,30506.0,40.0,,,30512,16,30513.0,25.0,,,30509.5,0.0
0,44100,PICNIC_BASKET2,30504.0,22.0,30503.0,21.0,,,30509,2,30510.0,41.0,,,30506.5,0.0
0,44200,PICNIC_BASKET2,30506.0,13.0,30505.0,22.0,,,30512,13,30513.0,22.0,,,30509.0,0.0
0,44300,PICNIC_BASKET2,30510.0,11.0,30509.0,25.0,,,30515,1,30516.0,35.0,,,30512.5,0.0
0,44400,PICNIC_BASKET2,30510.0,40.0,,,,,30516,20,30517.0,20.0,,,30513.0,0.0
0,44500,PICNIC_BASKET2,30511.0,12.0,30510.0,27.0,,,30517,12,30518.0,27.0,,,30514.0,0.0
0,44600,PICNIC_BASKET2,30511.0,32.0,,,,,30517,12,30518.0,20.0,,,30514.0,0.0
0,44700,PICNIC_BASKET2,30512.0,21.0,30511.0,19.0,,,30517,1,30518.0,39.0,,,30514.5,0.0
0,44800,PICNIC_BASKET2,30514.0,2.0,30513.0,34.0,,,30519,18,30520.0,18.0,,,30516.5,0.0
0,44900,PICNIC_BASKET2,30511.0,14.0,30510.0,26.0,,,30517,14,30518.0,26.0,,,30514.0,0.0
0,45000,PICNIC_BASKET2,30515.0,17.0,30514.0,17.0,,,30520,1,30521.0,35.0,,,30517.5,0.0
0,45100,PICNIC_BASKET2,30514.0,22.0,30513.0,21.0,,,30520,22,30521.0,21.0,,,30517.0,0.0
0,45200,PICNIC_BASKET2,30516.0,19.0,30515.0,23.0,,,30522,19,30523.0,23.0,,,30519.0,0.0
0,45300,PICNIC_BASKET2,30517.0,11.0,30516.0,21.0,,,30519,1,30522.0,1.0,30523.0,31.0,30518.0,0.0
0,45400,PICNIC_BASKET2,30515.0,21.0,30514.0,20.0,,,30520,1,30521.0,40.0,,,30517.5,0.0
0,45500,PICNIC_BASKET2,30516.0,16.0,30515.0,26.0,,,30521,1,30522.0,41.0,,,30518.5,0.0
0,45600,PICNIC_BASKET2,30513.0,18.0,30512.0,29.0,,,30519,47,,,,,30516.0,0.0
0,45700,PICNIC_BASKET2,30515.0,20.0,30514.0,29.0,,,30521,49,,,,,30518.0,0.0
0,45800,PICNIC_BASKET2,30511.0,13.0,30510.0,25.0,,,30517,38,,,,,30514.0,0.0
0,45900,PICNIC_BASKET2,30514.0,15.0,30513.0,28.0,,,30519,1,30520.0,42.0,,,30516.5,0.0
0,46000,PICNIC_BASKET2,30513.0,2.0,30512.0,37.0,,,30518,2,30519.0,37.0,,,30515.5,0.0
0,46100,PICNIC_BASKET2,30513.0,15.0,30512.0,19.0,,,30518,2,30519.0,32.0,,,30515.5,0.0
0,46200,PICNIC_BASKET2,30515.0,5.0,30510.0,16.0,30509.0,20.0,30516,36,,,,,30515.5,0.0
0,46300,PICNIC_BASKET2,30516.0,5.0,30512.0,1.0,30511.0,43.0,30517,19,30518.0,25.0,,,30516.5,0.0
0,46400,PICNIC_BASKET2,30511.0,14.0,30510.0,20.0,,,30517,34,,,,,30514.0,0.0
0,46500,PICNIC_BASKET2,30510.0,2.0,30509.0,41.0,,,30515,2,30516.0,41.0,,,30512.5,0.0
0,46600,PICNIC_BASKET2,30507.0,40.0,,,,,30513,18,30514.0,22.0,,,30510.0,0.0
0,46700,PICNIC_BASKET2,30506.0,17.0,30505.0,21.0,,,30511,1,30512.0,37.0,,,30508.5,0.0
0,46800,PICNIC_BASKET2,30505.0,1.0,30504.0,41.0,,,30510,21,30511.0,21.0,,,30507.5,0.0
0,46900,PICNIC_BASKET2,30506.0,18.0,30505.0,29.0,,,30511,2,30512.0,45.0,,,30508.5,0.0
0,47000,PICNIC_BASKET2,30507.0,48.0,,,,,30513,18,30514.0,30.0,,,30510.0,0.0
0,47100,PICNIC_BASKET2,30507.0,18.0,30506.0,19.0,,,30513,18,30514.0,19.0,,,30510.0,0.0
0,47200,PICNIC_BASKET2,30503.0,19.0,30502.0,19.0,,,30509,38,,,,,30506.0,0.0
0,47300,PICNIC_BASKET2,30502.0,26.0,,,,,30508,11,30509.0,15.0,,,30505.0,0.0
0,47400,PICNIC_BASKET2,30505.0,2.0,30504.0,31.0,,,30510,2,30511.0,31.0,,,30507.5,0.0
0,47500,PICNIC_BASKET2,30503.0,34.0,,,,,30510,34,,,,,30506.5,0.0
0,47600,PICNIC_BASKET2,30503.0,43.0,,,,,30510,43,,,,,30506.5,0.0
0,47700,PICNIC_BASKET2,30505.0,15.0,30504.0,17.0,,,30510,1,30511.0,31.0,,,30507.5,0.0
0,47800,PICNIC_BASKET2,30505.0,11.0,30504.0,30.0,,,30511,41,,,,,30508.0,0.0
0,47900,PICNIC_BASKET2,30507.0,11.0,30506.0,30.0,,,30513,11,30514.0,30.0,,,30510.0,0.0
0,48000,PICNIC_BASKET2,30506.0,20.0,30505.0,30.0,,,30512,20,30513.0,30.0,,,30509.0,0.0
0,48100,PICNIC_BASKET2,30507.0,12.0,30506.0,24.0,,,30509,2,30513.0,36.0,,,30508.0,0.0
0,48200,PICNIC_BASKET2,30504.0,18.0,30503.0,28.0,,,30510,18,30511.0,28.0,,,30507.0,0.0
0,48300,PICNIC_BASKET2,30504.0,41.0,,,,,30510,15,30511.0,26.0,,,30507.0,0.0
0,48400,PICNIC_BASKET2,30502.0,10.0,30501.0,30.0,,,30508,40,,,,,30505.0,0.0
0,48500,PICNIC_BASKET2,30504.0,6.0,30501.0,33.0,,,30507,16,30508.0,17.0,,,30505.5,0.0
0,48600,PICNIC_BASKET2,30502.0,2.0,30501.0,34.0,,,30507,2,30508.0,34.0,,,30504.5,0.0
0,48700,PICNIC_BASKET2,30504.0,11.0,30503.0,22.0,,,30510,33,,,,,30507.0,0.0
0,48800,PICNIC_BASKET2,30507.0,39.0,,,,,30513,12,30514.0,27.0,,,30510.0,0.0
0,48900,PICNIC_BASKET2,30508.0,15.0,30507.0,22.0,,,30514,37,,,,,30511.0,0.0
0,49000,PICNIC_BASKET2,30511.0,36.0,,,,,30517,11,30518.0,25.0,,,30514.0,0.0
0,49100,PICNIC_BASKET2,30510.0,5.0,30507.0,40.0,,,30514,40,,,,,30512.0,0.0
0,49200,PICNIC_BASKET2,30511.0,2.0,30510.0,34.0,,,30516,2,30517.0,34.0,,,30513.5,0.0
0,49300,PICNIC_BASKET2,30509.0,16.0,30508.0,19.0,,,30515,16,30516.0,19.0,,,30512.0,0.0
0,49400,PICNIC_BASKET2,30512.0,1.0,30511.0,40.0,,,30517,14,30518.0,27.0,,,30514.5,0.0
0,49500,PICNIC_BASKET2,30510.0,35.0,,,,,30516,10,30517.0,25.0,,,30513.0,0.0
0,49600,PICNIC_BASKET2,30514.0,20.0,30513.0,19.0,,,30520,39,,,,,30517.0,0.0
0,49700,PICNIC_BASKET2,30517.0,4.0,30514.0,42.0,,,30520,18,30521.0,24.0,,,30518.5,0.0
0,49800,PICNIC_BASKET2,30514.0,18.0,30513.0,30.0,,,30519,1,30520.0,47.0,,,30516.5,0.0
0,49900,PICNIC_BASKET2,30516.0,15.0,30515.0,22.0,,,30521,2,30522.0,35.0,,,30518.5,0.0
0,50000,PICNIC_BASKET2,30516.0,13.0,30515.0,20.0,,,30522,13,30523.0,20.0,,,30519.0,0.0
0,50100,PICNIC_BASKET2,30518.0,21.0,30517.0,15.0,,,30523,2,30524.0,34.0,,,30520.5,0.0
0,50200,PICNIC_BASKET2,30516.0,12.0,30515.0,21.0,,,30521,2,30522.0,31.0,,,30518.5,0.0
0,50300,PICNIC_BASKET2,30516.0,1.0,30515.0,38.0,,,30521,13,30522.0,26.0,,,30518.5,0.0
0,50400,PICNIC_BASKET2,30513.0,1.0,30512.0,38.0,,,30518,17,30519.0,22.0,,,30515.5,0.0
0,50500,PICNIC_BASKET2,30510.0,20.0,30509.0,17.0,,,30515,1,30516.0,36.0,,,30512.5,0.0
0,50600,PICNIC_BASKET2,30512.0,13.0,30511.0,23.0,,,30518,36,,,,,30515.0,0.0
0,50700,PICNIC_BASKET2,30513.0,15.0,30512.0,30.0,,,30519,45,,,,,30516.0,0.0
0,50800,PICNIC_BASKET2,30515.0,16.0,30514.0,21.0,,,30521,37,,,,,30518.0,0.0
0,50900,PICNIC_BASKET2,30518.0,1.0,30517.0,41.0,,,30523,21,30524.0,21.0,,,30520.5,0.0
0,51000,PICNIC_BASKET2,30520.0,21.0,30519.0,19.0,,,30525,2,30526.0,38.0,,,30522.5,0.0
0,51100,PICNIC_BASKET2,30521.0,19.0,30520.0,15.0,,,30527,19,30528.0,15.0,,,30524.0,0.0
0,51200,PICNIC_BASKET2,30523.0,2.0,30522.0,37.0,,,30528,2,30529.0,37.0,,,30525.5,0.0
0,51300,PICNIC_BASKET2,30521.0,2.0,30520.0,44.0,,,30526,2,30527.0,44.0,,,30523.5,0.0
0,51400,PICNIC_BASKET2,30521.0,17.0,30520.0,20.0,,,30527,17,30528.0,20.0,,,30524.0,0.0
0,51500,PICNIC_BASKET2,30516.0,15.0,30515.0,17.0,,,30521,2,30522.0,30.0,,,30518.5,0.0
0,51600,PICNIC_BASKET2,30515.0,2.0,30514.0,42.0,,,30520,20,30521.0,24.0,,,30517.5,0.0
0,51700,PICNIC_BASKET2,30515.0,2.0,30514.0,38.0,,,30520,2,30521.0,38.0,,,30517.5,0.0
0,51800,PICNIC_BASKET2,30516.0,2.0,30515.0,36.0,,,30518,5,30521.0,2.0,30522.0,36.0,30517.0,0.0
0,51900,PICNIC_BASKET2,30517.0,1.0,30516.0,31.0,,,30522,1,30523.0,31.0,,,30519.5,0.0
0,52000,PICNIC_BASKET2,30517.0,41.0,,,,,30523,21,30524.0,20.0,,,30520.0,0.0
0,52100,PICNIC_BASKET2,30518.0,14.0,30517.0,28.0,,,30524,42,,,,,30521.0,0.0
0,52200,PICNIC_BASKET2,30514.0,34.0,,,,,30520,11,30521.0,23.0,,,30517.0,0.0
0,52300,PICNIC_BASKET2,30512.0,35.0,,,,,30518,16,30519.0,19.0,,,30515.0,0.0
0,52400,PICNIC_BASKET2,30511.0,2.0,30510.0,33.0,,,30516,13,30517.0,22.0,,,30513.5,0.0
0,52500,PICNIC_BASKET2,30512.0,1.0,30511.0,40.0,,,30517,21,30518.0,20.0,,,30514.5,0.0
0,52600,PICNIC_BASKET2,30513.0,1.0,30512.0,34.0,,,30518,19,30519.0,16.0,,,30515.5,0.0
0,52700,PICNIC_BASKET2,30509.0,12.0,30508.0,20.0,,,30515,32,,,,,30512.0,0.0
0,52800,PICNIC_BASKET2,30508.0,12.0,30507.0,17.0,,,30514,29,,,,,30511.0,0.0
0,52900,PICNIC_BASKET2,30508.0,15.0,30507.0,25.0,,,30513,1,30514.0,39.0,,,30510.5,0.0
0,53000,PICNIC_BASKET2,30506.0,18.0,30505.0,23.0,,,30512,41,,,,,30509.0,0.0
0,53100,PICNIC_BASKET2,30505.0,1.0,30504.0,44.0,,,30510,1,30511.0,44.0,,,30507.5,0.0
0,53200,PICNIC_BASKET2,30505.0,17.0,30504.0,27.0,,,30510,1,30511.0,43.0,,,30507.5,0.0
0,53300,PICNIC_BASKET2,30506.0,40.0,,,,,30512,11,30513.0,29.0,,,30509.0,0.0
0,53400,PICNIC_BASKET2,30508.0,48.0,,,,,30515,48,,,,,30511.5,0.0
0,53500,PICNIC_BASKET2,30510.0,1.0,30509.0,35.0,,,30515,14,30516.0,22.0,,,30512.5,0.0
0,53600,PICNIC_BASKET2,30512.0,6.0,30507.0,36.0,,,30513,13,30514.0,23.0,,,30512.5,0.0
0,53700,PICNIC_BASKET2,30510.0,21.0,30509.0,20.0,,,30515,2,30516.0,39.0,,,30512.5,0.0
0,53800,PICNIC_BASKET2,30507.0,2.0,30506.0,26.0,,,30512,2,30513.0,26.0,,,30509.5,0.0
0,53900,PICNIC_BASKET2,30508.0,17.0,30507.0,30.0,,,30510,2,30514.0,47.0,,,30509.0,0.0
0,54000,PICNIC_BASKET2,30509.0,15.0,30508.0,22.0,,,30511,7,30514.0,1.0,30515.0,36.0,30510.0,0.0
0,54100,PICNIC_BASKET2,30509.0,11.0,30508.0,30.0,,,30515,41,,,,,30512.0,0.0
0,54200,PICNIC_BASKET2,30503.0,7.0,30502.0,27.0,,,30509,40,,,,,30506.0,0.0
0,54300,PICNIC_BASKET2,30502.0,6.0,30500.0,15.0,30499.0,30.0,30506,45,,,,,30504.0,0.0
0,54400,PICNIC_BASKET2,30498.0,2.0,30497.0,42.0,,,30503,17,30504.0,27.0,,,30500.5,0.0
0,54500,PICNIC_BASKET2,30496.0,35.0,,,,,30502,15,30503.0,20.0,,,30499.0,0.0
0,54600,PICNIC_BASKET2,30494.0,2.0,30493.0,27.0,,,30499,14,30500.0,15.0,,,30496.5,0.0
0,54700,PICNIC_BASKET2,30495.0,7.0,30492.0,36.0,,,30499,36,,,,,30497.0,0.0
0,54800,PICNIC_BASKET2,30495.0,1.0,30494.0,42.0,,,30500,14,30501.0,29.0,,,30497.5,0.0
0,54900,PICNIC_BASKET2,30494.0,1.0,30493.0,34.0,,,30499,12,30500.0,23.0,,,30496.5,0.0
0,55000,PICNIC_BASKET2,30494.0,38.0,,,,,30501,38,,,,,30497.5,0.0
0,55100,PICNIC_BASKET2,30496.0,2.0,30495.0,41.0,,,30501,20,30502.0,23.0,,,30498.5,0.0
0,55200,PICNIC_BASKET2,30495.0,29.0,,,,,30502,29,,,,,30498.5,0.0
0,55300,PICNIC_BASKET2,30496.0,1.0,30495.0,36.0,,,30501,16,30502.0,21.0,,,30498.5,0.0
0,55400,PICNIC_BASKET2,30493.0,20.0,30492.0,26.0,,,30499,46,,,,,30496.0,0.0
0,55500,PICNIC_BASKET2,30491.0,34.0,,,,,30497,15,30498.0,19.0,,,30494.0,0.0
0,55600,PICNIC_BASKET2,30491.0,17.0,30490.0,23.0,,,30496,1,30497.0,39.0,,,30493.5,0.0
0,55700,PICNIC_BASKET2,30489.0,35.0,,,,,30495,20,30496.0,15.0,,,30492.0,0.0
0,55800,PICNIC_BASKET2,30485.0,2.0,30484.0,45.0,,,30490,18,30491.0,29.0,,,30487.5,0.0
0,55900,PICNIC_BASKET2,30483.0,13.0,30482.0,17.0,,,30489,13,30490.0,17.0,,,30486.0,0.0
0,56000,PICNIC_BASKET2,30484.0,2.0,30483.0,33.0,,,30489,16,30490.0,19.0,,,30486.5,0.0
0,56100,PICNIC_BASKET2,30483.0,1.0,30482.0,38.0,,,30488,15,30489.0,24.0,,,30485.5,0.0
0,56200,PICNIC_BASKET2,30484.0,2.0,30483.0,39.0,,,30489,2,30490.0,39.0,,,30486.5,0.0
0,56300,PICNIC_BASKET2,30483.0,20.0,30482.0,21.0,,,30489,41,,,,,30486.0,0.0
0,56400,PICNIC_BASKET2,30482.0,34.0,,,,,30483,8,30489.0,34.0,,,30482.5,0.0
0,56500,PICNIC_BASKET2,30487.0,16.0,30486.0,15.0,,,30493,31,,,,,30490.0,0.0
0,56600,PICNIC_BASKET2,30486.0,1.0,30485.0,32.0,,,30491,17,30492.0,16.0,,,30488.5,0.0
0,56700,PICNIC_BASKET2,30485.0,15.0,30484.0,29.0,,,30491,44,,,,,30488.0,0.0
0,56800,PICNIC_BASKET2,30483.0,14.0,30482.0,17.0,,,30489,31,,,,,30486.0,0.0
0,56900,PICNIC_BASKET2,30484.0,14.0,30483.0,30.0,,,30486,6,30490.0,14.0,30491.0,30.0,30485.0,0.0
0,57000,PICNIC_BASKET2,30484.0,29.0,,,,,30491,29,,,,,30487.5,0.0
0,57100,PICNIC_BASKET2,30483.0,20.0,30482.0,22.0,,,30488,2,30489.0,40.0,,,30485.5,0.0
0,57200,PICNIC_BASKET2,30482.0,36.0,,,,,30488,12,30489.0,24.0,,,30485.0,0.0
0,57300,PICNIC_BASKET2,30480.0,11.0,30479.0,20.0,,,30486,31,,,,,30483.0,0.0
0,57400,PICNIC_BASKET2,30479.0,2.0,30478.0,44.0,,,30484,2,30485.0,44.0,,,30481.5,0.0
0,57500,PICNIC_BASKET2,30480.0,8.0,30479.0,18.0,,,30486,29,,,,,30483.0,0.0
0,57600,PICNIC_BASKET2,30478.0,10.0,30477.0,27.0,,,30484,43,,,,,30481.0,0.0
0,57700,PICNIC_BASKET2,30474.0,2.0,30473.0,32.0,,,30479,2,30480.0,32.0,,,30476.5,0.0
0,57800,PICNIC_BASKET2,30474.0,14.0,30473.0,23.0,,,30480,37,,,,,30477.0,0.0
0,57900,PICNIC_BASKET2,30473.0,2.0,30472.0,34.0,,,30478,2,30479.0,34.0,,,30475.5,0.0
0,58000,PICNIC_BASKET2,30476.0,34.0,,,,,30482,14,30483.0,20.0,,,30479.0,0.0
0,58100,PICNIC_BASKET2,30473.0,13.0,30472.0,17.0,,,30479,37,,,,,30476.0,0.0
0,58200,PICNIC_BASKET2,30475.0,8.0,30473.0,17.0,30472.0,26.0,30478,2,30479.0,41.0,,,30476.5,0.0
0,58300,PICNIC_BASKET2,30474.0,2.0,30473.0,42.0,,,30479,17,30480.0,27.0,,,30476.5,0.0
0,58400,PICNIC_BASKET2,30472.0,20.0,30471.0,25.0,,,30478,45,,,,,30475.0,0.0
0,58500,PICNIC_BASKET2,30472.0,18.0,30471.0,28.0,,,30478,46,,,,,30475.0,0.0
0,58600,PICNIC_BASKET2,30472.0,2.0,30471.0,46.0,,,30477,20,30478.0,28.0,,,30474.5,0.0
0,58700,PICNIC_BASKET2,30471.0,17.0,30470.0,30.0,,,30476,1,30477.0,46.0,,,30473.5,0.0
0,58800,PICNIC_BASKET2,30473.0,12.0,30472.0,28.0,,,30478,2,30479.0,38.0,,,30475.5,0.0
0,58900,PICNIC_BASKET2,30477.0,43.0,,,,,30483,16,30484.0,27.0,,,30480.0,0.0
0,59000,PICNIC_BASKET2,30477.0,35.0,,,,,30483,11,30484.0,24.0,,,30480.0,0.0
0,59100,PICNIC_BASKET2,30473.0,33.0,,,,,30479,10,30480.0,23.0,,,30476.0,0.0
0,59200,PICNIC_BASKET2,30474.0,2.0,30473.0,37.0,,,30479,19,30480.0,20.0,,,30476.5,0.0
0,59300,PICNIC_BASKET2,30474.0,2.0,30473.0,49.0,,,30479,22,30480.0,29.0,,,30476.5,0.0
0,59400,PICNIC_BASKET2,30474.0,11.0,30473.0,24.0,,,30480,35,,,,,30477.0,0.0
0,59500,PICNIC_BASKET2,30476.0,37.0,,,,,30482,19,30483.0,18.0,,,30479.0,0.0
0,59600,PICNIC_BASKET2,30476.0,11.0,30475.0,28.0,,,30482,39,,,,,30479.0,0.0
0,59700,PICNIC_BASKET2,30474.0,2.0,30473.0,42.0,,,30479,2,30480.0,42.0,,,30476.5,0.0
0,59800,PICNIC_BASKET2,30475.0,38.0,,,,,30481,20,30482.0,18.0,,,30478.0,0.0
0,59900,PICNIC_BASKET2,30478.0,2.0,30477.0,35.0,,,30483,2,30484.0,35.0,,,30480.5,0.0
0,60000,PICNIC_BASKET2,30481.0,2.0,30480.0,45.0,,,30486,21,30487.0,26.0,,,30483.5,0.0
0,60100,PICNIC_BASKET2,30480.0,19.0,30479.0,26.0,,,30486,45,,,,,30483.0,0.0
0,60200,PICNIC_BASKET2,30479.0,21.0,30478.0,21.0,,,30484,1,30485.0,41.0,,,30481.5,0.0
0,60300,PICNIC_BASKET2,30479.0,2.0,30478.0,35.0,,,30484,21,30485.0,16.0,,,30481.5,0.0
0,60400,PICNIC_BASKET2,30478.0,16.0,30477.0,19.0,,,30483,1,30484.0,34.0,,,30480.5,0.0
0,60500,PICNIC_BASKET2,30478.0,15.0,30477.0,16.0,,,30484,15,30485.0,16.0,,,30481.0,0.0
0,60600,PICNIC_BASKET2,30477.0,38.0,,,,,30483,18,30484.0,20.0,,,30480.0,0.0
0,60700,PICNIC_BASKET2,30475.0,33.0,,,,,30481,13,30482.0,20.0,,,30478.0,0.0
0,60800,PICNIC_BASKET2,30474.0,17.0,30473.0,29.0,,,30480,46,,,,,30477.0,0.0
0,60900,PICNIC_BASKET2,30472.0,2.0,30471.0,41.0,,,30477,18,30478.0,25.0,,,30474.5,0.0
0,61000,PICNIC_BASKET2,30467.0,1.0,30466.0,31.0,,,30472,14,30473.0,18.0,,,30469.5,0.0
0,61100,PICNIC_BASKET2,30466.0,2.0,30465.0,35.0,,,30471,2,30472.0,35.0,,,30468.5,0.0
0,61200,PICNIC_BASKET2,30466.0,18.0,30465.0,22.0,,,30472,18,30473.0,22.0,,,30469.0,0.0
0,61300,PICNIC_BASKET2,30462.0,18.0,30461.0,26.0,,,30468,18,30469.0,26.0,,,30465.0,0.0
0,61400,PICNIC_BASKET2,30462.0,2.0,30461.0,26.0,,,30467,12,30468.0,16.0,,,30464.5,0.0
0,61500,PICNIC_BASKET2,30459.0,15.0,30458.0,23.0,,,30465,15,30466.0,23.0,,,30462.0,0.0
0,61600,PICNIC_BASKET2,30455.0,11.0,30454.0,21.0,,,30461,32,,,,,30458.0,0.0
0,61700,PICNIC_BASKET2,30453.0,1.0,30452.0,34.0,,,30458,13,30459.0,22.0,,,30455.5,0.0
0,61800,PICNIC_BASKET2,30460.0,2.0,30455.0,38.0,,,30462,38,,,,,30461.0,0.0
0,61900,PICNIC_BASKET2,30461.0,2.0,30460.0,28.0,,,30466,15,30467.0,15.0,,,30463.5,0.0
0,62000,PICNIC_BASKET2,30462.0,20.0,30461.0,30.0,,,30467,1,30468.0,49.0,,,30464.5,0.0
0,62100,PICNIC_BASKET2,30465.0,21.0,30464.0,16.0,,,30470,1,30471.0,36.0,,,30467.5,0.0
0,62200,PICNIC_BASKET2,30468.0,19.0,30467.0,27.0,,,30474,46,,,,,30471.0,0.0
0,62300,PICNIC_BASKET2,30470.0,3.0,30468.0,1.0,30467.0,30.0,30473,16,30474.0,15.0,,,30471.5,0.0
0,62400,PICNIC_BASKET2,30468.0,18.0,30467.0,26.0,,,30474,44,,,,,30471.0,0.0
0,62500,PICNIC_BASKET2,30467.0,2.0,30466.0,37.0,,,30472,22,30473.0,17.0,,,30469.5,0.0
0,62600,PICNIC_BASKET2,30466.0,2.0,30465.0,26.0,,,30471,2,30472.0,26.0,,,30468.5,0.0
0,62700,PICNIC_BASKET2,30466.0,44.0,,,,,30472,14,30473.0,30.0,,,30469.0,0.0
0,62800,PICNIC_BASKET2,30472.0,1.0,30471.0,35.0,,,30477,1,30478.0,35.0,,,30474.5,0.0
0,62900,PICNIC_BASKET2,30470.0,1.0,30469.0,40.0,,,30475,14,30476.0,27.0,,,30472.5,0.0
0,63000,PICNIC_BASKET2,30472.0,20.0,30471.0,30.0,,,30478,50,,,,,30475.0,0.0
0,63100,PICNIC_BASKET2,30469.0,34.0,,,,,30475,19,30476.0,15.0,,,30472.0,0.0
0,63200,PICNIC_BASKET2,30478.0,4.0,30475.0,41.0,,,30481,15,30482.0,26.0,,,30479.5,0.0
0,63300,PICNIC_BASKET2,30478.0,2.0,30477.0,47.0,,,30483,20,30484.0,29.0,,,30480.5,0.0
0,63400,PICNIC_BASKET2,30480.0,1.0,30479.0,29.0,,,30485,1,30486.0,29.0,,,30482.5,0.0
0,63500,PICNIC_BASKET2,30477.0,14.0,30476.0,18.0,,,30483,32,,,,,30480.0,0.0
0,63600,PICNIC_BASKET2,30476.0,1.0,30475.0,46.0,,,30481,1,30482.0,46.0,,,30478.5,0.0
0,63700,PICNIC_BASKET2,30478.0,7.0,30476.0,18.0,30475.0,25.0,30481,2,30482.0,41.0,,,30479.5,0.0
0,63800,PICNIC_BASKET2,30478.0,32.0,,,,,30484,16,30485.0,22.0,,,30481.0,0.0
0,63900,PICNIC_BASKET2,30480.0,41.0,,,,,30486,13,30487.0,28.0,,,30483.0,0.0
0,64000,PICNIC_BASKET2,30482.0,18.0,30481.0,25.0,,,30487,1,30488.0,42.0,,,30484.5,0.0
0,64100,PICNIC_BASKET2,30486.0,11.0,30485.0,19.0,,,30492,30,,,,,30489.0,0.0
0,64200,PICNIC_BASKET2,30489.0,1.0,30488.0,37.0,,,30494,12,30495.0,26.0,,,30491.5,0.0
0,64300,PICNIC_BASKET2,30492.0,45.0,,,,,30498,19,30499.0,26.0,,,30495.0,0.0
0,64400,PICNIC_BASKET2,30492.0,17.0,30491.0,27.0,,,30498,44,,,,,30495.0,0.0
0,64500,PICNIC_BASKET2,30489.0,1.0,30488.0,38.0,,,30494,1,30495.0,38.0,,,30491.5,0.0
0,64600,PICNIC_BASKET2,30492.0,1.0,30491.0,39.0,,,30494,8,30497.0,20.0,30498.0,20.0,30493.0,0.0
0,64700,PICNIC_BASKET2,30492.0,32.0,,,,,30498,13,30499.0,19.0,,,30495.0,0.0
0,64800,PICNIC_BASKET2,30488.0,12.0,30487.0,28.0,,,30494,12,30495.0,28.0,,,30491.0,0.0
0,64900,PICNIC_BASKET2,30484.0,44.0,,,,,30490,15,30491.0,29.0,,,30487.0,0.0
0,65000,PICNIC_BASKET2,30488.0,16.0,30487.0,26.0,,,30494,42,,,,,30491.0,0.0
0,65100,PICNIC_BASKET2,30489.0,2.0,30488.0,48.0,,,30494,21,30495.0,29.0,,,30491.5,0.0
0,65200,PICNIC_BASKET2,30488.0,12.0,30487.0,20.0,,,30490,3,30494.0,32.0,,,30489.0,0.0
0,65300,PICNIC_BASKET2,30487.0,21.0,30486.0,23.0,,,30493,21,30494.0,23.0,,,30490.0,0.0
0,65400,PICNIC_BASKET2,30485.0,18.0,30484.0,29.0,,,30490,1,30491.0,46.0,,,30487.5,0.0
0,65500,PICNIC_BASKET2,30486.0,2.0,30485.0,35.0,,,30491,20,30492.0,17.0,,,30488.5,0.0
0,65600,PICNIC_BASKET2,30481.0,18.0,30480.0,29.0,,,30487,47,,,,,30484.0,0.0
0,65700,PICNIC_BASKET2,30484.0,12.0,30483.0,27.0,,,30490,39,,,,,30487.0,0.0
0,65800,PICNIC_BASKET2,30482.0,10.0,30481.0,25.0,,,30488,35,,,,,30485.0,0.0
0,65900,PICNIC_BASKET2,30489.0,12.0,30488.0,17.0,,,30494,1,30495.0,28.0,,,30491.5,0.0
0,66000,PICNIC_BASKET2,30487.0,2.0,30485.0,20.0,30484.0,22.0,30490,1,30491.0,41.0,,,30488.5,0.0
0,66100,PICNIC_BASKET2,30484.0,12.0,30483.0,22.0,,,30490,34,,,,,30487.0,0.0
0,66200,PICNIC_BASKET2,30486.0,8.0,30483.0,47.0,,,30490,47,,,,,30488.0,0.0
0,66300,PICNIC_BASKET2,30482.0,43.0,,,,,30488,18,30489.0,25.0,,,30485.0,0.0
0,66400,PICNIC_BASKET2,30480.0,17.0,30479.0,26.0,,,30485,1,30486.0,42.0,,,30482.5,0.0
0,66500,PICNIC_BASKET2,30480.0,31.0,,,,,30481,6,30486.0,2.0,30487.0,31.0,30480.5,0.0
0,66600,PICNIC_BASKET2,30481.0,35.0,,,,,30488,35,,,,,30484.5,0.0
0,66700,PICNIC_BASKET2,30481.0,10.0,30480.0,21.0,,,30487,31,,,,,30484.0,0.0
0,66800,PICNIC_BASKET2,30480.0,30.0,,,,,30486,12,30487.0,18.0,,,30483.0,0.0
0,66900,PICNIC_BASKET2,30480.0,20.0,30479.0,23.0,,,30485,1,30486.0,42.0,,,30482.5,0.0
0,67000,PICNIC_BASKET2,30476.0,2.0,30475.0,36.0,,,30481,12,30482.0,26.0,,,30478.5,0.0
0,67100,PICNIC_BASKET2,30476.0,26.0,,,,,30482,13,30483.0,18.0,,,30479.0,0.0
0,67200,PICNIC_BASKET2,30477.0,2.0,30476.0,33.0,,,30482,13,30483.0,22.0,,,30479.5,0.0
0,67300,PICNIC_BASKET2,30478.0,1.0,30477.0,40.0,,,30483,18,30484.0,23.0,,,30480.5,0.0
0,67400,PICNIC_BASKET2,30479.0,14.0,30478.0,22.0,,,30484,1,30485.0,35.0,,,30481.5,0.0
0,67500,PICNIC_BASKET2,30480.0,1.0,30479.0,44.0,,,30482,1,30485.0,21.0,30486.0,24.0,30481.0,0.0
0,67600,PICNIC_BASKET2,30478.0,12.0,30477.0,26.0,,,30483,1,30484.0,37.0,,,30480.5,0.0
0,67700,PICNIC_BASKET2,30479.0,39.0,,,,,30485,13,30486.0,26.0,,,30482.0,0.0
0,67800,PICNIC_BASKET2,30480.0,2.0,30479.0,40.0,,,30485,14,30486.0,28.0,,,30482.5,0.0
0,67900,PICNIC_BASKET2,30480.0,2.0,30479.0,42.0,,,30485,21,30486.0,23.0,,,30482.5,0.0
0,68000,PICNIC_BASKET2,30479.0,38.0,,,,,30485,15,30486.0,23.0,,,30482.0,0.0
0,68100,PICNIC_BASKET2,30480.0,38.0,,,,,30486,14,30487.0,24.0,,,30483.0,0.0
0,68200,PICNIC_BASKET2,30480.0,37.0,,,,,30486,21,30487.0,22.0,,,30483.0,0.0
0,68300,PICNIC_BASKET2,30478.0,21.0,30477.0,15.0,,,30484,21,30485.0,15.0,,,30481.0,0.0
0,68400,PICNIC_BASKET2,30477.0,33.0,,,,,30484,33,,,,,30480.5,0.0
0,68500,PICNIC_BASKET2,30476.0,12.0,30475.0,22.0,,,30481,1,30482.0,33.0,,,30478.5,0.0
0,68600,PICNIC_BASKET2,30476.0,42.0,,,,,30482,20,30483.0,22.0,,,30479.0,0.0
0,68700,PICNIC_BASKET2,30469.0,16.0,30468.0,21.0,,,30475,37,,,,,30472.0,0.0
0,68800,PICNIC_BASKET2,30470.0,36.0,,,,,30476,14,30477.0,22.0,,,30473.0,0.0
0,68900,PICNIC_BASKET2,30467.0,15.0,30466.0,19.0,,,30473,34,,,,,30470.0,0.0
0,69000,PICNIC_BASKET2,30471.0,1.0,30470.0,46.0,,,30476,21,30477.0,26.0,,,30473.5,0.0
0,69100,PICNIC_BASKET2,30469.0,31.0,,,,,30476,31,,,,,30472.5,0.0
0,69200,PICNIC_BASKET2,30471.0,12.0,30470.0,22.0,,,30476,1,30477.0,33.0,,,30473.5,0.0
0,69300,PICNIC_BASKET2,30473.0,13.0,30472.0,21.0,,,30478,2,30479.0,32.0,,,30475.5,0.0
0,69400,PICNIC_BASKET2,30474.0,1.0,30473.0,35.0,,,30479,20,30480.0,16.0,,,30476.5,0.0
0,69500,PICNIC_BASKET2,30474.0,30.0,,,,,30481,30,,,,,30477.5,0.0
0,69600,PICNIC_BASKET2,30471.0,28.0,,,,,30472,4,30477.0,1.0,30478.0,28.0,30471.5,0.0
0,69700,PICNIC_BASKET2,30469.0,51.0,,,,,30475,22,30476.0,29.0,,,30472.0,0.0
0,69800,PICNIC_BASKET2,30466.0,17.0,30465.0,29.0,,,30471,2,30472.0,44.0,,,30468.5,0.0
0,69900,PICNIC_BASKET2,30464.0,18.0,30463.0,17.0,,,30470,18,30471.0,17.0,,,30467.0,0.0
0,70000,PICNIC_BASKET2,30464.0,1.0,30463.0,40.0,,,30469,19,30470.0,22.0,,,30466.5,0.0
0,70100,PICNIC_BASKET2,30461.0,36.0,,,,,30468,36,,,,,30464.5,0.0
0,70200,PICNIC_BASKET2,30460.0,13.0,30459.0,25.0,,,30465,1,30466.0,37.0,,,30462.5,0.0
0,70300,PICNIC_BASKET2,30459.0,20.0,30458.0,30.0,,,30465,50,,,,,30462.0,0.0
0,70400,PICNIC_BASKET2,30457.0,2.0,30456.0,46.0,,,30462,19,30463.0,29.0,,,30459.5,0.0
0,70500,PICNIC_BASKET2,30457.0,14.0,30456.0,29.0,,,30463,43,,,,,30460.0,0.0
0,70600,PICNIC_BASKET2,30452.0,43.0,,,,,30455,1,30458.0,13.0,30459.0,30.0,30453.5,0.0
0,70700,PICNIC_BASKET2,30451.0,10.0,30450.0,24.0,,,30457,34,,,,,30454.0,0.0
0,70800,PICNIC_BASKET2,30450.0,17.0,30449.0,27.0,,,30455,2,30456.0,42.0,,,30452.5,0.0
0,70900,PICNIC_BASKET2,30453.0,13.0,30452.0,18.0,,,30459,31,,,,,30456.0,0.0
0,71000,PICNIC_BASKET2,30454.0,22.0,30453.0,17.0,,,30456,4,30459.0,2.0,30460.0,37.0,30455.0,0.0
0,71100,PICNIC_BASKET2,30455.0,2.0,30454.0,38.0,,,30460,14,30461.0,26.0,,,30457.5,0.0
0,71200,PICNIC_BASKET2,30455.0,12.0,30454.0,29.0,,,30461,12,30462.0,29.0,,,30458.0,0.0
0,71300,PICNIC_BASKET2,30454.0,12.0,30453.0,15.0,,,30460,27,,,,,30457.0,0.0
0,71400,PICNIC_BASKET2,30457.0,18.0,30456.0,16.0,,,30463,34,,,,,30460.0,0.0
0,71500,PICNIC_BASKET2,30456.0,3.0,30454.0,1.0,30453.0,48.0,30459,19,30460.0,30.0,,,30457.5,0.0
0,71600,PICNIC_BASKET2,30455.0,11.0,30454.0,15.0,,,30461,26,,,,,30458.0,0.0
0,71700,PICNIC_BASKET2,30454.0,41.0,,,,,30460,17,30461.0,24.0,,,30457.0,0.0
0,71800,PICNIC_BASKET2,30454.0,14.0,30453.0,30.0,,,30459,2,30460.0,42.0,,,30456.5,0.0
0,71900,PICNIC_BASKET2,30455.0,2.0,30454.0,39.0,,,30460,22,30461.0,19.0,,,30457.5,0.0
0,72000,PICNIC_BASKET2,30448.0,42.0,,,,,30455,42,,,,,30451.5,0.0
0,72100,PICNIC_BASKET2,30448.0,31.0,,,,,30454,13,30455.0,18.0,,,30451.0,0.0
0,72200,PICNIC_BASKET2,30451.0,1.0,30450.0,43.0,,,30456,17,30457.0,27.0,,,30453.5,0.0
0,72300,PICNIC_BASKET2,30453.0,20.0,30452.0,28.0,,,30458,1,30459.0,47.0,,,30455.5,0.0
0,72400,PICNIC_BASKET2,30452.0,47.0,,,,,30459,47,,,,,30455.5,0.0
0,72500,PICNIC_BASKET2,30454.0,17.0,30453.0,30.0,,,30460,47,,,,,30457.0,0.0
0,72600,PICNIC_BASKET2,30454.0,20.0,30453.0,23.0,,,30456,1,30460.0,43.0,,,30455.0,0.0
0,72700,PICNIC_BASKET2,30453.0,38.0,,,,,30460,38,,,,,30456.5,0.0
0,72800,PICNIC_BASKET2,30457.0,12.0,30456.0,25.0,,,30463,39,,,,,30460.0,0.0
0,72900,PICNIC_BASKET2,30455.0,1.0,30454.0,42.0,,,30460,17,30461.0,26.0,,,30457.5,0.0
0,73000,PICNIC_BASKET2,30455.0,22.0,30454.0,25.0,,,30461,22,30462.0,25.0,,,30458.0,0.0
0,73100,PICNIC_BASKET2,30456.0,16.0,30455.0,29.0,,,30461,2,30462.0,43.0,,,30458.5,0.0
0,73200,PICNIC_BASKET2,30458.0,1.0,30457.0,38.0,,,30463,1,30464.0,38.0,,,30460.5,0.0
0,73300,PICNIC_BASKET2,30458.0,15.0,30457.0,19.0,,,30463,2,30464.0,32.0,,,30460.5,0.0
0,73400,PICNIC_BASKET2,30456.0,1.0,30455.0,47.0,,,30461,20,30462.0,28.0,,,30458.5,0.0
0,73500,PICNIC_BASKET2,30461.0,1.0,30459.0,15.0,30458.0,24.0,30465,15,30466.0,24.0,,,30463.0,0.0
0,73600,PICNIC_BASKET2,30460.0,32.0,,,,,30467,32,,,,,30463.5,0.0
0,73700,PICNIC_BASKET2,30458.0,19.0,30457.0,30.0,,,30460,6,30464.0,49.0,,,30459.0,0.0
0,73800,PICNIC_BASKET2,30456.0,46.0,,,,,30462,20,30463.0,26.0,,,30459.0,0.0
0,73900,PICNIC_BASKET2,30462.0,2.0,30461.0,37.0,,,30467,20,30468.0,19.0,,,30464.5,0.0
0,74000,PICNIC_BASKET2,30461.0,15.0,30460.0,23.0,,,30467,38,,,,,30464.0,0.0
0,74100,PICNIC_BASKET2,30462.0,2.0,30461.0,38.0,,,30467,16,30468.0,24.0,,,30464.5,0.0
0,74200,PICNIC_BASKET2,30457.0,38.0,,,,,30463,10,30464.0,28.0,,,30460.0,0.0
0,74300,PICNIC_BASKET2,30456.0,13.0,30455.0,21.0,,,30462,13,30463.0,21.0,,,30459.0,0.0
0,74400,PICNIC_BASKET2,30457.0,10.0,30456.0,23.0,,,30459,7,30463.0,33.0,,,30458.0,0.0
0,74500,PICNIC_BASKET2,30452.0,44.0,,,,,30458,17,30459.0,27.0,,,30455.0,0.0
0,74600,PICNIC_BASKET2,30454.0,29.0,,,,,30460,13,30461.0,16.0,,,30457.0,0.0
0,74700,PICNIC_BASKET2,30454.0,2.0,30453.0,34.0,,,30459,2,30460.0,34.0,,,30456.5,0.0
0,74800,PICNIC_BASKET2,30458.0,6.0,30454.0,2.0,30453.0,34.0,30459,17,30460.0,19.0,,,30458.5,0.0
0,74900,PICNIC_BASKET2,30451.0,18.0,30450.0,18.0,,,30456,1,30457.0,35.0,,,30453.5,0.0
0,75000,PICNIC_BASKET2,30450.0,14.0,30449.0,29.0,,,30455,2,30456.0,41.0,,,30452.5,0.0
0,75100,PICNIC_BASKET2,30453.0,30.0,,,,,30459,12,30460.0,18.0,,,30456.0,0.0
0,75200,PICNIC_BASKET2,30452.0,1.0,30450.0,1.0,30449.0,45.0,30455,21,30456.0,25.0,,,30453.5,0.0
0,75300,PICNIC_BASKET2,30449.0,32.0,,,,,30456,32,,,,,30452.5,0.0
0,75400,PICNIC_BASKET2,30449.0,2.0,30448.0,38.0,,,30454,21,30455.0,19.0,,,30451.5,0.0
0,75500,PICNIC_BASKET2,30448.0,16.0,30447.0,19.0,,,30453,1,30454.0,34.0,,,30450.5,0.0
0,75600,PICNIC_BASKET2,30448.0,35.0,,,,,30454,19,30455.0,16.0,,,30451.0,0.0
0,75700,PICNIC_BASKET2,30450.0,10.0,30449.0,27.0,,,30456,37,,,,,30453.0,0.0
0,75800,PICNIC_BASKET2,30449.0,20.0,30448.0,23.0,,,30454,2,30455.0,41.0,,,30451.5,0.0
0,75900,PICNIC_BASKET2,30449.0,1.0,30448.0,27.0,,,30454,1,30455.0,27.0,,,30451.5,0.0
0,76000,PICNIC_BASKET2,30449.0,44.0,,,,,30455,20,30456.0,24.0,,,30452.0,0.0
0,76100,PICNIC_BASKET2,30450.0,19.0,30449.0,15.0,,,30455,1,30456.0,33.0,,,30452.5,0.0
0,76200,PICNIC_BASKET2,30446.0,32.0,,,,,30452,17,30453.0,15.0,,,30449.0,0.0
0,76300,PICNIC_BASKET2,30449.0,1.0,30448.0,38.0,,,30454,1,30455.0,38.0,,,30451.5,0.0
0,76400,PICNIC_BASKET2,30447.0,2.0,30446.0,33.0,,,30452,2,30453.0,33.0,,,30449.5,0.0
0,76500,PICNIC_BASKET2,30446.0,12.0,30445.0,17.0,,,30452,29,,,,,30449.0,0.0
0,76600,PICNIC_BASKET2,30447.0,16.0,30446.0,25.0,,,30453,41,,,,,30450.0,0.0
0,76700,PICNIC_BASKET2,30449.0,15.0,30448.0,23.0,,,30454,1,30455.0,37.0,,,30451.5,0.0
0,76800,PICNIC_BASKET2,30448.0,16.0,30447.0,23.0,,,30450,7,30453.0,2.0,30454.0,37.0,30449.0,0.0
0,76900,PICNIC_BASKET2,30448.0,32.0,,,,,30454,15,30455.0,17.0,,,30451.0,0.0
0,77000,PICNIC_BASKET2,30450.0,2.0,30449.0,27.0,,,30455,12,30456.0,17.0,,,30452.5,0.0
0,77100,PICNIC_BASKET2,30447.0,19.0,30446.0,17.0,,,30452,1,30453.0,35.0,,,30449.5,0.0
0,77200,PICNIC_BASKET2,30448.0,1.0,30447.0,42.0,,,30453,1,30454.0,42.0,,,30450.5,0.0
0,77300,PICNIC_BASKET2,30451.0,1.0,30450.0,35.0,,,30456,1,30457.0,35.0,,,30453.5,0.0
0,77400,PICNIC_BASKET2,30446.0,20.0,30445.0,19.0,,,30452,20,30453.0,19.0,,,30449.0,0.0
0,77500,PICNIC_BASKET2,30440.0,24.0,,,,,30446,2,30447.0,28.0,,,30443.0,0.0
0,77600,PICNIC_BASKET2,30441.0,1.0,30440.0,39.0,,,30446,1,30447.0,39.0,,,30443.5,0.0
0,77700,PICNIC_BASKET2,30441.0,33.0,,,,,30448,33,,,,,30444.5,0.0
0,77800,PICNIC_BASKET2,30446.0,6.0,30443.0,15.0,30442.0,30.0,30449,15,30450.0,30.0,,,30447.5,0.0
0,77900,PICNIC_BASKET2,30446.0,12.0,30445.0,19.0,,,30452,12,30453.0,19.0,,,30449.0,0.0
0,78000,PICNIC_BASKET2,30448.0,19.0,30447.0,27.0,,,30453,1,30454.0,45.0,,,30450.5,0.0
0,78100,PICNIC_BASKET2,30446.0,1.0,30445.0,40.0,,,30451,1,30452.0,40.0,,,30448.5,0.0
0,78200,PICNIC_BASKET2,30448.0,1.0,30447.0,45.0,,,30453,19,30454.0,27.0,,,30450.5,0.0
0,78300,PICNIC_BASKET2,30450.0,13.0,30449.0,27.0,,,30456,40,,,,,30453.0,0.0
0,78400,PICNIC_BASKET2,30450.0,16.0,30449.0,18.0,,,30456,16,30457.0,18.0,,,30453.0,0.0
0,78500,PICNIC_BASKET2,30452.0,30.0,,,,,30459,30,,,,,30455.5,0.0
0,78600,PICNIC_BASKET2,30458.0,21.0,30457.0,28.0,,,30464,21,30465.0,28.0,,,30461.0,0.0
0,78700,PICNIC_BASKET2,30452.0,29.0,,,,,30458,11,30459.0,18.0,,,30455.0,0.0
0,78800,PICNIC_BASKET2,30451.0,13.0,30450.0,27.0,,,30457,40,,,,,30454.0,0.0
0,78900,PICNIC_BASKET2,30451.0,13.0,30450.0,20.0,,,30456,1,30457.0,32.0,,,30453.5,0.0
0,79000,PICNIC_BASKET2,30450.0,44.0,,,,,30456,20,30457.0,24.0,,,30453.0,0.0
0,79100,PICNIC_BASKET2,30449.0,37.0,,,,,30455,11,30456.0,26.0,,,30452.0,0.0
0,79200,PICNIC_BASKET2,30448.0,1.0,30447.0,41.0,,,30453,1,30454.0,41.0,,,30450.5,0.0
0,79300,PICNIC_BASKET2,30448.0,1.0,30447.0,32.0,,,30453,1,30454.0,32.0,,,30450.5,0.0
0,79400,PICNIC_BASKET2,30446.0,1.0,30445.0,41.0,,,30451,19,30452.0,23.0,,,30448.5,0.0
0,79500,PICNIC_BASKET2,30445.0,15.0,30444.0,25.0,,,30450,2,30451.0,38.0,,,30447.5,0.0
0,79600,PICNIC_BASKET2,30444.0,38.0,,,,,30447,6,30451.0,38.0,,,30445.5,0.0
0,79700,PICNIC_BASKET2,30449.0,6.0,30444.0,43.0,,,30450,22,30451.0,21.0,,,30449.5,0.0
0,79800,PICNIC_BASKET2,30439.0,18.0,30438.0,26.0,,,30444,2,30445.0,42.0,,,30441.5,0.0
0,79900,PICNIC_BASKET2,30438.0,14.0,30437.0,20.0,,,30444,34,,,,,30441.0,0.0
0,80000,PICNIC_BASKET2,30445.0,7.0,30440.0,21.0,30439.0,27.0,30446,47,,,,,30445.5,0.0
0,80100,PICNIC_BASKET2,30435.0,11.0,30434.0,15.0,,,30441,11,30442.0,15.0,,,30438.0,0.0
0,80200,PICNIC_BASKET2,30434.0,2.0,30433.0,46.0,,,30439,19,30440.0,29.0,,,30436.5,0.0
0,80300,PICNIC_BASKET2,30439.0,17.0,30438.0,26.0,,,30445,17,30446.0,26.0,,,30442.0,0.0
0,80400,PICNIC_BASKET2,30440.0,12.0,30439.0,15.0,,,30445,1,30446.0,26.0,,,30442.5,0.0
0,80500,PICNIC_BASKET2,30440.0,2.0,30439.0,31.0,,,30445,2,30446.0,31.0,,,30442.5,0.0
0,80600,PICNIC_BASKET2,30441.0,36.0,,,,,30447,20,30448.0,16.0,,,30444.0,0.0
0,80700,PICNIC_BASKET2,30444.0,1.0,30443.0,33.0,,,30449,15,30450.0,19.0,,,30446.5,0.0
0,80800,PICNIC_BASKET2,30439.0,12.0,30438.0,22.0,,,30444,1,30445.0,33.0,,,30441.5,0.0
0,80900,PICNIC_BASKET2,30439.0,2.0,30438.0,28.0,,,30444,2,30445.0,28.0,,,30441.5,0.0
0,81000,PICNIC_BASKET2,30437.0,33.0,,,,,30443,15,30444.0,18.0,,,30440.0,0.0
0,81100,PICNIC_BASKET2,30436.0,2.0,30435.0,39.0,,,30441,2,30442.0,39.0,,,30438.5,0.0
0,81200,PICNIC_BASKET2,30434.0,29.0,,,,,30440,13,30441.0,16.0,,,30437.0,0.0
0,81300,PICNIC_BASKET2,30428.0,13.0,30427.0,19.0,,,30434,13,30435.0,19.0,,,30431.0,0.0
0,81400,PICNIC_BASKET2,30426.0,1.0,30425.0,35.0,,,30431,1,30432.0,35.0,,,30428.5,0.0
0,81500,PICNIC_BASKET2,30429.0,2.0,30428.0,36.0,,,30434,2,30435.0,36.0,,,30431.5,0.0
0,81600,PICNIC_BASKET2,30427.0,1.0,30426.0,33.0,,,30432,1,30433.0,33.0,,,30429.5,0.0
0,81700,PICNIC_BASKET2,30427.0,38.0,,,,,30433,18,30434.0,20.0,,,30430.0,0.0
0,81800,PICNIC_BASKET2,30423.0,2.0,30422.0,46.0,,,30428,19,30429.0,29.0,,,30425.5,0.0
0,81900,PICNIC_BASKET2,30422.0,21.0,30421.0,15.0,,,30427,1,30428.0,35.0,,,30424.5,0.0
0,82000,PICNIC_BASKET2,30424.0,1.0,30423.0,38.0,,,30429,19,30430.0,20.0,,,30426.5,0.0
0,82100,PICNIC_BASKET2,30424.0,2.0,30423.0,28.0,,,30429,14,30430.0,16.0,,,30426.5,0.0
0,82200,PICNIC_BASKET2,30420.0,33.0,,,,,30426,15,30427.0,18.0,,,30423.0,0.0
0,82300,PICNIC_BASKET2,30420.0,35.0,,,,,30427,35,,,,,30423.5,0.0
0,82400,PICNIC_BASKET2,30417.0,17.0,30416.0,28.0,,,30423,45,,,,,30420.0,0.0
0,82500,PICNIC_BASKET2,30420.0,8.0,30418.0,15.0,30417.0,17.0,30424,15,30425.0,17.0,,,30422.0,0.0
0,82600,PICNIC_BASKET2,30422.0,1.0,30421.0,37.0,,,30427,13,30428.0,25.0,,,30424.5,0.0
0,82700,PICNIC_BASKET2,30421.0,1.0,30420.0,44.0,,,30426,1,30427.0,44.0,,,30423.5,0.0
0,82800,PICNIC_BASKET2,30420.0,2.0,30419.0,41.0,,,30422,7,30425.0,15.0,30426.0,28.0,30421.0,0.0
0,82900,PICNIC_BASKET2,30420.0,18.0,30419.0,22.0,,,30426,18,30427.0,22.0,,,30423.0,0.0
0,83000,PICNIC_BASKET2,30422.0,34.0,,,,,30425,8,30428.0,13.0,30429.0,21.0,30423.5,0.0
0,83100,PICNIC_BASKET2,30421.0,43.0,,,,,30427,20,30428.0,23.0,,,30424.0,0.0
0,83200,PICNIC_BASKET2,30420.0,12.0,30419.0,24.0,,,30426,12,30427.0,24.0,,,30423.0,0.0
0,83300,PICNIC_BASKET2,30421.0,16.0,30420.0,15.0,,,30423,6,30427.0,31.0,,,30422.0,0.0
0,83400,PICNIC_BASKET2,30425.0,7.0,30421.0,1.0,30420.0,35.0,30426,15,30427.0,21.0,,,30425.5,0.0
0,83500,PICNIC_BASKET2,30419.0,39.0,,,,,30425,18,30426.0,21.0,,,30422.0,0.0
0,83600,PICNIC_BASKET2,30426.0,3.0,30423.0,38.0,,,30429,11,30430.0,27.0,,,30427.5,0.0
0,83700,PICNIC_BASKET2,30422.0,14.0,30421.0,23.0,,,30428,37,,,,,30425.0,0.0
0,83800,PICNIC_BASKET2,30420.0,37.0,,,,,30427,37,,,,,30423.5,0.0
0,83900,PICNIC_BASKET2,30417.0,12.0,30416.0,22.0,,,30423,12,30424.0,22.0,,,30420.0,0.0
0,84000,PICNIC_BASKET2,30419.0,1.0,30418.0,38.0,,,30424,1,30425.0,38.0,,,30421.5,0.0
0,84100,PICNIC_BASKET2,30417.0,1.0,30416.0,41.0,,,30422,1,30423.0,41.0,,,30419.5,0.0
0,84200,PICNIC_BASKET2,30418.0,1.0,30417.0,35.0,,,30423,15,30424.0,21.0,,,30420.5,0.0
0,84300,PICNIC_BASKET2,30420.0,2.0,30419.0,45.0,,,30425,20,30426.0,27.0,,,30422.5,0.0
0,84400,PICNIC_BASKET2,30418.0,16.0,30417.0,26.0,,,30423,1,30424.0,41.0,,,30420.5,0.0
0,84500,PICNIC_BASKET2,30418.0,16.0,30417.0,26.0,,,30424,42,,,,,30421.0,0.0
0,84600,PICNIC_BASKET2,30417.0,16.0,30416.0,20.0,,,30419,8,30423.0,36.0,,,30418.0,0.0
0,84700,PICNIC_BASKET2,30418.0,2.0,30417.0,45.0,,,30423,20,30424.0,27.0,,,30420.5,0.0
0,84800,PICNIC_BASKET2,30418.0,14.0,30417.0,15.0,,,30423,1,30424.0,28.0,,,30420.5,0.0
0,84900,PICNIC_BASKET2,30419.0,1.0,30418.0,40.0,,,30424,13,30425.0,28.0,,,30421.5,0.0
0,85000,PICNIC_BASKET2,30417.0,29.0,,,,,30423,14,30424.0,15.0,,,30420.0,0.0
0,85100,PICNIC_BASKET2,30415.0,32.0,,,,,30421,13,30422.0,19.0,,,30418.0,0.0
0,85200,PICNIC_BASKET2,30416.0,17.0,30415.0,21.0,,,30421,2,30422.0,36.0,,,30418.5,0.0
0,85300,PICNIC_BASKET2,30420.0,15.0,30419.0,23.0,,,30426,15,30427.0,23.0,,,30423.0,0.0
0,85400,PICNIC_BASKET2,30417.0,47.0,,,,,30423,17,30424.0,30.0,,,30420.0,0.0
0,85500,PICNIC_BASKET2,30416.0,2.0,30415.0,43.0,,,30421,19,30422.0,26.0,,,30418.5,0.0
0,85600,PICNIC_BASKET2,30419.0,2.0,30418.0,37.0,,,30424,21,30425.0,18.0,,,30421.5,0.0
0,85700,PICNIC_BASKET2,30423.0,8.0,30421.0,2.0,30420.0,30.0,30426,17,30427.0,15.0,,,30424.5,0.0
0,85800,PICNIC_BASKET2,30418.0,17.0,30417.0,30.0,,,30424,47,,,,,30421.0,0.0
0,85900,PICNIC_BASKET2,30416.0,1.0,30415.0,36.0,,,30421,13,30422.0,24.0,,,30418.5,0.0
0,86000,PICNIC_BASKET2,30415.0,14.0,30414.0,27.0,,,30421,41,,,,,30418.0,0.0
0,86100,PICNIC_BASKET2,30418.0,2.0,30417.0,45.0,,,30423,19,30424.0,28.0,,,30420.5,0.0
0,86200,PICNIC_BASKET2,30417.0,30.0,,,,,30423,10,30424.0,20.0,,,30420.0,0.0
0,86300,PICNIC_BASKET2,30418.0,2.0,30417.0,43.0,,,30423,21,30424.0,24.0,,,30420.5,0.0
0,86400,PICNIC_BASKET2,30421.0,12.0,30420.0,23.0,,,30427,12,30428.0,23.0,,,30424.0,0.0
0,86500,PICNIC_BASKET2,30423.0,12.0,30422.0,25.0,,,30428,2,30429.0,35.0,,,30425.5,0.0
0,86600,PICNIC_BASKET2,30427.0,5.0,30425.0,13.0,30424.0,18.0,30431,31,,,,,30429.0,0.0
0,86700,PICNIC_BASKET2,30425.0,43.0,,,,,30431,15,30432.0,28.0,,,30428.0,0.0
0,86800,PICNIC_BASKET2,30430.0,1.0,30429.0,29.0,,,30435,12,30436.0,18.0,,,30432.5,0.0
0,86900,PICNIC_BASKET2,30429.0,39.0,,,,,30435,12,30436.0,27.0,,,30432.0,0.0
0,87000,PICNIC_BASKET2,30432.0,16.0,30431.0,24.0,,,30434,3,30437.0,2.0,30438.0,38.0,30433.0,0.0
0,87100,PICNIC_BASKET2,30435.0,7.0,30432.0,29.0,,,30438,13,30439.0,16.0,,,30436.5,0.0
0,87200,PICNIC_BASKET2,30431.0,16.0,30430.0,19.0,,,30437,35,,,,,30434.0,0.0
0,87300,PICNIC_BASKET2,30430.0,2.0,30429.0,34.0,,,30435,16,30436.0,20.0,,,30432.5,0.0
0,87400,PICNIC_BASKET2,30430.0,10.0,30429.0,29.0,,,30436,39,,,,,30433.0,0.0
0,87500,PICNIC_BASKET2,30431.0,28.0,,,,,30437,10,30438.0,18.0,,,30434.0,0.0
0,87600,PICNIC_BASKET2,30437.0,6.0,30435.0,1.0,30434.0,35.0,30440,20,30441.0,16.0,,,30438.5,0.0
0,87700,PICNIC_BASKET2,30432.0,37.0,,,,,30439,37,,,,,30435.5,0.0
0,87800,PICNIC_BASKET2,30432.0,22.0,30431.0,15.0,,,30437,2,30438.0,35.0,,,30434.5,0.0
0,87900,PICNIC_BASKET2,30433.0,33.0,,,,,30440,33,,,,,30436.5,0.0
0,88000,PICNIC_BASKET2,30433.0,2.0,30432.0,35.0,,,30438,20,30439.0,17.0,,,30435.5,0.0
0,88100,PICNIC_BASKET2,30430.0,33.0,,,,,30436,15,30437.0,18.0,,,30433.0,0.0
0,88200,PICNIC_BASKET2,30430.0,10.0,30429.0,24.0,,,30436,34,,,,,30433.0,0.0
0,88300,PICNIC_BASKET2,30431.0,2.0,30430.0,31.0,,,30436,12,30437.0,21.0,,,30433.5,0.0
0,88400,PICNIC_BASKET2,30435.0,7.0,30433.0,1.0,30432.0,35.0,30438,1,30439.0,35.0,,,30436.5,0.0
0,88500,PICNIC_BASKET2,30432.0,39.0,,,,,30438,22,30439.0,17.0,,,30435.0,0.0
0,88600,PICNIC_BASKET2,30431.0,1.0,30430.0,37.0,,,30436,20,30437.0,18.0,,,30433.5,0.0
0,88700,PICNIC_BASKET2,30430.0,28.0,,,,,30436,13,30437.0,15.0,,,30433.0,0.0
0,88800,PICNIC_BASKET2,30434.0,17.0,30433.0,15.0,,,30439,1,30440.0,31.0,,,30436.5,0.0
0,88900,PICNIC_BASKET2,30438.0,2.0,30437.0,39.0,,,30443,2,30444.0,39.0,,,30440.5,0.0
0,89000,PICNIC_BASKET2,30439.0,22.0,30438.0,28.0,,,30444,2,30445.0,48.0,,,30441.5,0.0
0,89100,PICNIC_BASKET2,30438.0,10.0,30437.0,16.0,,,30444,10,30445.0,16.0,,,30441.0,0.0
0,89200,PICNIC_BASKET2,30438.0,18.0,30437.0,27.0,,,30444,45,,,,,30441.0,0.0
0,89300,PICNIC_BASKET2,30440.0,16.0,30439.0,15.0,,,30446,31,,,,,30443.0,0.0
0,89400,PICNIC_BASKET2,30443.0,2.0,30442.0,48.0,,,30448,20,30449.0,30.0,,,30445.5,0.0
0,89500,PICNIC_BASKET2,30442.0,2.0,30441.0,42.0,,,30447,2,30448.0,42.0,,,30444.5,0.0
0,89600,PICNIC_BASKET2,30442.0,34.0,,,,,30448,19,30449.0,15.0,,,30445.0,0.0
0,89700,PICNIC_BASKET2,30441.0,38.0,,,,,30447,17,30448.0,21.0,,,30444.0,0.0
0,89800,PICNIC_BASKET2,30439.0,21.0,30438.0,26.0,,,30445,21,30446.0,26.0,,,30442.0,0.0
0,89900,PICNIC_BASKET2,30439.0,20.0,30438.0,21.0,,,30445,20,30446.0,21.0,,,30442.0,0.0
0,90000,PICNIC_BASKET2,30439.0,14.0,30438.0,26.0,,,30445,40,,,,,30442.0,0.0
0,90100,PICNIC_BASKET2,30440.0,1.0,30439.0,34.0,,,30445,13,30446.0,22.0,,,30442.5,0.0
0,90200,PICNIC_BASKET2,30440.0,2.0,30439.0,37.0,,,30445,19,30446.0,20.0,,,30442.5,0.0
0,90300,PICNIC_BASKET2,30441.0,46.0,,,,,30448,46,,,,,30444.5,0.0
0,90400,PICNIC_BASKET2,30442.0,11.0,30441.0,23.0,,,30447,1,30448.0,33.0,,,30444.5,0.0
0,90500,PICNIC_BASKET2,30443.0,2.0,30442.0,41.0,,,30448,13,30449.0,30.0,,,30445.5,0.0
0,90600,PICNIC_BASKET2,30438.0,31.0,,,,,30444,11,30445.0,20.0,,,30441.0,0.0
0,90700,PICNIC_BASKET2,30437.0,19.0,30436.0,23.0,,,30442,1,30443.0,41.0,,,30439.5,0.0
0,90800,PICNIC_BASKET2,30437.0,12.0,30436.0,27.0,,,30439,5,30442.0,2.0,30443.0,37.0,30438.0,0.0
0,90900,PICNIC_BASKET2,30436.0,11.0,30435.0,26.0,,,30442,37,,,,,30439.0,0.0
0,91000,PICNIC_BASKET2,30438.0,2.0,30437.0,43.0,,,30443,2,30444.0,43.0,,,30440.5,0.0
0,91100,PICNIC_BASKET2,30439.0,21.0,30438.0,18.0,,,30445,21,30446.0,18.0,,,30442.0,0.0
0,91200,PICNIC_BASKET2,30438.0,21.0,30437.0,17.0,,,30444,21,30445.0,17.0,,,30441.0,0.0
0,91300,PICNIC_BASKET2,30438.0,3.0,30436.0,2.0,30435.0,26.0,30441,13,30442.0,15.0,,,30439.5,0.0
0,91400,PICNIC_BASKET2,30435.0,37.0,,,,,30441,20,30442.0,17.0,,,30438.0,0.0
0,91500,PICNIC_BASKET2,30436.0,14.0,30435.0,15.0,,,30441,1,30442.0,28.0,,,30438.5,0.0
0,91600,PICNIC_BASKET2,30437.0,40.0,,,,,30443,16,30444.0,24.0,,,30440.0,0.0
0,91700,PICNIC_BASKET2,30438.0,43.0,,,,,30444,20,30445.0,23.0,,,30441.0,0.0
0,91800,PICNIC_BASKET2,30436.0,1.0,30435.0,34.0,,,30441,12,30442.0,23.0,,,30438.5,0.0
0,91900,PICNIC_BASKET2,30435.0,14.0,30434.0,24.0,,,30441,14,30442.0,24.0,,,30438.0,0.0
0,92000,PICNIC_BASKET2,30439.0,15.0,30438.0,28.0,,,30445,43,,,,,30442.0,0.0
0,92100,PICNIC_BASKET2,30439.0,2.0,30438.0,40.0,,,30441,3,30444.0,2.0,30445.0,40.0,30440.0,0.0
0,92200,PICNIC_BASKET2,30439.0,18.0,30438.0,29.0,,,30445,47,,,,,30442.0,0.0
0,92300,PICNIC_BASKET2,30438.0,16.0,30437.0,26.0,,,30444,42,,,,,30441.0,0.0
0,92400,PICNIC_BASKET2,30437.0,7.0,30435.0,12.0,30434.0,19.0,30440,1,30441.0,30.0,,,30438.5,0.0
0,92500,PICNIC_BASKET2,30434.0,12.0,30433.0,24.0,,,30440,36,,,,,30437.0,0.0
0,92600,PICNIC_BASKET2,30429.0,39.0,,,,,30436,39,,,,,30432.5,0.0
0,92700,PICNIC_BASKET2,30427.0,36.0,,,,,30433,17,30434.0,19.0,,,30430.0,0.0
0,92800,PICNIC_BASKET2,30430.0,36.0,,,,,30433,2,30436.0,11.0,30437.0,25.0,30431.5,0.0
0,92900,PICNIC_BASKET2,30426.0,18.0,30425.0,28.0,,,30432,46,,,,,30429.0,0.0
0,93000,PICNIC_BASKET2,30425.0,14.0,30424.0,22.0,,,30431,36,,,,,30428.0,0.0
0,93100,PICNIC_BASKET2,30424.0,22.0,30423.0,25.0,,,30429,2,30430.0,45.0,,,30426.5,0.0
0,93200,PICNIC_BASKET2,30423.0,20.0,30422.0,30.0,,,30428,2,30429.0,48.0,,,30425.5,0.0
0,93300,PICNIC_BASKET2,30421.0,19.0,30420.0,16.0,,,30427,19,30428.0,16.0,,,30424.0,0.0
0,93400,PICNIC_BASKET2,30422.0,35.0,,,,,30429,35,,,,,30425.5,0.0
0,93500,PICNIC_BASKET2,30421.0,44.0,,,,,30427,15,30428.0,29.0,,,30424.0,0.0
0,93600,PICNIC_BASKET2,30421.0,1.0,30420.0,50.0,,,30426,21,30427.0,30.0,,,30423.5,0.0
0,93700,PICNIC_BASKET2,30416.0,13.0,30415.0,27.0,,,30422,13,30423.0,27.0,,,30419.0,0.0
0,93800,PICNIC_BASKET2,30414.0,20.0,30413.0,16.0,,,30420,36,,,,,30417.0,0.0
0,93900,PICNIC_BASKET2,30416.0,1.0,30415.0,28.0,,,30421,1,30422.0,28.0,,,30418.5,0.0
0,94000,PICNIC_BASKET2,30418.0,1.0,30417.0,38.0,,,30423,21,30424.0,18.0,,,30420.5,0.0
0,94100,PICNIC_BASKET2,30419.0,31.0,,,,,30426,31,,,,,30422.5,0.0
0,94200,PICNIC_BASKET2,30422.0,1.0,30421.0,43.0,,,30427,17,30428.0,27.0,,,30424.5,0.0
0,94300,PICNIC_BASKET2,30418.0,15.0,30417.0,21.0,,,30424,36,,,,,30421.0,0.0
0,94400,PICNIC_BASKET2,30421.0,19.0,30420.0,22.0,,,30427,41,,,,,30424.0,0.0
0,94500,PICNIC_BASKET2,30423.0,42.0,,,,,30429,17,30430.0,25.0,,,30426.0,0.0
0,94600,PICNIC_BASKET2,30428.0,29.0,,,,,30434,11,30435.0,18.0,,,30431.0,0.0
0,94700,PICNIC_BASKET2,30428.0,16.0,30427.0,23.0,,,30434,39,,,,,30431.0,0.0
0,94800,PICNIC_BASKET2,30428.0,1.0,30427.0,41.0,,,30433,14,30434.0,28.0,,,30430.5,0.0
0,94900,PICNIC_BASKET2,30427.0,2.0,30426.0,34.0,,,30432,21,30433.0,15.0,,,30429.5,0.0
0,95000,PICNIC_BASKET2,30424.0,37.0,,,,,30430,16,30431.0,21.0,,,30427.0,0.0
0,95100,PICNIC_BASKET2,30423.0,17.0,30422.0,29.0,,,30429,17,30430.0,29.0,,,30426.0,0.0
0,95200,PICNIC_BASKET2,30418.0,6.0,30417.0,16.0,,,30423,1,30424.0,27.0,,,30420.5,0.0
0,95300,PICNIC_BASKET2,30417.0,47.0,,,,,30423,21,30424.0,26.0,,,30420.0,0.0
0,95400,PICNIC_BASKET2,30415.0,12.0,30414.0,23.0,,,30420,1,30421.0,34.0,,,30417.5,0.0
0,95500,PICNIC_BASKET2,30418.0,6.0,30416.0,17.0,30415.0,28.0,30421,1,30422.0,44.0,,,30419.5,0.0
0,95600,PICNIC_BASKET2,30414.0,38.0,,,,,30420,11,30421.0,27.0,,,30417.0,0.0
0,95700,PICNIC_BASKET2,30414.0,22.0,30413.0,30.0,,,30420,52,,,,,30417.0,0.0
0,95800,PICNIC_BASKET2,30415.0,15.0,30414.0,18.0,,,30420,2,30421.0,31.0,,,30417.5,0.0
0,95900,PICNIC_BASKET2,30413.0,19.0,30412.0,29.0,,,30419,48,,,,,30416.0,0.0
0,96000,PICNIC_BASKET2,30415.0,5.0,30413.0,2.0,30412.0,45.0,30418,19,30419.0,28.0,,,30416.5,0.0
0,96100,PICNIC_BASKET2,30414.0,2.0,30413.0,38.0,,,30419,19,30420.0,21.0,,,30416.5,0.0
0,96200,PICNIC_BASKET2,30413.0,12.0,30412.0,30.0,,,30415,1,30418.0,1.0,30419.0,41.0,30414.0,0.0
0,96300,PICNIC_BASKET2,30412.0,35.0,,,,,30418,20,30419.0,15.0,,,30415.0,0.0
0,96400,PICNIC_BASKET2,30414.0,2.0,30413.0,37.0,,,30419,2,30420.0,37.0,,,30416.5,0.0
0,96500,PICNIC_BASKET2,30411.0,19.0,30410.0,18.0,,,30417,37,,,,,30414.0,0.0
0,96600,PICNIC_BASKET2,30410.0,32.0,,,,,30416,14,30417.0,18.0,,,30413.0,0.0
0,96700,PICNIC_BASKET2,30408.0,1.0,30407.0,30.0,,,30413,1,30414.0,30.0,,,30410.5,0.0
0,96800,PICNIC_BASKET2,30410.0,16.0,30409.0,17.0,,,30416,33,,,,,30413.0,0.0
0,96900,PICNIC_BASKET2,30410.0,39.0,,,,,30416,18,30417.0,21.0,,,30413.0,0.0
0,97000,PICNIC_BASKET2,30408.0,22.0,30407.0,27.0,,,30414,49,,,,,30411.0,0.0
0,97100,PICNIC_BASKET2,30410.0,2.0,30409.0,38.0,,,30412,6,30415.0,19.0,30416.0,21.0,30411.0,0.0
0,97200,PICNIC_BASKET2,30411.0,2.0,30410.0,42.0,,,30416,2,30417.0,42.0,,,30413.5,0.0
0,97300,PICNIC_BASKET2,30413.0,1.0,30412.0,32.0,,,30418,1,30419.0,32.0,,,30415.5,0.0
0,97400,PICNIC_BASKET2,30415.0,4.0,30413.0,2.0,30412.0,47.0,30418,22,30419.0,27.0,,,30416.5,0.0
0,97500,PICNIC_BASKET2,30413.0,2.0,30412.0,35.0,,,30418,20,30419.0,17.0,,,30415.5,0.0
0,97600,PICNIC_BASKET2,30414.0,10.0,30413.0,26.0,,,30420,36,,,,,30417.0,0.0
0,97700,PICNIC_BASKET2,30414.0,1.0,30413.0,43.0,,,30419,1,30420.0,43.0,,,30416.5,0.0
0,97800,PICNIC_BASKET2,30411.0,34.0,,,,,30417,15,30418.0,19.0,,,30414.0,0.0
0,97900,PICNIC_BASKET2,30412.0,40.0,,,,,30418,18,30419.0,22.0,,,30415.0,0.0
0,98000,PICNIC_BASKET2,30411.0,13.0,30410.0,23.0,,,30417,36,,,,,30414.0,0.0
0,98100,PICNIC_BASKET2,30411.0,34.0,,,,,30417,14,30418.0,20.0,,,30414.0,0.0
0,98200,PICNIC_BASKET2,30407.0,17.0,30406.0,21.0,,,30413,17,30414.0,21.0,,,30410.0,0.0
0,98300,PICNIC_BASKET2,30410.0,1.0,30409.0,41.0,,,30415,20,30416.0,22.0,,,30412.5,0.0
0,98400,PICNIC_BASKET2,30409.0,12.0,30408.0,19.0,,,30415,31,,,,,30412.0,0.0
0,98500,PICNIC_BASKET2,30410.0,2.0,30409.0,40.0,,,30415,17,30416.0,25.0,,,30412.5,0.0
0,98600,PICNIC_BASKET2,30410.0,2.0,30409.0,36.0,,,30415,18,30416.0,20.0,,,30412.5,0.0
0,98700,PICNIC_BASKET2,30409.0,21.0,30408.0,15.0,,,30415,36,,,,,30412.0,0.0
0,98800,PICNIC_BASKET2,30406.0,16.0,30405.0,29.0,,,30411,1,30412.0,44.0,,,30408.5,0.0
0,98900,PICNIC_BASKET2,30407.0,1.0,30406.0,42.0,,,30412,1,30413.0,42.0,,,30409.5,0.0
0,99000,PICNIC_BASKET2,30407.0,21.0,30406.0,29.0,,,30412,2,30413.0,48.0,,,30409.5,0.0
0,99100,PICNIC_BASKET2,30410.0,43.0,,,,,30416,22,30417.0,21.0,,,30413.0,0.0
0,99200,PICNIC_BASKET2,30410.0,33.0,,,,,30416,16,30417.0,17.0,,,30413.0,0.0
0,99300,PICNIC_BASKET2,30412.0,18.0,30411.0,24.0,,,30418,18,30419.0,24.0,,,30415.0,0.0
0,99400,PICNIC_BASKET2,30412.0,47.0,,,,,30418,20,30419.0,27.0,,,30415.0,0.0
0,99500,PICNIC_BASKET2,30411.0,1.0,30410.0,32.0,,,30416,16,30417.0,17.0,,,30413.5,0.0
0,99600,PICNIC_BASKET2,30408.0,13.0,30407.0,21.0,,,30414,13,30415.0,21.0,,,30411.0,0.0
0,99700,PICNIC_BASKET2,30408.0,1.0,30407.0,33.0,,,30413,1,30414.0,33.0,,,30410.5,0.0
0,99800,PICNIC_BASKET2,30409.0,1.0,30408.0,36.0,,,30414,16,30415.0,21.0,,,30411.5,0.0
0,99900,PICNIC_BASKET2,30409.0,12.0,30408.0,24.0,,,30414,2,30415.0,34.0,,,30411.5,0.0
0,100000,PICNIC_BASKET2,30407.0,44.0,,,,,30413,20,30414.0,24.0,,,30410.0,0.0
0,100100,PICNIC_BASKET2,30406.0,1.0,30405.0,37.0,,,30411,1,30412.0,37.0,,,30408.5,0.0
0,100200,PICNIC_BASKET2,30403.0,43.0,,,,,30409,16,30410.0,27.0,,,30406.0,0.0
0,100300,PICNIC_BASKET2,30405.0,2.0,30404.0,30.0,,,30410,16,30411.0,16.0,,,30407.5,0.0
0,100400,PICNIC_BASKET2,30407.0,11.0,30406.0,23.0,,,30412,1,30413.0,33.0,,,30409.5,0.0
0,100500,PICNIC_BASKET2,30411.0,12.0,30410.0,21.0,,,30416,2,30417.0,31.0,,,30413.5,0.0
0,100600,PICNIC_BASKET2,30411.0,2.0,30410.0,29.0,,,30416,13,30417.0,18.0,,,30413.5,0.0
0,100700,PICNIC_BASKET2,30414.0,7.0,30412.0,13.0,30411.0,15.0,30418,28,,,,,30416.0,0.0
0,100800,PICNIC_BASKET2,30407.0,15.0,30406.0,18.0,,,30412,1,30413.0,32.0,,,30409.5,0.0
0,100900,PICNIC_BASKET2,30405.0,39.0,,,,,30411,13,30412.0,26.0,,,30408.0,0.0
0,101000,PICNIC_BASKET2,30404.0,50.0,,,,,30410,21,30411.0,29.0,,,30407.0,0.0
0,101100,PICNIC_BASKET2,30410.0,7.0,30405.0,20.0,30404.0,20.0,30411,40,,,,,30410.5,0.0
0,101200,PICNIC_BASKET2,30402.0,34.0,,,,,30409,34,,,,,30405.5,0.0
0,101300,PICNIC_BASKET2,30405.0,41.0,,,,,30411,14,30412.0,27.0,,,30408.0,0.0
0,101400,PICNIC_BASKET2,30409.0,39.0,,,,,30416,39,,,,,30412.5,0.0
0,101500,PICNIC_BASKET2,30408.0,1.0,30407.0,38.0,,,30413,12,30414.0,27.0,,,30410.5,0.0
0,101600,PICNIC_BASKET2,30408.0,2.0,30407.0,34.0,,,30410,5,30413.0,21.0,30414.0,15.0,30409.0,0.0
0,101700,PICNIC_BASKET2,30411.0,1.0,30410.0,35.0,,,30416,20,30417.0,16.0,,,30413.5,0.0
0,101800,PICNIC_BASKET2,30408.0,2.0,30407.0,42.0,,,30413,2,30414.0,42.0,,,30410.5,0.0
0,101900,PICNIC_BASKET2,30408.0,2.0,30407.0,42.0,,,30413,17,30414.0,27.0,,,30410.5,0.0
0,102000,PICNIC_BASKET2,30404.0,50.0,,,,,30410,20,30411.0,30.0,,,30407.0,0.0
0,102100,PICNIC_BASKET2,30402.0,2.0,30401.0,28.0,,,30407,12,30408.0,18.0,,,30404.5,0.0
0,102200,PICNIC_BASKET2,30402.0,1.0,30401.0,39.0,,,30407,1,30408.0,39.0,,,30404.5,0.0
0,102300,PICNIC_BASKET2,30402.0,11.0,30401.0,19.0,,,30408,30,,,,,30405.0,0.0
0,102400,PICNIC_BASKET2,30403.0,27.0,,,,,30409,12,30410.0,15.0,,,30406.0,0.0
0,102500,PICNIC_BASKET2,30401.0,1.0,30400.0,45.0,,,30406,1,30407.0,45.0,,,30403.5,0.0
0,102600,PICNIC_BASKET2,30398.0,31.0,,,,,30404,12,30405.0,19.0,,,30401.0,0.0
0,102700,PICNIC_BASKET2,30400.0,3.0,30397.0,32.0,,,30404,32,,,,,30402.0,0.0
0,102800,PICNIC_BASKET2,30395.0,20.0,30394.0,24.0,,,30401,44,,,,,30398.0,0.0
0,102900,PICNIC_BASKET2,30397.0,5.0,30395.0,1.0,30394.0,45.0,30400,19,30401.0,27.0,,,30398.5,0.0
0,103000,PICNIC_BASKET2,30397.0,37.0,,,,,30403,16,30404.0,21.0,,,30400.0,0.0
0,103100,PICNIC_BASKET2,30394.0,15.0,30393.0,18.0,,,30400,15,30401.0,18.0,,,30397.0,0.0
0,103200,PICNIC_BASKET2,30398.0,18.0,30397.0,26.0,,,30404,44,,,,,30401.0,0.0
0,103300,PICNIC_BASKET2,30402.0,1.0,30401.0,43.0,,,30407,14,30408.0,30.0,,,30404.5,0.0
0,103400,PICNIC_BASKET2,30406.0,2.0,30405.0,43.0,,,30411,19,30412.0,26.0,,,30408.5,0.0
0,103500,PICNIC_BASKET2,30406.0,1.0,30405.0,38.0,,,30411,16,30412.0,23.0,,,30408.5,0.0
0,103600,PICNIC_BASKET2,30408.0,1.0,30407.0,34.0,,,30413,15,30414.0,20.0,,,30410.5,0.0
0,103700,PICNIC_BASKET2,30408.0,13.0,30407.0,28.0,,,30414,41,,,,,30411.0,0.0
0,103800,PICNIC_BASKET2,30412.0,8.0,30407.0,17.0,30406.0,25.0,30413,17,30414.0,25.0,,,30412.5,0.0
0,103900,PICNIC_BASKET2,30404.0,17.0,30403.0,22.0,,,30410,39,,,,,30407.0,0.0
0,104000,PICNIC_BASKET2,30404.0,18.0,30403.0,24.0,,,30406,2,30410.0,18.0,30411.0,24.0,30405.0,0.0
0,104100,PICNIC_BASKET2,30406.0,27.0,,,,,30412,11,30413.0,16.0,,,30409.0,0.0
0,104200,PICNIC_BASKET2,30408.0,39.0,,,,,30414,17,30415.0,22.0,,,30411.0,0.0
0,104300,PICNIC_BASKET2,30406.0,44.0,,,,,30412,19,30413.0,25.0,,,30409.0,0.0
0,104400,PICNIC_BASKET2,30405.0,1.0,30404.0,34.0,,,30407,2,30410.0,1.0,30411.0,34.0,30406.0,0.0
0,104500,PICNIC_BASKET2,30411.0,20.0,30410.0,30.0,,,30417,50,,,,,30414.0,0.0
0,104600,PICNIC_BASKET2,30413.0,20.0,30412.0,23.0,,,30418,1,30419.0,42.0,,,30415.5,0.0
0,104700,PICNIC_BASKET2,30412.0,18.0,30411.0,19.0,,,30418,18,30419.0,19.0,,,30415.0,0.0
0,104800,PICNIC_BASKET2,30411.0,11.0,30410.0,26.0,,,30417,37,,,,,30414.0,0.0
0,104900,PICNIC_BASKET2,30414.0,16.0,30413.0,24.0,,,30419,1,30420.0,39.0,,,30416.5,0.0
0,105000,PICNIC_BASKET2,30415.0,16.0,30414.0,19.0,,,30421,35,,,,,30418.0,0.0
0,105100,PICNIC_BASKET2,30413.0,43.0,,,,,30420,43,,,,,30416.5,0.0
0,105200,PICNIC_BASKET2,30414.0,2.0,30413.0,42.0,,,30419,19,30420.0,25.0,,,30416.5,0.0
0,105300,PICNIC_BASKET2,30412.0,1.0,30411.0,35.0,,,30417,20,30418.0,16.0,,,30414.5,0.0
0,105400,PICNIC_BASKET2,30408.0,17.0,30407.0,28.0,,,30414,45,,,,,30411.0,0.0
0,105500,PICNIC_BASKET2,30412.0,49.0,,,,,30418,19,30419.0,30.0,,,30415.0,0.0
0,105600,PICNIC_BASKET2,30412.0,11.0,30411.0,15.0,,,30418,26,,,,,30415.0,0.0
0,105700,PICNIC_BASKET2,30413.0,15.0,30412.0,30.0,,,30419,45,,,,,30416.0,0.0
0,105800,PICNIC_BASKET2,30411.0,20.0,30410.0,16.0,,,30416,2,30417.0,34.0,,,30413.5,0.0
0,105900,PICNIC_BASKET2,30410.0,10.0,30409.0,20.0,,,30416,30,,,,,30413.0,0.0
0,106000,PICNIC_BASKET2,30408.0,2.0,30407.0,41.0,,,30413,2,30414.0,41.0,,,30410.5,0.0
0,106100,PICNIC_BASKET2,30407.0,13.0,30406.0,18.0,,,30412,1,30413.0,30.0,,,30409.5,0.0
0,106200,PICNIC_BASKET2,30409.0,7.0,30407.0,2.0,30406.0,42.0,30412,2,30413.0,42.0,,,30410.5,0.0
0,106300,PICNIC_BASKET2,30412.0,5.0,30409.0,31.0,,,30416,31,,,,,30414.0,0.0
0,106400,PICNIC_BASKET2,30414.0,13.0,30413.0,15.0,,,30419,2,30420.0,26.0,,,30416.5,0.0
0,106500,PICNIC_BASKET2,30414.0,45.0,,,,,30420,17,30421.0,28.0,,,30417.0,0.0
0,106600,PICNIC_BASKET2,30415.0,28.0,,,,,30421,13,30422.0,15.0,,,30418.0,0.0
0,106700,PICNIC_BASKET2,30413.0,1.0,30412.0,30.0,,,30418,1,30419.0,30.0,,,30415.5,0.0
0,106800,PICNIC_BASKET2,30414.0,18.0,30413.0,30.0,,,30420,48,,,,,30417.0,0.0
0,106900,PICNIC_BASKET2,30412.0,42.0,,,,,30418,15,30419.0,27.0,,,30415.0,0.0
0,107000,PICNIC_BASKET2,30412.0,1.0,30411.0,36.0,,,30417,15,30418.0,22.0,,,30414.5,0.0
0,107100,PICNIC_BASKET2,30412.0,18.0,30411.0,16.0,,,30414,6,30417.0,1.0,30418.0,33.0,30413.0,0.0
0,107200,PICNIC_BASKET2,30410.0,17.0,30409.0,20.0,,,30415,2,30416.0,35.0,,,30412.5,0.0
0,107300,PICNIC_BASKET2,30413.0,11.0,30412.0,20.0,,,30418,1,30419.0,30.0,,,30415.5,0.0
0,107400,PICNIC_BASKET2,30413.0,15.0,30412.0,24.0,,,30419,39,,,,,30416.0,0.0
0,107500,PICNIC_BASKET2,30411.0,1.0,30409.0,13.0,30408.0,29.0,30415,42,,,,,30413.0,0.0
0,107600,PICNIC_BASKET2,30407.0,16.0,30406.0,29.0,,,30409,2,30413.0,45.0,,,30408.0,0.0
0,107700,PICNIC_BASKET2,30406.0,19.0,30405.0,20.0,,,30412,39,,,,,30409.0,0.0
0,107800,PICNIC_BASKET2,30405.0,1.0,30404.0,37.0,,,30407,4,30410.0,13.0,30411.0,25.0,30406.0,0.0
0,107900,PICNIC_BASKET2,30406.0,38.0,,,,,30412,15,30413.0,23.0,,,30409.0,0.0
0,108000,PICNIC_BASKET2,30407.0,19.0,30406.0,28.0,,,30412,2,30413.0,45.0,,,30409.5,0.0
0,108100,PICNIC_BASKET2,30406.0,44.0,,,,,30413,44,,,,,30409.5,0.0
0,108200,PICNIC_BASKET2,30408.0,34.0,,,,,30414,12,30415.0,22.0,,,30411.0,0.0
0,108300,PICNIC_BASKET2,30409.0,15.0,30408.0,29.0,,,30415,44,,,,,30412.0,0.0
0,108400,PICNIC_BASKET2,30410.0,15.0,30409.0,20.0,,,30416,35,,,,,30413.0,0.0
0,108500,PICNIC_BASKET2,30411.0,41.0,,,,,30417,14,30418.0,27.0,,,30414.0,0.0
0,108600,PICNIC_BASKET2,30409.0,11.0,30408.0,16.0,,,30414,1,30415.0,26.0,,,30411.5,0.0
0,108700,PICNIC_BASKET2,30410.0,2.0,30409.0,27.0,,,30415,2,30416.0,27.0,,,30412.5,0.0
0,108800,PICNIC_BASKET2,30409.0,17.0,30408.0,25.0,,,30415,17,30416.0,25.0,,,30412.0,0.0
0,108900,PICNIC_BASKET2,30410.0,34.0,,,,,30416,18,30417.0,16.0,,,30413.0,0.0
0,109000,PICNIC_BASKET2,30410.0,11.0,30409.0,24.0,,,30415,1,30416.0,34.0,,,30412.5,0.0
0,109100,PICNIC_BASKET2,30411.0,2.0,30410.0,33.0,,,30416,13,30417.0,22.0,,,30413.5,0.0
0,109200,PICNIC_BASKET2,30409.0,33.0,,,,,30415,11,30416.0,22.0,,,30412.0,0.0
0,109300,PICNIC_BASKET2,30412.0,13.0,30411.0,17.0,,,30418,13,30419.0,17.0,,,30415.0,0.0
0,109400,PICNIC_BASKET2,30411.0,19.0,30410.0,29.0,,,30417,48,,,,,30414.0,0.0
0,109500,PICNIC_BASKET2,30410.0,36.0,,,,,30417,36,,,,,30413.5,0.0
0,109600,PICNIC_BASKET2,30415.0,4.0,30410.0,32.0,,,30417,32,,,,,30416.0,0.0
0,109700,PICNIC_BASKET2,30410.0,36.0,,,,,30416,12,30417.0,24.0,,,30413.0,0.0
0,109800,PICNIC_BASKET2,30413.0,4.0,30411.0,2.0,30410.0,31.0,30416,2,30417.0,31.0,,,30414.5,0.0
0,109900,PICNIC_BASKET2,30418.0,1.0,30416.0,16.0,30415.0,28.0,30422,44,,,,,30420.0,0.0
0,110000,PICNIC_BASKET2,30416.0,1.0,30415.0,44.0,,,30421,1,30422.0,44.0,,,30418.5,0.0
0,110100,PICNIC_BASKET2,30415.0,47.0,,,,,30421,19,30422.0,28.0,,,30418.0,0.0
0,110200,PICNIC_BASKET2,30417.0,37.0,,,,,30423,18,30424.0,19.0,,,30420.0,0.0
0,110300,PICNIC_BASKET2,30415.0,1.0,30414.0,34.0,,,30420,16,30421.0,19.0,,,30417.5,0.0
0,110400,PICNIC_BASKET2,30416.0,44.0,,,,,30422,14,30423.0,30.0,,,30419.0,0.0
0,110500,PICNIC_BASKET2,30416.0,14.0,30415.0,30.0,,,30422,14,30423.0,30.0,,,30419.0,0.0
0,110600,PICNIC_BASKET2,30420.0,1.0,30419.0,41.0,,,30425,17,30426.0,25.0,,,30422.5,0.0
0,110700,PICNIC_BASKET2,30419.0,16.0,30418.0,23.0,,,30425,39,,,,,30422.0,0.0
0,110800,PICNIC_BASKET2,30421.0,21.0,30420.0,18.0,,,30426,2,30427.0,37.0,,,30423.5,0.0
0,110900,PICNIC_BASKET2,30418.0,37.0,,,,,30424,15,30425.0,22.0,,,30421.0,0.0
0,111000,PICNIC_BASKET2,30418.0,18.0,30417.0,29.0,,,30424,18,30425.0,29.0,,,30421.0,0.0
0,111100,PICNIC_BASKET2,30421.0,11.0,30420.0,15.0,,,30427,26,,,,,30424.0,0.0
0,111200,PICNIC_BASKET2,30420.0,16.0,30419.0,30.0,,,30425,1,30426.0,45.0,,,30422.5,0.0
0,111300,PICNIC_BASKET2,30419.0,13.0,30418.0,24.0,,,30422,8,30425.0,13.0,30426.0,24.0,30420.5,0.0
0,111400,PICNIC_BASKET2,30418.0,38.0,,,,,30424,11,30425.0,27.0,,,30421.0,0.0
0,111500,PICNIC_BASKET2,30414.0,12.0,30413.0,20.0,,,30419,1,30420.0,31.0,,,30416.5,0.0
0,111600,PICNIC_BASKET2,30414.0,21.0,30413.0,23.0,,,30419,1,30420.0,43.0,,,30416.5,0.0
0,111700,PICNIC_BASKET2,30415.0,46.0,,,,,30418,3,30421.0,18.0,30422.0,28.0,30416.5,0.0
0,111800,PICNIC_BASKET2,30413.0,14.0,30412.0,23.0,,,30418,2,30419.0,35.0,,,30415.5,0.0
0,111900,PICNIC_BASKET2,30413.0,19.0,30412.0,15.0,,,30419,34,,,,,30416.0,0.0
0,112000,PICNIC_BASKET2,30413.0,21.0,30412.0,20.0,,,30419,21,30420.0,20.0,,,30416.0,0.0
0,112100,PICNIC_BASKET2,30412.0,47.0,,,,,30418,18,30419.0,29.0,,,30415.0,0.0
0,112200,PICNIC_BASKET2,30412.0,11.0,30411.0,21.0,,,30418,32,,,,,30415.0,0.0
0,112300,PICNIC_BASKET2,30410.0,2.0,30409.0,39.0,,,30415,22,30416.0,19.0,,,30412.5,0.0
0,112400,PICNIC_BASKET2,30408.0,10.0,30407.0,17.0,,,30414,27,,,,,30411.0,0.0
0,112500,PICNIC_BASKET2,30411.0,1.0,30410.0,31.0,,,30416,1,30417.0,31.0,,,30413.5,0.0
0,112600,PICNIC_BASKET2,30414.0,39.0,,,,,30421,39,,,,,30417.5,0.0
0,112700,PICNIC_BASKET2,30415.0,1.0,30414.0,39.0,,,30420,11,30421.0,29.0,,,30417.5,0.0
0,112800,PICNIC_BASKET2,30411.0,20.0,30410.0,21.0,,,30417,20,30418.0,21.0,,,30414.0,0.0
0,112900,PICNIC_BASKET2,30412.0,15.0,30411.0,23.0,,,30418,38,,,,,30415.0,0.0
0,113000,PICNIC_BASKET2,30410.0,21.0,30409.0,26.0,,,30416,47,,,,,30413.0,0.0
0,113100,PICNIC_BASKET2,30408.0,20.0,30407.0,26.0,,,30414,46,,,,,30411.0,0.0
0,113200,PICNIC_BASKET2,30410.0,1.0,30409.0,43.0,,,30415,21,30416.0,23.0,,,30412.5,0.0
0,113300,PICNIC_BASKET2,30411.0,2.0,30410.0,41.0,,,30416,20,30417.0,23.0,,,30413.5,0.0
0,113400,PICNIC_BASKET2,30413.0,38.0,,,,,30419,15,30420.0,23.0,,,30416.0,0.0
0,113500,PICNIC_BASKET2,30413.0,1.0,30412.0,36.0,,,30418,13,30419.0,24.0,,,30415.5,0.0
0,113600,PICNIC_BASKET2,30413.0,45.0,,,,,30419,17,30420.0,28.0,,,30416.0,0.0
0,113700,PICNIC_BASKET2,30416.0,20.0,30415.0,23.0,,,30421,1,30422.0,42.0,,,30418.5,0.0
0,113800,PICNIC_BASKET2,30418.0,2.0,30417.0,37.0,,,30423,20,30424.0,19.0,,,30420.5,0.0
0,113900,PICNIC_BASKET2,30419.0,1.0,30418.0,26.0,,,30424,11,30425.0,16.0,,,30421.5,0.0
0,114000,PICNIC_BASKET2,30422.0,2.0,30421.0,38.0,,,30427,2,30428.0,38.0,,,30424.5,0.0
0,114100,PICNIC_BASKET2,30422.0,48.0,,,,,30428,21,30429.0,27.0,,,30425.0,0.0
0,114200,PICNIC_BASKET2,30424.0,1.0,30423.0,38.0,,,30429,13,30430.0,26.0,,,30426.5,0.0
0,114300,PICNIC_BASKET2,30423.0,1.0,30422.0,30.0,,,30425,4,30428.0,1.0,30429.0,30.0,30424.0,0.0
0,114400,PICNIC_BASKET2,30423.0,2.0,30422.0,35.0,,,30428,2,30429.0,35.0,,,30425.5,0.0
0,114500,PICNIC_BASKET2,30423.0,2.0,30422.0,32.0,,,30428,17,30429.0,17.0,,,30425.5,0.0
0,114600,PICNIC_BASKET2,30421.0,42.0,,,,,30427,18,30428.0,26.0,,,30424.0,0.0
0,114700,PICNIC_BASKET2,30422.0,19.0,30421.0,19.0,,,30427,2,30428.0,36.0,,,30424.5,0.0
0,114800,PICNIC_BASKET2,30421.0,41.0,,,,,30428,41,,,,,30424.5,0.0
0,114900,PICNIC_BASKET2,30421.0,2.0,30420.0,36.0,,,30426,2,30427.0,36.0,,,30423.5,0.0
0,115000,PICNIC_BASKET2,30427.0,2.0,30423.0,2.0,30422.0,39.0,30428,15,30429.0,26.0,,,30427.5,0.0
0,115100,PICNIC_BASKET2,30424.0,2.0,30423.0,33.0,,,30429,15,30430.0,20.0,,,30426.5,0.0
0,115200,PICNIC_BASKET2,30427.0,20.0,30426.0,24.0,,,30432,2,30433.0,42.0,,,30429.5,0.0
0,115300,PICNIC_BASKET2,30428.0,2.0,30427.0,39.0,,,30433,14,30434.0,27.0,,,30430.5,0.0
0,115400,PICNIC_BASKET2,30427.0,45.0,,,,,30433,16,30434.0,29.0,,,30430.0,0.0
0,115500,PICNIC_BASKET2,30430.0,2.0,30429.0,34.0,,,30435,17,30436.0,19.0,,,30432.5,0.0
0,115600,PICNIC_BASKET2,30432.0,1.0,30431.0,47.0,,,30437,18,30438.0,30.0,,,30434.5,0.0
0,115700,PICNIC_BASKET2,30438.0,1.0,30435.0,19.0,30434.0,21.0,30441,19,30442.0,21.0,,,30439.5,0.0
0,115800,PICNIC_BASKET2,30432.0,13.0,30431.0,24.0,,,30438,37,,,,,30435.0,0.0
0,115900,PICNIC_BASKET2,30433.0,11.0,30432.0,22.0,,,30439,33,,,,,30436.0,0.0
0,116000,PICNIC_BASKET2,30435.0,1.0,30434.0,41.0,,,30440,20,30441.0,22.0,,,30437.5,0.0
0,116100,PICNIC_BASKET2,30430.0,32.0,,,,,30437,32,,,,,30433.5,0.0
0,116200,PICNIC_BASKET2,30430.0,13.0,30429.0,17.0,,,30436,30,,,,,30433.0,0.0
0,116300,PICNIC_BASKET2,30429.0,14.0,30428.0,20.0,,,30435,14,30436.0,20.0,,,30432.0,0.0
0,116400,PICNIC_BASKET2,30430.0,21.0,30429.0,22.0,,,30435,2,30436.0,41.0,,,30432.5,0.0
0,116500,PICNIC_BASKET2,30433.0,2.0,30432.0,28.0,,,30438,2,30439.0,28.0,,,30435.5,0.0
0,116600,PICNIC_BASKET2,30431.0,2.0,30429.0,16.0,30428.0,25.0,30434,2,30435.0,39.0,,,30432.5,0.0
0,116700,PICNIC_BASKET2,30427.0,21.0,30426.0,23.0,,,30432,1,30433.0,43.0,,,30429.5,0.0
0,116800,PICNIC_BASKET2,30429.0,18.0,30428.0,25.0,,,30435,43,,,,,30432.0,0.0
0,116900,PICNIC_BASKET2,30427.0,39.0,,,,,30433,17,30434.0,22.0,,,30430.0,0.0
0,117000,PICNIC_BASKET2,30424.0,49.0,,,,,30430,20,30431.0,29.0,,,30427.0,0.0
0,117100,PICNIC_BASKET2,30422.0,14.0,30421.0,16.0,,,30427,2,30428.0,28.0,,,30424.5,0.0
0,117200,PICNIC_BASKET2,30414.0,13.0,30413.0,30.0,,,30416,1,30419.0,1.0,30420.0,42.0,30415.0,0.0
0,117300,PICNIC_BASKET2,30410.0,13.0,30409.0,27.0,,,30416,40,,,,,30413.0,0.0
0,117400,PICNIC_BASKET2,30408.0,21.0,30407.0,23.0,,,30414,44,,,,,30411.0,0.0
0,117500,PICNIC_BASKET2,30407.0,1.0,30406.0,46.0,,,30412,20,30413.0,27.0,,,30409.5,0.0
0,117600,PICNIC_BASKET2,30409.0,20.0,30408.0,17.0,,,30414,1,30415.0,36.0,,,30411.5,0.0
0,117700,PICNIC_BASKET2,30408.0,1.0,30407.0,41.0,,,30413,16,30414.0,26.0,,,30410.5,0.0
0,117800,PICNIC_BASKET2,30406.0,12.0,30405.0,27.0,,,30412,39,,,,,30409.0,0.0
0,117900,PICNIC_BASKET2,30408.0,5.0,30406.0,15.0,30405.0,19.0,30411,1,30412.0,33.0,,,30409.5,0.0
0,118000,PICNIC_BASKET2,30401.0,1.0,30400.0,34.0,,,30406,11,30407.0,24.0,,,30403.5,0.0
0,118100,PICNIC_BASKET2,30401.0,11.0,30400.0,29.0,,,30407,40,,,,,30404.0,0.0
0,118200,PICNIC_BASKET2,30398.0,15.0,30397.0,15.0,,,30404,30,,,,,30401.0,0.0
0,118300,PICNIC_BASKET2,30399.0,11.0,30398.0,23.0,,,30405,34,,,,,30402.0,0.0
0,118400,PICNIC_BASKET2,30400.0,1.0,30399.0,35.0,,,30405,21,30406.0,15.0,,,30402.5,0.0
0,118500,PICNIC_BASKET2,30400.0,12.0,30399.0,21.0,,,30406,33,,,,,30403.0,0.0
0,118600,PICNIC_BASKET2,30402.0,2.0,30401.0,39.0,,,30407,15,30408.0,26.0,,,30404.5,0.0
0,118700,PICNIC_BASKET2,30401.0,2.0,30400.0,42.0,,,30406,15,30407.0,29.0,,,30403.5,0.0
0,118800,PICNIC_BASKET2,30399.0,14.0,30398.0,22.0,,,30405,36,,,,,30402.0,0.0
0,118900,PICNIC_BASKET2,30397.0,11.0,30396.0,26.0,,,30402,1,30403.0,36.0,,,30399.5,0.0
0,119000,PICNIC_BASKET2,30401.0,14.0,30400.0,17.0,,,30406,1,30407.0,30.0,,,30403.5,0.0
0,119100,PICNIC_BASKET2,30404.0,15.0,30403.0,23.0,,,30410,38,,,,,30407.0,0.0
0,119200,PICNIC_BASKET2,30406.0,2.0,30404.0,21.0,30403.0,25.0,30409,1,30410.0,45.0,,,30407.5,0.0
0,119300,PICNIC_BASKET2,30407.0,20.0,30406.0,19.0,,,30412,1,30413.0,38.0,,,30409.5,0.0
0,119400,PICNIC_BASKET2,30409.0,6.0,30405.0,2.0,30404.0,48.0,30410,2,30411.0,48.0,,,30409.5,0.0
0,119500,PICNIC_BASKET2,30405.0,2.0,30403.0,2.0,30402.0,38.0,30408,2,30409.0,38.0,,,30406.5,0.0
0,119600,PICNIC_BASKET2,30399.0,35.0,,,,,30406,35,,,,,30402.5,0.0
0,119700,PICNIC_BASKET2,30404.0,2.0,30403.0,34.0,,,30409,13,30410.0,23.0,,,30406.5,0.0
0,119800,PICNIC_BASKET2,30405.0,17.0,30404.0,19.0,,,30411,36,,,,,30408.0,0.0
0,119900,PICNIC_BASKET2,30406.0,22.0,30405.0,24.0,,,30411,2,30412.0,44.0,,,30408.5,0.0
0,120000,PICNIC_BASKET2,30407.0,15.0,30406.0,27.0,,,30412,1,30413.0,41.0,,,30409.5,0.0
0,120100,PICNIC_BASKET2,30407.0,22.0,30406.0,20.0,,,30412,2,30413.0,40.0,,,30409.5,0.0
0,120200,PICNIC_BASKET2,30407.0,18.0,30406.0,30.0,,,30413,48,,,,,30410.0,0.0
0,120300,PICNIC_BASKET2,30403.0,33.0,,,,,30409,18,30410.0,15.0,,,30406.0,0.0
0,120400,PICNIC_BASKET2,30404.0,38.0,,,,,30410,15,30411.0,23.0,,,30407.0,0.0
0,120500,PICNIC_BASKET2,30404.0,47.0,,,,,30410,17,30411.0,30.0,,,30407.0,0.0
0,120600,PICNIC_BASKET2,30404.0,2.0,30403.0,49.0,,,30409,21,30410.0,30.0,,,30406.5,0.0
0,120700,PICNIC_BASKET2,30402.0,13.0,30401.0,30.0,,,30407,1,30408.0,42.0,,,30404.5,0.0
0,120800,PICNIC_BASKET2,30402.0,13.0,30401.0,17.0,,,30407,2,30408.0,28.0,,,30404.5,0.0
0,120900,PICNIC_BASKET2,30402.0,41.0,,,,,30408,14,30409.0,27.0,,,30405.0,0.0
0,121000,PICNIC_BASKET2,30402.0,2.0,30401.0,41.0,,,30407,21,30408.0,22.0,,,30404.5,0.0
0,121100,PICNIC_BASKET2,30400.0,41.0,,,,,30406,13,30407.0,28.0,,,30403.0,0.0
0,121200,PICNIC_BASKET2,30399.0,13.0,30398.0,21.0,,,30405,15,30406.0,21.0,,,30402.0,0.0
0,121300,PICNIC_BASKET2,30400.0,1.0,30399.0,40.0,,,30405,12,30406.0,29.0,,,30402.5,0.0
