day,timestamp,product,bid_price_1,bid_volume_1,bid_price_2,bid_volume_2,bid_price_3,bid_volume_3,ask_price_1,ask_volume_1,ask_price_2,ask_volume_2,ask_price_3,ask_volume_3,mid_price,profit_and_loss
0,0,RAINFOREST_RESIN,9992.0,30.0,,,,,10008,30,,,,,10000.0,0.0
0,100,RAINFOREST_RESIN,10000.0,4.0,9992.0,31.0,,,10008,31,,,,,10004.0,0.0
0,200,RAINFOREST_RESIN,9992.0,33.0,,,,,10008,33,,,,,10000.0,0.0
0,300,RAINFOREST_RESIN,9992.0,27.0,,,,,10008,27,,,,,10000.0,0.0
0,400,RAINFOREST_RESIN,9992.0,30.0,,,,,10008,30,,,,,10000.0,0.0
0,500,RAINFOREST_RESIN,9992.0,31.0,,,,,10008,31,,,,,10000.0,0.0
0,600,RAINFOREST_RESIN,9992.0,27.0,,,,,10003,4,10008.0,27.0,,,9997.5,0.0
0,700,RAINFOREST_RESIN,9992.0,31.0,,,,,10008,31,,,,,10000.0,0.0
0,800,RAINFOREST_RESIN,9992.0,29.0,,,,,10008,29,,,,,10000.0,0.0
0,900,RAINFOREST_RESIN,9992.0,33.0,,,,,10008,33,,,,,10000.0,0.0
0,1000,RAINFOREST_RESIN,9992.0,31.0,,,,,10008,31,,,,,10000.0,0.0
0,1100,RAINFOREST_RESIN,9992.0,27.0,,,,,10003,7,10008.0,27.0,,,9997.5,0.0
0,1200,RAINFOREST_RESIN,9992.0,35.0,,,,,10008,35,,,,,10000.0,0.0
0,1300,RAINFOREST_RESIN,10000.0,2.0,9997.0,6.0,9992.0,35.0,10008,35,,,,,10004.0,0.0
0,1400,RAINFOREST_RESIN,9992.0,30.0,,,,,10008,30,,,,,10000.0,0.0
0,1500,RAINFOREST_RESIN,9992.0,33.0,,,,,10003,3,10008.0,33.0,,,9997.5,0.0
0,1600,RAINFOREST_RESIN,9992.0,32.0,,,,,10008,32,,,,,10000.0,0.0
0,1700,RAINFOREST_RESIN,9992.0,29.0,,,,,10008,29,,,,,10000.0,0.0
0,1800,RAINFOREST_RESIN,9992.0,27.0,,,,,10008,27,,,,,10000.0,0.0
0,1900,RAINFOREST_RESIN,9992.0,28.0,,,,,10008,28,,,,,10000.0,0.0
0,2000,RAINFOREST_RESIN,9992.0,33.0,,,,,10008,33,,,,,10000.0,0.0
0,2100,RAINFOREST_RESIN,9992.0,27.0,,,,,10008,27,,,,,10000.0,0.0
0,2200,RAINFOREST_RESIN,10001.0,1.0,9992.0,25.0,,,10008,25,,,,,10004.5,0.0
0,2300,RAINFOREST_RESIN,9992.0,25.0,,,,,10008,25,,,,,10000.0,0.0
0,2400,RAINFOREST_RESIN,9992.0,28.0,,,,,10008,28,,,,,10000.0,0.0
0,2500,RAINFOREST_RESIN,9992.0,31.0,,,,,10008,31,,,,,10000.0,0.0
0,2600,RAINFOREST_RESIN,9992.0,31.0,,,,,10008,31,,,,,10000.0,0.0
0,2700,RAINFOREST_RESIN,9997.0,2.0,9992.0,26.0,,,10008,26,,,,,10002.5,0.0
0,2800,RAINFOREST_RESIN,9992.0,25.0,,,,,10008,25,,,,,10000.0,0.0
0,2900,RAINFOREST_RESIN,10003.0,11.0,9992.0,27.0,,,10008,27,,,,,10005.5,0.0
0,3000,RAINFOREST_RESIN,10001.0,1.0,9992.0,27.0,,,10008,27,,,,,10004.5,0.0
0,3100,RAINFOREST_RESIN,9992.0,33.0,,,,,10008,33,,,,,10000.0,0.0
0,3200,RAINFOREST_RESIN,10002.0,4.0,9992.0,30.0,,,10008,30,,,,,10005.0,0.0
0,3300,RAINFOREST_RESIN,9992.0,34.0,,,,,9999,1,10008.0,34.0,,,9995.5,0.0
0,3400,RAINFOREST_RESIN,9992.0,28.0,,,,,10008,28,,,,,10000.0,0.0
0,3500,RAINFOREST_RESIN,10001.0,1.0,9992.0,35.0,,,10008,35,,,,,10004.5,0.0
0,3600,RAINFOREST_RESIN,9992.0,29.0,,,,,10008,29,,,,,10000.0,0.0
0,3700,RAINFOREST_RESIN,9992.0,34.0,,,,,10003,3,10008.0,34.0,,,9997.5,0.0
0,3800,RAINFOREST_RESIN,9992.0,29.0,,,,,9999,1,10008.0,29.0,,,9995.5,0.0
0,3900,RAINFOREST_RESIN,9992.0,26.0,,,,,10008,26,,,,,10000.0,0.0
0,4000,RAINFOREST_RESIN,10003.0,9.0,9992.0,34.0,,,10008,34,,,,,10005.5,0.0
0,4100,RAINFOREST_RESIN,9992.0,27.0,,,,,10008,27,,,,,10000.0,0.0
0,4200,RAINFOREST_RESIN,9992.0,34.0,,,,,10008,34,,,,,10000.0,0.0
0,4300,RAINFOREST_RESIN,9992.0,30.0,,,,,9998,3,10008.0,30.0,,,9995.0,0.0
0,4400,RAINFOREST_RESIN,9992.0,34.0,,,,,10008,34,,,,,10000.0,0.0
0,4500,RAINFOREST_RESIN,9992.0,26.0,,,,,10008,26,,,,,10000.0,0.0
0,4600,RAINFOREST_RESIN,9992.0,29.0,,,,,10003,6,10008.0,29.0,,,9997.5,0.0
0,4700,RAINFOREST_RESIN,9992.0,29.0,,,,,10008,29,,,,,10000.0,0.0
0,4800,RAINFOREST_RESIN,9992.0,35.0,,,,,10008,35,,,,,10000.0,0.0
0,4900,RAINFOREST_RESIN,9992.0,26.0,,,,,10008,26,,,,,10000.0,0.0
0,5000,RAINFOREST_RESIN,10001.0,1.0,9992.0,34.0,,,10008,34,,,,,10004.5,0.0
0,5100,RAINFOREST_RESIN,9997.0,3.0,9992.0,32.0,,,10008,32,,,,,10002.5,0.0
0,5200,RAINFOREST_RESIN,9992.0,30.0,,,,,10008,30,,,,,10000.0,0.0
0,5300,RAINFOREST_RESIN,9992.0,33.0,,,,,10008,33,,,,,10000.0,0.0
0,5400,RAINFOREST_RESIN,9992.0,30.0,,,,,10003,2,10008.0,30.0,,,9997.5,0.0
0,5500,RAINFOREST_RESIN,9992.0,30.0,,,,,10008,30,,,,,10000.0,0.0
0,5600,RAINFOREST_RESIN,9992.0,35.0,,,,,10008,35,,,,,10000.0,0.0
0,5700,RAINFOREST_RESIN,9992.0,26.0,,,,,10008,26,,,,,10000.0,0.0
0,5800,RAINFOREST_RESIN,9992.0,30.0,,,,,10008,30,,,,,10000.0,0.0
0,5900,RAINFOREST_RESIN,9997.0,3.0,9992.0,27.0,,,10008,27,,,,,10002.5,0.0
0,6000,RAINFOREST_RESIN,9992.0,34.0,,,,,10008,34,,,,,10000.0,0.0
0,6100,RAINFOREST_RESIN,9992.0,30.0,,,,,9998,3,10008.0,30.0,,,9995.0,0.0
0,6200,RAINFOREST_RESIN,9992.0,33.0,,,,,10008,33,,,,,10000.0,0.0
0,6300,RAINFOREST_RESIN,9992.0,35.0,,,,,10008,35,,,,,10000.0,0.0
0,6400,RAINFOREST_RESIN,9992.0,34.0,,,,,10008,34,,,,,10000.0,0.0
0,6500,RAINFOREST_RESIN,9992.0,25.0,,,,,10008,25,,,,,10000.0,0.0
0,6600,RAINFOREST_RESIN,9992.0,34.0,,,,,10008,34,,,,,10000.0,0.0
0,6700,RAINFOREST_RESIN,9992.0,33.0,,,,,10008,33,,,,,10000.0,0.0
0,6800,RAINFOREST_RESIN,9992.0,32.0,,,,,10008,32,,,,,10000.0,0.0
0,6900,RAINFOREST_RESIN,9992.0,29.0,,,,,10008,29,,,,,10000.0,0.0
0,7000,RAINFOREST_RESIN,9992.0,27.0,,,,,10008,27,,,,,10000.0,0.0
0,7100,RAINFOREST_RESIN,9992.0,33.0,,,,,10008,33,,,,,10000.0,0.0
0,7200,RAINFOREST_RESIN,9992.0,28.0,,,,,10008,28,,,,,10000.0,0.0
0,7300,RAINFOREST_RESIN,9992.0,34.0,,,,,10008,34,,,,,10000.0,0.0
0,7400,RAINFOREST_RESIN,9992.0,28.0,,,,,10008,28,,,,,10000.0,0.0
0,7500,RAINFOREST_RESIN,9992.0,30.0,,,,,10008,30,,,,,10000.0,0.0
0,7600,RAINFOREST_RESIN,9992.0,25.0,,,,,10008,25,,,,,10000.0,0.0
0,7700,RAINFOREST_RESIN,9992.0,32.0,,,,,9998,2,10008.0,32.0,,,9995.0,0.0
0,7800,RAINFOREST_RESIN,9992.0,31.0,,,,,10003,4,10008.0,31.0,,,9997.5,0.0
0,7900,RAINFOREST_RESIN,9992.0,34.0,,,,,9999,1,10008.0,34.0,,,9995.5,0.0
0,8000,RAINFOREST_RESIN,9992.0,26.0,,,,,10003,7,10008.0,26.0,,,9997.5,0.0
0,8100,RAINFOREST_RESIN,9992.0,30.0,,,,,10008,30,,,,,10000.0,0.0
0,8200,RAINFOREST_RESIN,9992.0,26.0,,,,,10008,26,,,,,10000.0,0.0
0,8300,RAINFOREST_RESIN,10001.0,1.0,9992.0,35.0,,,10008,35,,,,,10004.5,0.0
0,8400,RAINFOREST_RESIN,9992.0,29.0,,,,,10008,29,,,,,10000.0,0.0
0,8500,RAINFOREST_RESIN,9992.0,28.0,,,,,10008,28,,,,,10000.0,0.0
0,8600,RAINFOREST_RESIN,9992.0,31.0,,,,,10008,31,,,,,10000.0,0.0
0,8700,RAINFOREST_RESIN,9992.0,31.0,,,,,10008,31,,,,,10000.0,0.0
0,8800,RAINFOREST_RESIN,9992.0,28.0,,,,,9997,12,10008.0,28.0,,,9994.5,0.0
0,8900,RAINFOREST_RESIN,9992.0,34.0,,,,,10008,34,,,,,10000.0,0.0
0,9000,RAINFOREST_RESIN,9992.0,29.0,,,,,10008,29,,,,,10000.0,0.0
0,9100,RAINFOREST_RESIN,9992.0,32.0,,,,,10008,32,,,,,10000.0,0.0
0,9200,RAINFOREST_RESIN,10002.0,3.0,9992.0,26.0,,,10008,26,,,,,10005.0,0.0
0,9300,RAINFOREST_RESIN,10001.0,1.0,9992.0,34.0,,,10003,7,10008.0,34.0,,,10002.0,0.0
0,9400,RAINFOREST_RESIN,9992.0,28.0,,,,,10008,28,,,,,10000.0,0.0
0,9500,RAINFOREST_RESIN,9992.0,29.0,,,,,10008,29,,,,,10000.0,0.0
0,9600,RAINFOREST_RESIN,9992.0,35.0,,,,,10008,35,,,,,10000.0,0.0
0,9700,RAINFOREST_RESIN,9992.0,27.0,,,,,10008,27,,,,,10000.0,0.0
0,9800,RAINFOREST_RESIN,10001.0,1.0,9992.0,29.0,,,10008,29,,,,,10004.5,0.0
0,9900,RAINFOREST_RESIN,9992.0,32.0,,,,,10008,32,,,,,10000.0,0.0
0,10000,RAINFOREST_RESIN,9997.0,2.0,9992.0,27.0,,,9999,1,10008.0,27.0,,,9998.0,0.0
0,10100,RAINFOREST_RESIN,9992.0,29.0,,,,,10008,29,,,,,10000.0,0.0
0,10200,RAINFOREST_RESIN,9992.0,34.0,,,,,10008,34,,,,,10000.0,0.0
0,10300,RAINFOREST_RESIN,9992.0,30.0,,,,,10008,30,,,,,10000.0,0.0
0,10400,RAINFOREST_RESIN,9992.0,25.0,,,,,10003,6,10008.0,25.0,,,9997.5,0.0
0,10500,RAINFOREST_RESIN,9997.0,7.0,9992.0,26.0,,,10008,26,,,,,10002.5,0.0
0,10600,RAINFOREST_RESIN,9992.0,29.0,,,,,10008,29,,,,,10000.0,0.0
0,10700,RAINFOREST_RESIN,9992.0,34.0,,,,,9998,5,10008.0,34.0,,,9995.0,0.0
0,10800,RAINFOREST_RESIN,9992.0,34.0,,,,,9999,1,10008.0,34.0,,,9995.5,0.0
0,10900,RAINFOREST_RESIN,9992.0,27.0,,,,,10008,27,,,,,10000.0,0.0
0,11000,RAINFOREST_RESIN,9992.0,29.0,,,,,10008,29,,,,,10000.0,0.0
0,11100,RAINFOREST_RESIN,9992.0,32.0,,,,,10008,32,,,,,10000.0,0.0
0,11200,RAINFOREST_RESIN,9997.0,2.0,9992.0,30.0,,,10008,30,,,,,10002.5,0.0
0,11300,RAINFOREST_RESIN,9992.0,31.0,,,,,10003,5,10008.0,31.0,,,9997.5,0.0
0,11400,RAINFOREST_RESIN,9992.0,27.0,,,,,10008,27,,,,,10000.0,0.0
0,11500,RAINFOREST_RESIN,9992.0,35.0,,,,,9998,3,10008.0,35.0,,,9995.0,0.0
0,11600,RAINFOREST_RESIN,9992.0,31.0,,,,,10008,31,,,,,10000.0,0.0
0,11700,RAINFOREST_RESIN,9992.0,33.0,,,,,10008,33,,,,,10000.0,0.0
0,11800,RAINFOREST_RESIN,9992.0,26.0,,,,,10003,6,10008.0,26.0,,,9997.5,0.0
0,11900,RAINFOREST_RESIN,10001.0,1.0,9992.0,29.0,,,10008,29,,,,,10004.5,0.0
0,12000,RAINFOREST_RESIN,9992.0,32.0,,,,,10008,32,,,,,10000.0,0.0
0,12100,RAINFOREST_RESIN,9992.0,28.0,,,,,10008,28,,,,,10000.0,0.0
0,12200,RAINFOREST_RESIN,9992.0,35.0,,,,,10008,35,,,,,10000.0,0.0
0,12300,RAINFOREST_RESIN,9992.0,30.0,,,,,10008,30,,,,,10000.0,0.0
0,12400,RAINFOREST_RESIN,9992.0,26.0,,,,,10003,2,10008.0,26.0,,,9997.5,0.0
0,12500,RAINFOREST_RESIN,9992.0,33.0,,,,,10008,33,,,,,10000.0,0.0
0,12600,RAINFOREST_RESIN,9992.0,33.0,,,,,10008,33,,,,,10000.0,0.0
0,12700,RAINFOREST_RESIN,9992.0,33.0,,,,,10008,33,,,,,10000.0,0.0
0,12800,RAINFOREST_RESIN,9992.0,31.0,,,,,10008,31,,,,,10000.0,0.0
0,12900,RAINFOREST_RESIN,9992.0,25.0,,,,,10008,25,,,,,10000.0,0.0
0,13000,RAINFOREST_RESIN,9992.0,25.0,,,,,10008,25,,,,,10000.0,0.0
0,13100,RAINFOREST_RESIN,9992.0,35.0,,,,,10008,35,,,,,10000.0,0.0
0,13200,RAINFOREST_RESIN,9992.0,34.0,,,,,10008,34,,,,,10000.0,0.0
0,13300,RAINFOREST_RESIN,9992.0,33.0,,,,,10008,33,,,,,10000.0,0.0
0,13400,RAINFOREST_RESIN,9992.0,26.0,,,,,10008,26,,,,,10000.0,0.0
0,13500,RAINFOREST_RESIN,9992.0,25.0,,,,,10003,4,10008.0,25.0,,,9997.5,0.0
0,13600,RAINFOREST_RESIN,9992.0,32.0,,,,,10008,32,,,,,10000.0,0.0
0,13700,RAINFOREST_RESIN,9992.0,35.0,,,,,10008,35,,,,,10000.0,0.0
0,13800,RAINFOREST_RESIN,9992.0,33.0,,,,,10008,33,,,,,10000.0,0.0
0,13900,RAINFOREST_RESIN,9992.0,32.0,,,,,10008,32,,,,,10000.0,0.0
0,14000,RAINFOREST_RESIN,9992.0,33.0,,,,,10008,33,,,,,10000.0,0.0
0,14100,RAINFOREST_RESIN,10002.0,4.0,9992.0,29.0,,,10003,6,10008.0,29.0,,,10002.5,0.0
0,14200,RAINFOREST_RESIN,9992.0,29.0,,,,,10008,29,,,,,10000.0,0.0
0,14300,RAINFOREST_RESIN,9992.0,34.0,,,,,9998,3,10008.0,34.0,,,9995.0,0.0
0,14400,RAINFOREST_RESIN,9992.0,34.0,,,,,10008,34,,,,,10000.0,0.0
0,14500,RAINFOREST_RESIN,9992.0,25.0,,,,,10008,25,,,,,10000.0,0.0
0,14600,RAINFOREST_RESIN,9992.0,29.0,,,,,10008,29,,,,,10000.0,0.0
0,14700,RAINFOREST_RESIN,9992.0,25.0,,,,,9999,1,10008.0,25.0,,,9995.5,0.0
0,14800,RAINFOREST_RESIN,10000.0,5.0,9992.0,32.0,,,10008,32,,,,,10004.0,0.0
0,14900,RAINFOREST_RESIN,10000.0,3.0,9992.0,33.0,,,10008,33,,,,,10004.0,0.0
0,15000,RAINFOREST_RESIN,10001.0,1.0,9992.0,32.0,,,10008,32,,,,,10004.5,0.0
0,15100,RAINFOREST_RESIN,9997.0,5.0,9992.0,33.0,,,10008,33,,,,,10002.5,0.0
0,15200,RAINFOREST_RESIN,9992.0,28.0,,,,,10008,28,,,,,10000.0,0.0
0,15300,RAINFOREST_RESIN,9997.0,3.0,9992.0,28.0,,,10008,28,,,,,10002.5,0.0
0,15400,RAINFOREST_RESIN,9992.0,28.0,,,,,10008,28,,,,,10000.0,0.0
0,15500,RAINFOREST_RESIN,9997.0,5.0,9992.0,26.0,,,10008,26,,,,,10002.5,0.0
0,15600,RAINFOREST_RESIN,9992.0,29.0,,,,,10008,29,,,,,10000.0,0.0
0,15700,RAINFOREST_RESIN,9992.0,27.0,,,,,10008,27,,,,,10000.0,0.0
0,15800,RAINFOREST_RESIN,9992.0,34.0,,,,,10008,34,,,,,10000.0,0.0
0,15900,RAINFOREST_RESIN,10001.0,1.0,9992.0,25.0,,,10008,25,,,,,10004.5,0.0
0,16000,RAINFOREST_RESIN,9992.0,35.0,,,,,10008,35,,,,,10000.0,0.0
0,16100,RAINFOREST_RESIN,9997.0,7.0,9992.0,35.0,,,10008,35,,,,,10002.5,0.0
0,16200,RAINFOREST_RESIN,9992.0,35.0,,,,,10008,35,,,,,10000.0,0.0
0,16300,RAINFOREST_RESIN,9992.0,26.0,,,,,10008,26,,,,,10000.0,0.0
0,16400,RAINFOREST_RESIN,9992.0,35.0,,,,,10008,35,,,,,10000.0,0.0
0,16500,RAINFOREST_RESIN,10002.0,3.0,9997.0,7.0,9992.0,27.0,10008,27,,,,,10005.0,0.0
0,16600,RAINFOREST_RESIN,9992.0,26.0,,,,,10008,26,,,,,10000.0,0.0
0,16700,RAINFOREST_RESIN,9992.0,35.0,,,,,10008,35,,,,,10000.0,0.0
0,16800,RAINFOREST_RESIN,9992.0,35.0,,,,,10008,35,,,,,10000.0,0.0
0,16900,RAINFOREST_RESIN,9992.0,31.0,,,,,10008,31,,,,,10000.0,0.0
0,17000,RAINFOREST_RESIN,9997.0,3.0,9992.0,35.0,,,10008,35,,,,,10002.5,0.0
0,17100,RAINFOREST_RESIN,9992.0,29.0,,,,,10008,29,,,,,10000.0,0.0
0,17200,RAINFOREST_RESIN,9992.0,27.0,,,,,10008,27,,,,,10000.0,0.0
0,17300,RAINFOREST_RESIN,9992.0,28.0,,,,,10008,28,,,,,10000.0,0.0
0,17400,RAINFOREST_RESIN,9997.0,3.0,9992.0,33.0,,,10008,33,,,,,10002.5,0.0
0,17500,RAINFOREST_RESIN,9992.0,30.0,,,,,10008,30,,,,,10000.0,0.0
0,17600,RAINFOREST_RESIN,9992.0,28.0,,,,,10008,28,,,,,10000.0,0.0
0,17700,RAINFOREST_RESIN,9992.0,29.0,,,,,10003,4,10008.0,29.0,,,9997.5,0.0
0,17800,RAINFOREST_RESIN,9992.0,31.0,,,,,10003,8,10008.0,31.0,,,9997.5,0.0
0,17900,RAINFOREST_RESIN,9992.0,26.0,,,,,10008,26,,,,,10000.0,0.0
0,18000,RAINFOREST_RESIN,10002.0,4.0,9992.0,28.0,,,10008,28,,,,,10005.0,0.0
0,18100,RAINFOREST_RESIN,9992.0,33.0,,,,,10008,33,,,,,10000.0,0.0
0,18200,RAINFOREST_RESIN,10002.0,3.0,9992.0,30.0,,,10008,30,,,,,10005.0,0.0
0,18300,RAINFOREST_RESIN,9992.0,32.0,,,,,10008,32,,,,,10000.0,0.0
0,18400,RAINFOREST_RESIN,9992.0,33.0,,,,,9998,3,10008.0,33.0,,,9995.0,0.0
0,18500,RAINFOREST_RESIN,9992.0,28.0,,,,,9999,1,10008.0,28.0,,,9995.5,0.0
0,18600,RAINFOREST_RESIN,9992.0,31.0,,,,,10008,31,,,,,10000.0,0.0
0,18700,RAINFOREST_RESIN,10003.0,9.0,9992.0,29.0,,,10008,29,,,,,10005.5,0.0
0,18800,RAINFOREST_RESIN,9992.0,31.0,,,,,9999,1,10008.0,31.0,,,9995.5,0.0
0,18900,RAINFOREST_RESIN,9992.0,29.0,,,,,10008,29,,,,,10000.0,0.0
0,19000,RAINFOREST_RESIN,9992.0,26.0,,,,,10008,26,,,,,10000.0,0.0
0,19100,RAINFOREST_RESIN,9992.0,27.0,,,,,10008,27,,,,,10000.0,0.0
0,19200,RAINFOREST_RESIN,9992.0,30.0,,,,,10008,30,,,,,10000.0,0.0
0,19300,RAINFOREST_RESIN,9992.0,33.0,,,,,10008,33,,,,,10000.0,0.0
0,19400,RAINFOREST_RESIN,9992.0,28.0,,,,,9999,1,10008.0,28.0,,,9995.5,0.0
0,19500,RAINFOREST_RESIN,9992.0,28.0,,,,,10008,28,,,,,10000.0,0.0
0,19600,RAINFOREST_RESIN,9992.0,32.0,,,,,10008,32,,,,,10000.0,0.0
0,19700,RAINFOREST_RESIN,9992.0,34.0,,,,,10008,34,,,,,10000.0,0.0
0,19800,RAINFOREST_RESIN,9992.0,31.0,,,,,10008,31,,,,,10000.0,0.0
0,19900,RAINFOREST_RESIN,9992.0,33.0,,,,,10008,33,,,,,10000.0,0.0
0,20000,RAINFOREST_RESIN,9992.0,30.0,,,,,10008,30,,,,,10000.0,0.0
0,20100,RAINFOREST_RESIN,9992.0,31.0,,,,,10008,31,,,,,10000.0,0.0
0,20200,RAINFOREST_RESIN,9992.0,34.0,,,,,10008,34,,,,,10000.0,0.0
0,20300,RAINFOREST_RESIN,9992.0,30.0,,,,,10008,30,,,,,10000.0,0.0
0,20400,RAINFOREST_RESIN,9992.0,33.0,,,,,10008,33,,,,,10000.0,0.0
0,20500,RAINFOREST_RESIN,9992.0,32.0,,,,,10008,32,,,,,10000.0,0.0
0,20600,RAINFOREST_RESIN,9992.0,27.0,,,,,10008,27,,,,,10000.0,0.0
0,20700,RAINFOREST_RESIN,9992.0,34.0,,,,,10008,34,,,,,10000.0,0.0
0,20800,RAINFOREST_RESIN,9992.0,31.0,,,,,10008,31,,,,,10000.0,0.0
0,20900,RAINFOREST_RESIN,10002.0,3.0,9992.0,28.0,,,10008,28,,,,,10005.0,0.0
0,21000,RAINFOREST_RESIN,9997.0,2.0,9992.0,32.0,,,10008,32,,,,,10002.5,0.0
0,21100,RAINFOREST_RESIN,9992.0,29.0,,,,,10008,29,,,,,10000.0,0.0
0,21200,RAINFOREST_RESIN,9992.0,35.0,,,,,10008,35,,,,,10000.0,0.0
0,21300,RAINFOREST_RESIN,9992.0,28.0,,,,,10008,28,,,,,10000.0,0.0
0,21400,RAINFOREST_RESIN,9992.0,35.0,,,,,10008,35,,,,,10000.0,0.0
0,21500,RAINFOREST_RESIN,9992.0,33.0,,,,,9998,4,10008.0,33.0,,,9995.0,0.0
0,21600,RAINFOREST_RESIN,9992.0,27.0,,,,,10008,27,,,,,10000.0,0.0
0,21700,RAINFOREST_RESIN,9992.0,29.0,,,,,10008,29,,,,,10000.0,0.0
0,21800,RAINFOREST_RESIN,9992.0,30.0,,,,,10003,3,10008.0,30.0,,,9997.5,0.0
0,21900,RAINFOREST_RESIN,9992.0,33.0,,,,,10008,33,,,,,10000.0,0.0
0,22000,RAINFOREST_RESIN,9997.0,4.0,9992.0,25.0,,,10008,25,,,,,10002.5,0.0
0,22100,RAINFOREST_RESIN,9992.0,26.0,,,,,10008,26,,,,,10000.0,0.0
0,22200,RAINFOREST_RESIN,9992.0,29.0,,,,,10008,29,,,,,10000.0,0.0
0,22300,RAINFOREST_RESIN,9992.0,28.0,,,,,9999,1,10003.0,6.0,10008.0,28.0,9995.5,0.0
0,22400,RAINFOREST_RESIN,9992.0,29.0,,,,,10008,29,,,,,10000.0,0.0
0,22500,RAINFOREST_RESIN,10003.0,3.0,9992.0,30.0,,,10008,30,,,,,10005.5,0.0
0,22600,RAINFOREST_RESIN,9992.0,28.0,,,,,10008,28,,,,,10000.0,0.0
0,22700,RAINFOREST_RESIN,9992.0,33.0,,,,,10008,33,,,,,10000.0,0.0
0,22800,RAINFOREST_RESIN,9997.0,8.0,9992.0,34.0,,,10008,34,,,,,10002.5,0.0
0,22900,RAINFOREST_RESIN,9992.0,26.0,,,,,10008,26,,,,,10000.0,0.0
0,23000,RAINFOREST_RESIN,10001.0,1.0,9992.0,25.0,,,10008,25,,,,,10004.5,0.0
0,23100,RAINFOREST_RESIN,9992.0,26.0,,,,,9998,3,9999.0,1.0,10003.0,8.0,9995.0,0.0
0,23200,RAINFOREST_RESIN,9992.0,31.0,,,,,10008,31,,,,,10000.0,0.0
0,23300,RAINFOREST_RESIN,9997.0,3.0,9992.0,31.0,,,10008,31,,,,,10002.5,0.0
0,23400,RAINFOREST_RESIN,9992.0,33.0,,,,,10008,33,,,,,10000.0,0.0
0,23500,RAINFOREST_RESIN,9992.0,29.0,,,,,10008,29,,,,,10000.0,0.0
0,23600,RAINFOREST_RESIN,9992.0,29.0,,,,,10008,29,,,,,10000.0,0.0
0,23700,RAINFOREST_RESIN,9992.0,25.0,,,,,10008,25,,,,,10000.0,0.0
0,23800,RAINFOREST_RESIN,9992.0,31.0,,,,,10008,31,,,,,10000.0,0.0
0,23900,RAINFOREST_RESIN,9992.0,33.0,,,,,10008,33,,,,,10000.0,0.0
0,24000,RAINFOREST_RESIN,9992.0,33.0,,,,,10008,33,,,,,10000.0,0.0
0,24100,RAINFOREST_RESIN,9992.0,33.0,,,,,10008,33,,,,,10000.0,0.0
0,24200,RAINFOREST_RESIN,9992.0,31.0,,,,,10008,31,,,,,10000.0,0.0
0,24300,RAINFOREST_RESIN,9992.0,27.0,,,,,10000,4,10008.0,27.0,,,9996.0,0.0
0,24400,RAINFOREST_RESIN,9992.0,28.0,,,,,10008,28,,,,,10000.0,0.0
0,24500,RAINFOREST_RESIN,9992.0,27.0,,,,,10008,27,,,,,10000.0,0.0
0,24600,RAINFOREST_RESIN,9992.0,30.0,,,,,10008,30,,,,,10000.0,0.0
0,24700,RAINFOREST_RESIN,9992.0,35.0,,,,,10008,35,,,,,10000.0,0.0
0,24800,RAINFOREST_RESIN,9992.0,27.0,,,,,10008,27,,,,,10000.0,0.0
0,24900,RAINFOREST_RESIN,10000.0,2.0,9992.0,31.0,,,10008,31,,,,,10004.0,0.0
0,25000,RAINFOREST_RESIN,9992.0,28.0,,,,,10008,28,,,,,10000.0,0.0
0,25100,RAINFOREST_RESIN,9992.0,34.0,,,,,10008,34,,,,,10000.0,0.0
0,25200,RAINFOREST_RESIN,9992.0,27.0,,,,,10008,27,,,,,10000.0,0.0
0,25300,RAINFOREST_RESIN,9992.0,30.0,,,,,10008,30,,,,,10000.0,0.0
0,25400,RAINFOREST_RESIN,9992.0,33.0,,,,,10008,33,,,,,10000.0,0.0
0,25500,RAINFOREST_RESIN,10001.0,1.0,9992.0,25.0,,,10008,25,,,,,10004.5,0.0
0,25600,RAINFOREST_RESIN,9992.0,31.0,,,,,10008,31,,,,,10000.0,0.0
0,25700,RAINFOREST_RESIN,9992.0,33.0,,,,,10008,33,,,,,10000.0,0.0
0,25800,RAINFOREST_RESIN,9992.0,34.0,,,,,10008,34,,,,,10000.0,0.0
0,25900,RAINFOREST_RESIN,10001.0,1.0,9992.0,28.0,,,10008,28,,,,,10004.5,0.0
0,26000,RAINFOREST_RESIN,9992.0,30.0,,,,,10008,30,,,,,10000.0,0.0
0,26100,RAINFOREST_RESIN,9992.0,35.0,,,,,10008,35,,,,,10000.0,0.0
0,26200,RAINFOREST_RESIN,9992.0,32.0,,,,,10008,32,,,,,10000.0,0.0
0,26300,RAINFOREST_RESIN,9992.0,34.0,,,,,10008,34,,,,,10000.0,0.0
0,26400,RAINFOREST_RESIN,9992.0,27.0,,,,,10003,5,10008.0,27.0,,,9997.5,0.0
0,26500,RAINFOREST_RESIN,9992.0,35.0,,,,,10008,35,,,,,10000.0,0.0
0,26600,RAINFOREST_RESIN,9992.0,25.0,,,,,10008,25,,,,,10000.0,0.0
0,26700,RAINFOREST_RESIN,9992.0,30.0,,,,,10003,6,10008.0,30.0,,,9997.5,0.0
0,26800,RAINFOREST_RESIN,9997.0,4.0,9992.0,30.0,,,10008,30,,,,,10002.5,0.0
0,26900,RAINFOREST_RESIN,9992.0,25.0,,,,,10008,25,,,,,10000.0,0.0
0,27000,RAINFOREST_RESIN,9992.0,31.0,,,,,10008,31,,,,,10000.0,0.0
0,27100,RAINFOREST_RESIN,9992.0,29.0,,,,,10008,29,,,,,10000.0,0.0
0,27200,RAINFOREST_RESIN,10002.0,5.0,9992.0,29.0,,,10008,29,,,,,10005.0,0.0
0,27300,RAINFOREST_RESIN,9992.0,32.0,,,,,10008,32,,,,,10000.0,0.0
0,27400,RAINFOREST_RESIN,9992.0,28.0,,,,,10008,28,,,,,10000.0,0.0
0,27500,RAINFOREST_RESIN,9992.0,29.0,,,,,10008,29,,,,,10000.0,0.0
0,27600,RAINFOREST_RESIN,9992.0,28.0,,,,,10008,28,,,,,10000.0,0.0
0,27700,RAINFOREST_RESIN,9992.0,26.0,,,,,10008,26,,,,,10000.0,0.0
0,27800,RAINFOREST_RESIN,9992.0,26.0,,,,,10008,26,,,,,10000.0,0.0
0,27900,RAINFOREST_RESIN,9992.0,29.0,,,,,10008,29,,,,,10000.0,0.0
0,28000,RAINFOREST_RESIN,9992.0,35.0,,,,,10003,3,10008.0,35.0,,,9997.5,0.0
0,28100,RAINFOREST_RESIN,9992.0,28.0,,,,,10008,28,,,,,10000.0,0.0
0,28200,RAINFOREST_RESIN,9992.0,29.0,,,,,10008,29,,,,,10000.0,0.0
0,28300,RAINFOREST_RESIN,9992.0,30.0,,,,,10008,30,,,,,10000.0,0.0
0,28400,RAINFOREST_RESIN,9992.0,34.0,,,,,10008,34,,,,,10000.0,0.0
0,28500,RAINFOREST_RESIN,9992.0,29.0,,,,,10008,29,,,,,10000.0,0.0
0,28600,RAINFOREST_RESIN,10000.0,5.0,9992.0,30.0,,,10008,30,,,,,10004.0,0.0
0,28700,RAINFOREST_RESIN,9992.0,26.0,,,,,10008,26,,,,,10000.0,0.0
0,28800,RAINFOREST_RESIN,10001.0,1.0,9992.0,29.0,,,10008,29,,,,,10004.5,0.0
0,28900,RAINFOREST_RESIN,9992.0,28.0,,,,,10008,28,,,,,10000.0,0.0
0,29000,RAINFOREST_RESIN,9992.0,29.0,,,,,10008,29,,,,,10000.0,0.0
0,29100,RAINFOREST_RESIN,9992.0,29.0,,,,,10008,29,,,,,10000.0,0.0
0,29200,RAINFOREST_RESIN,9992.0,31.0,,,,,9999,1,10008.0,31.0,,,9995.5,0.0
0,29300,RAINFOREST_RESIN,9992.0,31.0,,,,,10008,31,,,,,10000.0,0.0
0,29400,RAINFOREST_RESIN,9992.0,34.0,,,,,10008,34,,,,,10000.0,0.0
0,29500,RAINFOREST_RESIN,9992.0,34.0,,,,,10003,7,10008.0,34.0,,,9997.5,0.0
0,29600,RAINFOREST_RESIN,9992.0,28.0,,,,,10003,5,10008.0,28.0,,,9997.5,0.0
0,29700,RAINFOREST_RESIN,9992.0,26.0,,,,,10008,26,,,,,10000.0,0.0
0,29800,RAINFOREST_RESIN,9992.0,31.0,,,,,10008,31,,,,,10000.0,0.0
0,29900,RAINFOREST_RESIN,9992.0,29.0,,,,,9999,1,10008.0,29.0,,,9995.5,0.0
0,30000,RAINFOREST_RESIN,9992.0,30.0,,,,,10008,30,,,,,10000.0,0.0
0,30100,RAINFOREST_RESIN,9992.0,30.0,,,,,10003,8,10008.0,30.0,,,9997.5,0.0
0,30200,RAINFOREST_RESIN,9992.0,27.0,,,,,10008,27,,,,,10000.0,0.0
0,30300,RAINFOREST_RESIN,9992.0,33.0,,,,,10008,33,,,,,10000.0,0.0
0,30400,RAINFOREST_RESIN,9992.0,27.0,,,,,10008,27,,,,,10000.0,0.0
0,30500,RAINFOREST_RESIN,9992.0,25.0,,,,,10008,25,,,,,10000.0,0.0
0,30600,RAINFOREST_RESIN,9992.0,26.0,,,,,10008,26,,,,,10000.0,0.0
0,30700,RAINFOREST_RESIN,9992.0,29.0,,,,,10008,29,,,,,10000.0,0.0
0,30800,RAINFOREST_RESIN,9992.0,25.0,,,,,10008,25,,,,,10000.0,0.0
0,30900,RAINFOREST_RESIN,9992.0,33.0,,,,,10008,33,,,,,10000.0,0.0
0,31000,RAINFOREST_RESIN,10002.0,4.0,9992.0,31.0,,,10008,31,,,,,10005.0,0.0
0,31100,RAINFOREST_RESIN,9992.0,34.0,,,,,10008,34,,,,,10000.0,0.0
0,31200,RAINFOREST_RESIN,9992.0,27.0,,,,,10008,27,,,,,10000.0,0.0
0,31300,RAINFOREST_RESIN,9992.0,35.0,,,,,10008,35,,,,,10000.0,0.0
0,31400,RAINFOREST_RESIN,9992.0,30.0,,,,,10008,30,,,,,10000.0,0.0
0,31500,RAINFOREST_RESIN,10001.0,1.0,9992.0,32.0,,,10008,32,,,,,10004.5,0.0
0,31600,RAINFOREST_RESIN,9992.0,25.0,,,,,10008,25,,,,,10000.0,0.0
0,31700,RAINFOREST_RESIN,9992.0,31.0,,,,,10008,31,,,,,10000.0,0.0
0,31800,RAINFOREST_RESIN,9992.0,34.0,,,,,10008,34,,,,,10000.0,0.0
0,31900,RAINFOREST_RESIN,9992.0,26.0,,,,,10008,26,,,,,10000.0,0.0
0,32000,RAINFOREST_RESIN,9992.0,34.0,,,,,10008,34,,,,,10000.0,0.0
0,32100,RAINFOREST_RESIN,9992.0,32.0,,,,,10008,32,,,,,10000.0,0.0
0,32200,RAINFOREST_RESIN,9992.0,31.0,,,,,10008,31,,,,,10000.0,0.0
0,32300,RAINFOREST_RESIN,9992.0,30.0,,,,,10008,30,,,,,10000.0,0.0
0,32400,RAINFOREST_RESIN,9992.0,33.0,,,,,10008,33,,,,,10000.0,0.0
0,32500,RAINFOREST_RESIN,9992.0,34.0,,,,,10008,34,,,,,10000.0,0.0
0,32600,RAINFOREST_RESIN,9992.0,34.0,,,,,10008,34,,,,,10000.0,0.0
0,32700,RAINFOREST_RESIN,9992.0,33.0,,,,,9998,5,10008.0,33.0,,,9995.0,0.0
0,32800,RAINFOREST_RESIN,9992.0,25.0,,,,,10008,25,,,,,10000.0,0.0
0,32900,RAINFOREST_RESIN,9992.0,30.0,,,,,10008,30,,,,,10000.0,0.0
0,33000,RAINFOREST_RESIN,10002.0,4.0,9992.0,26.0,,,10008,26,,,,,10005.0,0.0
0,33100,RAINFOREST_RESIN,9992.0,35.0,,,,,10008,35,,,,,10000.0,0.0
0,33200,RAINFOREST_RESIN,9997.0,2.0,9992.0,34.0,,,10008,34,,,,,10002.5,0.0
0,33300,RAINFOREST_RESIN,9992.0,25.0,,,,,10003,2,10008.0,25.0,,,9997.5,0.0
0,33400,RAINFOREST_RESIN,9992.0,33.0,,,,,10008,33,,,,,10000.0,0.0
0,33500,RAINFOREST_RESIN,10002.0,5.0,9992.0,29.0,,,10008,29,,,,,10005.0,0.0
0,33600,RAINFOREST_RESIN,9992.0,32.0,,,,,10008,32,,,,,10000.0,0.0
0,33700,RAINFOREST_RESIN,9992.0,29.0,,,,,10008,29,,,,,10000.0,0.0
0,33800,RAINFOREST_RESIN,9992.0,35.0,,,,,9998,4,9999.0,1.0,10008.0,35.0,9995.0,0.0
0,33900,RAINFOREST_RESIN,9992.0,31.0,,,,,10003,6,10008.0,31.0,,,9997.5,0.0
0,34000,RAINFOREST_RESIN,9992.0,25.0,,,,,10008,25,,,,,10000.0,0.0
0,34100,RAINFOREST_RESIN,9992.0,28.0,,,,,9998,5,10008.0,28.0,,,9995.0,0.0
0,34200,RAINFOREST_RESIN,9992.0,34.0,,,,,10008,34,,,,,10000.0,0.0
0,34300,RAINFOREST_RESIN,9992.0,34.0,,,,,10008,34,,,,,10000.0,0.0
0,34400,RAINFOREST_RESIN,9992.0,31.0,,,,,10008,31,,,,,10000.0,0.0
0,34500,RAINFOREST_RESIN,10001.0,1.0,9992.0,25.0,,,10008,25,,,,,10004.5,0.0
0,34600,RAINFOREST_RESIN,9992.0,25.0,,,,,10008,25,,,,,10000.0,0.0
0,34700,RAINFOREST_RESIN,9992.0,29.0,,,,,10008,29,,,,,10000.0,0.0
0,34800,RAINFOREST_RESIN,9992.0,29.0,,,,,10008,29,,,,,10000.0,0.0
0,34900,RAINFOREST_RESIN,10002.0,3.0,9992.0,29.0,,,10008,29,,,,,10005.0,0.0
0,35000,RAINFOREST_RESIN,9992.0,25.0,,,,,10000,5,10008.0,25.0,,,9996.0,0.0
0,35100,RAINFOREST_RESIN,9992.0,31.0,,,,,9999,1,10008.0,31.0,,,9995.5,0.0
0,35200,RAINFOREST_RESIN,9992.0,31.0,,,,,10008,31,,,,,10000.0,0.0
0,35300,RAINFOREST_RESIN,10002.0,3.0,9992.0,35.0,,,10008,35,,,,,10005.0,0.0
0,35400,RAINFOREST_RESIN,9992.0,33.0,,,,,10008,33,,,,,10000.0,0.0
0,35500,RAINFOREST_RESIN,9992.0,32.0,,,,,10008,32,,,,,10000.0,0.0
0,35600,RAINFOREST_RESIN,9992.0,32.0,,,,,10008,32,,,,,10000.0,0.0
0,35700,RAINFOREST_RESIN,9992.0,34.0,,,,,10008,34,,,,,10000.0,0.0
0,35800,RAINFOREST_RESIN,9992.0,30.0,,,,,10008,30,,,,,10000.0,0.0
0,35900,RAINFOREST_RESIN,9992.0,35.0,,,,,10008,35,,,,,10000.0,0.0
0,36000,RAINFOREST_RESIN,9992.0,35.0,,,,,10003,2,10008.0,35.0,,,9997.5,0.0
0,36100,RAINFOREST_RESIN,9992.0,26.0,,,,,10008,26,,,,,10000.0,0.0
0,36200,RAINFOREST_RESIN,9992.0,26.0,,,,,9999,1,10008.0,26.0,,,9995.5,0.0
0,36300,RAINFOREST_RESIN,9992.0,25.0,,,,,10008,25,,,,,10000.0,0.0
0,36400,RAINFOREST_RESIN,9992.0,34.0,,,,,10008,34,,,,,10000.0,0.0
0,36500,RAINFOREST_RESIN,9992.0,31.0,,,,,10008,31,,,,,10000.0,0.0
0,36600,RAINFOREST_RESIN,9992.0,27.0,,,,,10008,27,,,,,10000.0,0.0
0,36700,RAINFOREST_RESIN,9992.0,35.0,,,,,10003,7,10008.0,35.0,,,9997.5,0.0
0,36800,RAINFOREST_RESIN,9992.0,30.0,,,,,10008,30,,,,,10000.0,0.0
0,36900,RAINFOREST_RESIN,9992.0,28.0,,,,,10008,28,,,,,10000.0,0.0
0,37000,RAINFOREST_RESIN,9997.0,3.0,9992.0,35.0,,,10008,35,,,,,10002.5,0.0
0,37100,RAINFOREST_RESIN,9992.0,32.0,,,,,10008,32,,,,,10000.0,0.0
0,37200,RAINFOREST_RESIN,9992.0,29.0,,,,,10003,2,10008.0,29.0,,,9997.5,0.0
0,37300,RAINFOREST_RESIN,10003.0,5.0,9992.0,29.0,,,10008,29,,,,,10005.5,0.0
0,37400,RAINFOREST_RESIN,9992.0,28.0,,,,,10008,28,,,,,10000.0,0.0
0,37500,RAINFOREST_RESIN,9992.0,28.0,,,,,10008,28,,,,,10000.0,0.0
0,37600,RAINFOREST_RESIN,9992.0,31.0,,,,,10003,7,10008.0,31.0,,,9997.5,0.0
0,37700,RAINFOREST_RESIN,9992.0,27.0,,,,,10008,27,,,,,10000.0,0.0
0,37800,RAINFOREST_RESIN,9992.0,30.0,,,,,10008,30,,,,,10000.0,0.0
0,37900,RAINFOREST_RESIN,9997.0,4.0,9992.0,25.0,,,10008,25,,,,,10002.5,0.0
0,38000,RAINFOREST_RESIN,9992.0,28.0,,,,,10008,28,,,,,10000.0,0.0
0,38100,RAINFOREST_RESIN,9992.0,25.0,,,,,10008,25,,,,,10000.0,0.0
0,38200,RAINFOREST_RESIN,9992.0,29.0,,,,,9997,7,10008.0,29.0,,,9994.5,0.0
0,38300,RAINFOREST_RESIN,9992.0,32.0,,,,,10008,32,,,,,10000.0,0.0
0,38400,RAINFOREST_RESIN,9992.0,32.0,,,,,9998,4,10008.0,32.0,,,9995.0,0.0
0,38500,RAINFOREST_RESIN,9992.0,29.0,,,,,10008,29,,,,,10000.0,0.0
0,38600,RAINFOREST_RESIN,9992.0,35.0,,,,,10003,3,10008.0,35.0,,,9997.5,0.0
0,38700,RAINFOREST_RESIN,9992.0,29.0,,,,,10003,5,10008.0,29.0,,,9997.5,0.0
0,38800,RAINFOREST_RESIN,9992.0,30.0,,,,,9999,1,10008.0,30.0,,,9995.5,0.0
0,38900,RAINFOREST_RESIN,9992.0,27.0,,,,,10008,27,,,,,10000.0,0.0
0,39000,RAINFOREST_RESIN,9992.0,32.0,,,,,10008,32,,,,,10000.0,0.0
0,39100,RAINFOREST_RESIN,9992.0,25.0,,,,,10008,25,,,,,10000.0,0.0
0,39200,RAINFOREST_RESIN,9992.0,35.0,,,,,10008,35,,,,,10000.0,0.0
0,39300,RAINFOREST_RESIN,9992.0,25.0,,,,,10008,25,,,,,10000.0,0.0
0,39400,RAINFOREST_RESIN,9992.0,25.0,,,,,10008,25,,,,,10000.0,0.0
0,39500,RAINFOREST_RESIN,9992.0,30.0,,,,,10008,30,,,,,10000.0,0.0
0,39600,RAINFOREST_RESIN,9992.0,35.0,,,,,10000,5,10008.0,35.0,,,9996.0,0.0
0,39700,RAINFOREST_RESIN,10001.0,1.0,9992.0,28.0,,,10008,28,,,,,10004.5,0.0
0,39800,RAINFOREST_RESIN,9992.0,27.0,,,,,10008,27,,,,,10000.0,0.0
0,39900,RAINFOREST_RESIN,9992.0,34.0,,,,,10008,34,,,,,10000.0,0.0
0,40000,RAINFOREST_RESIN,9997.0,2.0,9992.0,28.0,,,10008,28,,,,,10002.5,0.0
0,40100,RAINFOREST_RESIN,9992.0,27.0,,,,,9999,1,10008.0,27.0,,,9995.5,0.0
0,40200,RAINFOREST_RESIN,9992.0,31.0,,,,,9999,1,10008.0,31.0,,,9995.5,0.0
0,40300,RAINFOREST_RESIN,9992.0,28.0,,,,,10008,28,,,,,10000.0,0.0
0,40400,RAINFOREST_RESIN,9992.0,27.0,,,,,10008,27,,,,,10000.0,0.0
0,40500,RAINFOREST_RESIN,10001.0,1.0,9992.0,26.0,,,10008,26,,,,,10004.5,0.0
0,40600,RAINFOREST_RESIN,9992.0,34.0,,,,,9997,7,10008.0,34.0,,,9994.5,0.0
0,40700,RAINFOREST_RESIN,9992.0,31.0,,,,,10008,31,,,,,10000.0,0.0
0,40800,RAINFOREST_RESIN,9992.0,35.0,,,,,10008,35,,,,,10000.0,0.0
0,40900,RAINFOREST_RESIN,9992.0,34.0,,,,,10008,34,,,,,10000.0,0.0
0,41000,RAINFOREST_RESIN,9997.0,7.0,9992.0,27.0,,,10008,27,,,,,10002.5,0.0
0,41100,RAINFOREST_RESIN,9992.0,31.0,,,,,10008,31,,,,,10000.0,0.0
0,41200,RAINFOREST_RESIN,9992.0,25.0,,,,,9997,8,9999.0,1.0,10000.0,3.0,9994.5,0.0
0,41300,RAINFOREST_RESIN,9992.0,32.0,,,,,10008,32,,,,,10000.0,0.0
0,41400,RAINFOREST_RESIN,9992.0,31.0,,,,,10008,31,,,,,10000.0,0.0
0,41500,RAINFOREST_RESIN,9997.0,2.0,9992.0,34.0,,,10008,34,,,,,10002.5,0.0
0,41600,RAINFOREST_RESIN,9992.0,35.0,,,,,10008,35,,,,,10000.0,0.0
0,41700,RAINFOREST_RESIN,9992.0,26.0,,,,,10008,26,,,,,10000.0,0.0
0,41800,RAINFOREST_RESIN,10000.0,4.0,9992.0,33.0,,,10008,33,,,,,10004.0,0.0
0,41900,RAINFOREST_RESIN,9992.0,31.0,,,,,10008,31,,,,,10000.0,0.0
0,42000,RAINFOREST_RESIN,9992.0,34.0,,,,,10008,34,,,,,10000.0,0.0
0,42100,RAINFOREST_RESIN,9992.0,31.0,,,,,10008,31,,,,,10000.0,0.0
0,42200,RAINFOREST_RESIN,9992.0,32.0,,,,,10008,32,,,,,10000.0,0.0
0,42300,RAINFOREST_RESIN,9992.0,35.0,,,,,10008,35,,,,,10000.0,0.0
0,42400,RAINFOREST_RESIN,9992.0,29.0,,,,,10008,29,,,,,10000.0,0.0
0,42500,RAINFOREST_RESIN,9992.0,25.0,,,,,10008,25,,,,,10000.0,0.0
0,42600,RAINFOREST_RESIN,9992.0,29.0,,,,,10008,29,,,,,10000.0,0.0
0,42700,RAINFOREST_RESIN,9992.0,34.0,,,,,10008,34,,,,,10000.0,0.0
0,42800,RAINFOREST_RESIN,9992.0,27.0,,,,,10008,27,,,,,10000.0,0.0
0,42900,RAINFOREST_RESIN,9992.0,26.0,,,,,10008,26,,,,,10000.0,0.0
0,43000,RAINFOREST_RESIN,10003.0,7.0,9992.0,31.0,,,10008,31,,,,,10005.5,0.0
0,43100,RAINFOREST_RESIN,9992.0,29.0,,,,,10008,29,,,,,10000.0,0.0
0,43200,RAINFOREST_RESIN,9992.0,29.0,,,,,10008,29,,,,,10000.0,0.0
0,43300,RAINFOREST_RESIN,10001.0,1.0,9992.0,33.0,,,10008,33,,,,,10004.5,0.0
0,43400,RAINFOREST_RESIN,9992.0,29.0,,,,,10008,29,,,,,10000.0,0.0
0,43500,RAINFOREST_RESIN,9992.0,28.0,,,,,10008,28,,,,,10000.0,0.0
0,43600,RAINFOREST_RESIN,9992.0,29.0,,,,,10008,29,,,,,10000.0,0.0
0,43700,RAINFOREST_RESIN,9992.0,32.0,,,,,10008,32,,,,,10000.0,0.0
0,43800,RAINFOREST_RESIN,10000.0,3.0,9992.0,32.0,,,10008,32,,,,,10004.0,0.0
0,43900,RAINFOREST_RESIN,10002.0,5.0,9997.0,7.0,9992.0,28.0,10008,28,,,,,10005.0,0.0
0,44000,RAINFOREST_RESIN,9992.0,28.0,,,,,9999,1,10008.0,28.0,,,9995.5,0.0
0,44100,RAINFOREST_RESIN,9992.0,32.0,,,,,10000,2,10008.0,32.0,,,9996.0,0.0
0,44200,RAINFOREST_RESIN,9992.0,29.0,,,,,10003,3,10008.0,29.0,,,9997.5,0.0
0,44300,RAINFOREST_RESIN,9992.0,26.0,,,,,10008,26,,,,,10000.0,0.0
0,44400,RAINFOREST_RESIN,9992.0,32.0,,,,,10008,32,,,,,10000.0,0.0
0,44500,RAINFOREST_RESIN,9992.0,31.0,,,,,9999,1,10000.0,2.0,10008.0,31.0,9995.5,0.0
0,44600,RAINFOREST_RESIN,9992.0,33.0,,,,,10008,33,,,,,10000.0,0.0
0,44700,RAINFOREST_RESIN,9992.0,28.0,,,,,10008,28,,,,,10000.0,0.0
0,44800,RAINFOREST_RESIN,9992.0,33.0,,,,,9998,4,10003.0,6.0,10008.0,33.0,9995.0,0.0
0,44900,RAINFOREST_RESIN,9992.0,27.0,,,,,10008,27,,,,,10000.0,0.0
0,45000,RAINFOREST_RESIN,9992.0,26.0,,,,,10008,26,,,,,10000.0,0.0
0,45100,RAINFOREST_RESIN,9992.0,32.0,,,,,10008,32,,,,,10000.0,0.0
0,45200,RAINFOREST_RESIN,9992.0,28.0,,,,,10008,28,,,,,10000.0,0.0
0,45300,RAINFOREST_RESIN,9992.0,28.0,,,,,10008,28,,,,,10000.0,0.0
0,45400,RAINFOREST_RESIN,9992.0,34.0,,,,,10008,34,,,,,10000.0,0.0
0,45500,RAINFOREST_RESIN,9992.0,31.0,,,,,10008,31,,,,,10000.0,0.0
0,45600,RAINFOREST_RESIN,9992.0,30.0,,,,,10008,30,,,,,10000.0,0.0
0,45700,RAINFOREST_RESIN,10001.0,1.0,9992.0,34.0,,,10008,34,,,,,10004.5,0.0
0,45800,RAINFOREST_RESIN,9992.0,33.0,,,,,10008,33,,,,,10000.0,0.0
0,45900,RAINFOREST_RESIN,9992.0,32.0,,,,,10008,32,,,,,10000.0,0.0
0,46000,RAINFOREST_RESIN,9992.0,34.0,,,,,10008,34,,,,,10000.0,0.0
0,46100,RAINFOREST_RESIN,9992.0,29.0,,,,,10008,29,,,,,10000.0,0.0
0,46200,RAINFOREST_RESIN,9992.0,27.0,,,,,10008,27,,,,,10000.0,0.0
0,46300,RAINFOREST_RESIN,9992.0,31.0,,,,,10008,31,,,,,10000.0,0.0
0,46400,RAINFOREST_RESIN,9992.0,34.0,,,,,10008,34,,,,,10000.0,0.0
0,46500,RAINFOREST_RESIN,9992.0,30.0,,,,,10008,30,,,,,10000.0,0.0
0,46600,RAINFOREST_RESIN,9992.0,25.0,,,,,9999,1,10008.0,25.0,,,9995.5,0.0
0,46700,RAINFOREST_RESIN,9992.0,27.0,,,,,10008,27,,,,,10000.0,0.0
0,46800,RAINFOREST_RESIN,9992.0,35.0,,,,,10008,35,,,,,10000.0,0.0
0,46900,RAINFOREST_RESIN,9992.0,26.0,,,,,10008,26,,,,,10000.0,0.0
0,47000,RAINFOREST_RESIN,9992.0,32.0,,,,,10008,32,,,,,10000.0,0.0
0,47100,RAINFOREST_RESIN,10002.0,3.0,9992.0,26.0,,,10008,26,,,,,10005.0,0.0
0,47200,RAINFOREST_RESIN,9992.0,35.0,,,,,10008,35,,,,,10000.0,0.0
0,47300,RAINFOREST_RESIN,9992.0,30.0,,,,,10008,30,,,,,10000.0,0.0
0,47400,RAINFOREST_RESIN,9992.0,35.0,,,,,10008,35,,,,,10000.0,0.0
0,47500,RAINFOREST_RESIN,9997.0,8.0,9992.0,26.0,,,10008,26,,,,,10002.5,0.0
0,47600,RAINFOREST_RESIN,9992.0,32.0,,,,,10008,32,,,,,10000.0,0.0
0,47700,RAINFOREST_RESIN,10002.0,3.0,9992.0,28.0,,,10008,28,,,,,10005.0,0.0
0,47800,RAINFOREST_RESIN,9992.0,34.0,,,,,10008,34,,,,,10000.0,0.0
0,47900,RAINFOREST_RESIN,9992.0,30.0,,,,,10008,30,,,,,10000.0,0.0
0,48000,RAINFOREST_RESIN,9992.0,33.0,,,,,10008,33,,,,,10000.0,0.0
0,48100,RAINFOREST_RESIN,9992.0,29.0,,,,,10008,29,,,,,10000.0,0.0
0,48200,RAINFOREST_RESIN,9992.0,30.0,,,,,10003,8,10008.0,30.0,,,9997.5,0.0
0,48300,RAINFOREST_RESIN,9997.0,3.0,9992.0,33.0,,,10008,33,,,,,10002.5,0.0
0,48400,RAINFOREST_RESIN,9992.0,27.0,,,,,9999,1,10008.0,27.0,,,9995.5,0.0
0,48500,RAINFOREST_RESIN,9992.0,33.0,,,,,9998,3,10003.0,3.0,10008.0,33.0,9995.0,0.0
0,48600,RAINFOREST_RESIN,9992.0,31.0,,,,,10008,31,,,,,10000.0,0.0
0,48700,RAINFOREST_RESIN,10002.0,5.0,9992.0,27.0,,,10008,27,,,,,10005.0,0.0
0,48800,RAINFOREST_RESIN,10000.0,2.0,9992.0,32.0,,,10008,32,,,,,10004.0,0.0
0,48900,RAINFOREST_RESIN,9992.0,25.0,,,,,10008,25,,,,,10000.0,0.0
0,49000,RAINFOREST_RESIN,9992.0,30.0,,,,,9998,5,10008.0,30.0,,,9995.0,0.0
0,49100,RAINFOREST_RESIN,9992.0,35.0,,,,,10008,35,,,,,10000.0,0.0
0,49200,RAINFOREST_RESIN,9992.0,35.0,,,,,10008,35,,,,,10000.0,0.0
0,49300,RAINFOREST_RESIN,9992.0,33.0,,,,,10008,33,,,,,10000.0,0.0
0,49400,RAINFOREST_RESIN,9992.0,26.0,,,,,10008,26,,,,,10000.0,0.0
0,49500,RAINFOREST_RESIN,9992.0,33.0,,,,,10008,33,,,,,10000.0,0.0
0,49600,RAINFOREST_RESIN,9992.0,34.0,,,,,10008,34,,,,,10000.0,0.0
0,49700,RAINFOREST_RESIN,9992.0,33.0,,,,,10008,33,,,,,10000.0,0.0
0,49800,RAINFOREST_RESIN,9997.0,8.0,9992.0,31.0,,,10008,31,,,,,10002.5,0.0
0,49900,RAINFOREST_RESIN,9992.0,26.0,,,,,9998,3,10008.0,26.0,,,9995.0,0.0
0,50000,RAINFOREST_RESIN,9992.0,35.0,,,,,9999,1,10008.0,35.0,,,9995.5,0.0
0,50100,RAINFOREST_RESIN,9992.0,30.0,,,,,10008,30,,,,,10000.0,0.0
0,50200,RAINFOREST_RESIN,10001.0,1.0,9992.0,33.0,,,10008,33,,,,,10004.5,0.0
0,50300,RAINFOREST_RESIN,9992.0,30.0,,,,,10008,30,,,,,10000.0,0.0
0,50400,RAINFOREST_RESIN,9992.0,33.0,,,,,10008,33,,,,,10000.0,0.0
0,50500,RAINFOREST_RESIN,9992.0,34.0,,,,,10008,34,,,,,10000.0,0.0
0,50600,RAINFOREST_RESIN,9992.0,26.0,,,,,10008,26,,,,,10000.0,0.0
0,50700,RAINFOREST_RESIN,9992.0,34.0,,,,,10008,34,,,,,10000.0,0.0
0,50800,RAINFOREST_RESIN,9997.0,8.0,9992.0,26.0,,,10008,26,,,,,10002.5,0.0
0,50900,RAINFOREST_RESIN,9992.0,35.0,,,,,10008,35,,,,,10000.0,0.0
0,51000,RAINFOREST_RESIN,9992.0,32.0,,,,,10008,32,,,,,10000.0,0.0
0,51100,RAINFOREST_RESIN,9992.0,31.0,,,,,10008,31,,,,,10000.0,0.0
0,51200,RAINFOREST_RESIN,9992.0,31.0,,,,,9998,5,10008.0,31.0,,,9995.0,0.0
0,51300,RAINFOREST_RESIN,9992.0,30.0,,,,,10008,30,,,,,10000.0,0.0
0,51400,RAINFOREST_RESIN,9992.0,29.0,,,,,10008,29,,,,,10000.0,0.0
0,51500,RAINFOREST_RESIN,9992.0,34.0,,,,,10008,34,,,,,10000.0,0.0
0,51600,RAINFOREST_RESIN,9992.0,34.0,,,,,10008,34,,,,,10000.0,0.0
0,51700,RAINFOREST_RESIN,9992.0,27.0,,,,,9999,1,10008.0,27.0,,,9995.5,0.0
0,51800,RAINFOREST_RESIN,9992.0,33.0,,,,,10008,33,,,,,10000.0,0.0
0,51900,RAINFOREST_RESIN,9992.0,28.0,,,,,10008,28,,,,,10000.0,0.0
0,52000,RAINFOREST_RESIN,9992.0,31.0,,,,,10008,31,,,,,10000.0,0.0
0,52100,RAINFOREST_RESIN,9992.0,28.0,,,,,10003,6,10008.0,28.0,,,9997.5,0.0
0,52200,RAINFOREST_RESIN,9992.0,33.0,,,,,10008,33,,,,,10000.0,0.0
0,52300,RAINFOREST_RESIN,9992.0,28.0,,,,,10008,28,,,,,10000.0,0.0
0,52400,RAINFOREST_RESIN,9992.0,25.0,,,,,9998,5,10008.0,25.0,,,9995.0,0.0
0,52500,RAINFOREST_RESIN,10001.0,1.0,9992.0,28.0,,,10008,28,,,,,10004.5,0.0
0,52600,RAINFOREST_RESIN,9992.0,28.0,,,,,10008,28,,,,,10000.0,0.0
0,52700,RAINFOREST_RESIN,9992.0,28.0,,,,,10008,28,,,,,10000.0,0.0
0,52800,RAINFOREST_RESIN,9992.0,34.0,,,,,10008,34,,,,,10000.0,0.0
0,52900,RAINFOREST_RESIN,9992.0,33.0,,,,,10008,33,,,,,10000.0,0.0
0,53000,RAINFOREST_RESIN,9992.0,34.0,,,,,10008,34,,,,,10000.0,0.0
0,53100,RAINFOREST_RESIN,9997.0,3.0,9992.0,25.0,,,10008,25,,,,,10002.5,0.0
0,53200,RAINFOREST_RESIN,9992.0,32.0,,,,,10008,32,,,,,10000.0,0.0
0,53300,RAINFOREST_RESIN,10001.0,1.0,10000.0,2.0,9992.0,35.0,10008,35,,,,,10004.5,0.0
0,53400,RAINFOREST_RESIN,9997.0,5.0,9992.0,30.0,,,10008,30,,,,,10002.5,0.0
0,53500,RAINFOREST_RESIN,9992.0,29.0,,,,,10008,29,,,,,10000.0,0.0
0,53600,RAINFOREST_RESIN,9992.0,32.0,,,,,10008,32,,,,,10000.0,0.0
0,53700,RAINFOREST_RESIN,9992.0,33.0,,,,,10008,33,,,,,10000.0,0.0
0,53800,RAINFOREST_RESIN,9992.0,32.0,,,,,9997,12,10000.0,5.0,10008.0,32.0,9994.5,0.0
0,53900,RAINFOREST_RESIN,9992.0,30.0,,,,,10008,30,,,,,10000.0,0.0
0,54000,RAINFOREST_RESIN,9992.0,25.0,,,,,10008,25,,,,,10000.0,0.0
0,54100,RAINFOREST_RESIN,9992.0,25.0,,,,,10008,25,,,,,10000.0,0.0
0,54200,RAINFOREST_RESIN,9992.0,26.0,,,,,10008,26,,,,,10000.0,0.0
0,54300,RAINFOREST_RESIN,9992.0,27.0,,,,,10008,27,,,,,10000.0,0.0
0,54400,RAINFOREST_RESIN,9992.0,26.0,,,,,10008,26,,,,,10000.0,0.0
0,54500,RAINFOREST_RESIN,10002.0,3.0,9992.0,28.0,,,10008,28,,,,,10005.0,0.0
0,54600,RAINFOREST_RESIN,9992.0,28.0,,,,,9998,5,10008.0,28.0,,,9995.0,0.0
0,54700,RAINFOREST_RESIN,9992.0,26.0,,,,,10008,26,,,,,10000.0,0.0
0,54800,RAINFOREST_RESIN,10001.0,1.0,9992.0,33.0,,,10008,33,,,,,10004.5,0.0
0,54900,RAINFOREST_RESIN,9992.0,30.0,,,,,10003,4,10008.0,30.0,,,9997.5,0.0
0,55000,RAINFOREST_RESIN,9992.0,34.0,,,,,10008,34,,,,,10000.0,0.0
0,55100,RAINFOREST_RESIN,10003.0,9.0,10001.0,1.0,10000.0,5.0,10008,35,,,,,10005.5,0.0
0,55200,RAINFOREST_RESIN,9997.0,2.0,9992.0,35.0,,,10008,35,,,,,10002.5,0.0
0,55300,RAINFOREST_RESIN,9992.0,35.0,,,,,9998,4,10008.0,35.0,,,9995.0,0.0
0,55400,RAINFOREST_RESIN,9992.0,33.0,,,,,10008,33,,,,,10000.0,0.0
0,55500,RAINFOREST_RESIN,9992.0,34.0,,,,,10008,34,,,,,10000.0,0.0
0,55600,RAINFOREST_RESIN,9992.0,32.0,,,,,10008,32,,,,,10000.0,0.0
0,55700,RAINFOREST_RESIN,9992.0,25.0,,,,,10008,25,,,,,10000.0,0.0
0,55800,RAINFOREST_RESIN,9992.0,28.0,,,,,10008,28,,,,,10000.0,0.0
0,55900,RAINFOREST_RESIN,9992.0,28.0,,,,,9997,11,10003.0,8.0,10008.0,28.0,9994.5,0.0
0,56000,RAINFOREST_RESIN,9992.0,26.0,,,,,10008,26,,,,,10000.0,0.0
0,56100,RAINFOREST_RESIN,9992.0,32.0,,,,,10003,8,10008.0,32.0,,,9997.5,0.0
0,56200,RAINFOREST_RESIN,9992.0,35.0,,,,,10008,35,,,,,10000.0,0.0
0,56300,RAINFOREST_RESIN,10001.0,1.0,9992.0,30.0,,,10008,30,,,,,10004.5,0.0
0,56400,RAINFOREST_RESIN,9992.0,28.0,,,,,10008,28,,,,,10000.0,0.0
0,56500,RAINFOREST_RESIN,9992.0,25.0,,,,,10003,2,10008.0,25.0,,,9997.5,0.0
0,56600,RAINFOREST_RESIN,9992.0,33.0,,,,,10000,4,10008.0,33.0,,,9996.0,0.0
0,56700,RAINFOREST_RESIN,9992.0,30.0,,,,,10008,30,,,,,10000.0,0.0
0,56800,RAINFOREST_RESIN,9992.0,31.0,,,,,10008,31,,,,,10000.0,0.0
0,56900,RAINFOREST_RESIN,10000.0,3.0,9992.0,35.0,,,10008,35,,,,,10004.0,0.0
0,57000,RAINFOREST_RESIN,9992.0,28.0,,,,,10008,28,,,,,10000.0,0.0
0,57100,RAINFOREST_RESIN,10002.0,5.0,9992.0,30.0,,,10008,30,,,,,10005.0,0.0
0,57200,RAINFOREST_RESIN,9992.0,30.0,,,,,10003,5,10008.0,30.0,,,9997.5,0.0
0,57300,RAINFOREST_RESIN,10002.0,4.0,9992.0,25.0,,,10008,25,,,,,10005.0,0.0
0,57400,RAINFOREST_RESIN,9992.0,31.0,,,,,10008,31,,,,,10000.0,0.0
0,57500,RAINFOREST_RESIN,10002.0,4.0,9992.0,31.0,,,10008,31,,,,,10005.0,0.0
0,57600,RAINFOREST_RESIN,9992.0,25.0,,,,,10008,25,,,,,10000.0,0.0
0,57700,RAINFOREST_RESIN,9992.0,29.0,,,,,10008,29,,,,,10000.0,0.0
0,57800,RAINFOREST_RESIN,9992.0,27.0,,,,,10008,27,,,,,10000.0,0.0
0,57900,RAINFOREST_RESIN,9992.0,34.0,,,,,10008,34,,,,,10000.0,0.0
0,58000,RAINFOREST_RESIN,9997.0,3.0,9992.0,29.0,,,10008,29,,,,,10002.5,0.0
0,58100,RAINFOREST_RESIN,9992.0,31.0,,,,,9999,1,10008.0,31.0,,,9995.5,0.0
0,58200,RAINFOREST_RESIN,9992.0,33.0,,,,,10008,33,,,,,10000.0,0.0
0,58300,RAINFOREST_RESIN,9992.0,28.0,,,,,10008,28,,,,,10000.0,0.0
0,58400,RAINFOREST_RESIN,9992.0,25.0,,,,,9998,5,10008.0,25.0,,,9995.0,0.0
0,58500,RAINFOREST_RESIN,9992.0,28.0,,,,,10008,28,,,,,10000.0,0.0
0,58600,RAINFOREST_RESIN,9997.0,7.0,9992.0,29.0,,,10008,29,,,,,10002.5,0.0
0,58700,RAINFOREST_RESIN,9992.0,30.0,,,,,10003,2,10008.0,30.0,,,9997.5,0.0
0,58800,RAINFOREST_RESIN,9992.0,31.0,,,,,10008,31,,,,,10000.0,0.0
0,58900,RAINFOREST_RESIN,9992.0,29.0,,,,,10008,29,,,,,10000.0,0.0
0,59000,RAINFOREST_RESIN,9992.0,32.0,,,,,9997,9,10008.0,32.0,,,9994.5,0.0
0,59100,RAINFOREST_RESIN,9992.0,28.0,,,,,10008,28,,,,,10000.0,0.0
0,59200,RAINFOREST_RESIN,9992.0,33.0,,,,,10008,33,,,,,10000.0,0.0
0,59300,RAINFOREST_RESIN,9992.0,35.0,,,,,9997,12,10008.0,35.0,,,9994.5,0.0
0,59400,RAINFOREST_RESIN,9992.0,29.0,,,,,10008,29,,,,,10000.0,0.0
0,59500,RAINFOREST_RESIN,9992.0,28.0,,,,,10008,28,,,,,10000.0,0.0
0,59600,RAINFOREST_RESIN,9992.0,25.0,,,,,10008,25,,,,,10000.0,0.0
0,59700,RAINFOREST_RESIN,9992.0,25.0,,,,,10008,25,,,,,10000.0,0.0
0,59800,RAINFOREST_RESIN,9992.0,27.0,,,,,10008,27,,,,,10000.0,0.0
0,59900,RAINFOREST_RESIN,9992.0,31.0,,,,,10008,31,,,,,10000.0,0.0
0,60000,RAINFOREST_RESIN,9992.0,28.0,,,,,9999,1,10008.0,28.0,,,9995.5,0.0
0,60100,RAINFOREST_RESIN,9992.0,27.0,,,,,10008,27,,,,,10000.0,0.0
0,60200,RAINFOREST_RESIN,10001.0,1.0,9997.0,5.0,9992.0,30.0,10008,30,,,,,10004.5,0.0
0,60300,RAINFOREST_RESIN,10001.0,1.0,9992.0,35.0,,,10008,35,,,,,10004.5,0.0
0,60400,RAINFOREST_RESIN,9992.0,28.0,,,,,10003,7,10008.0,28.0,,,9997.5,0.0
0,60500,RAINFOREST_RESIN,9992.0,31.0,,,,,10008,31,,,,,10000.0,0.0
0,60600,RAINFOREST_RESIN,9992.0,30.0,,,,,10008,30,,,,,10000.0,0.0
0,60700,RAINFOREST_RESIN,9992.0,35.0,,,,,10008,35,,,,,10000.0,0.0
0,60800,RAINFOREST_RESIN,10000.0,1.0,9992.0,25.0,,,10008,25,,,,,10004.0,0.0
0,60900,RAINFOREST_RESIN,9997.0,3.0,9992.0,33.0,,,10008,33,,,,,10002.5,0.0
0,61000,RAINFOREST_RESIN,9992.0,25.0,,,,,10003,5,10008.0,25.0,,,9997.5,0.0
0,61100,RAINFOREST_RESIN,10001.0,1.0,9992.0,32.0,,,10008,32,,,,,10004.5,0.0
0,61200,RAINFOREST_RESIN,9992.0,25.0,,,,,10008,25,,,,,10000.0,0.0
0,61300,RAINFOREST_RESIN,9997.0,7.0,9992.0,32.0,,,9999,1,10008.0,32.0,,,9998.0,0.0
0,61400,RAINFOREST_RESIN,9992.0,32.0,,,,,10008,32,,,,,10000.0,0.0
0,61500,RAINFOREST_RESIN,10003.0,6.0,9992.0,27.0,,,10008,27,,,,,10005.5,0.0
0,61600,RAINFOREST_RESIN,9992.0,26.0,,,,,9999,1,10008.0,26.0,,,9995.5,0.0
0,61700,RAINFOREST_RESIN,9992.0,34.0,,,,,10008,34,,,,,10000.0,0.0
0,61800,RAINFOREST_RESIN,9997.0,5.0,9992.0,34.0,,,10008,34,,,,,10002.5,0.0
0,61900,RAINFOREST_RESIN,9992.0,25.0,,,,,10008,25,,,,,10000.0,0.0
0,62000,RAINFOREST_RESIN,9992.0,30.0,,,,,10008,30,,,,,10000.0,0.0
0,62100,RAINFOREST_RESIN,9992.0,28.0,,,,,10008,28,,,,,10000.0,0.0
0,62200,RAINFOREST_RESIN,9992.0,29.0,,,,,10008,29,,,,,10000.0,0.0
0,62300,RAINFOREST_RESIN,9992.0,27.0,,,,,10008,27,,,,,10000.0,0.0
0,62400,RAINFOREST_RESIN,9992.0,26.0,,,,,9998,3,10008.0,26.0,,,9995.0,0.0
0,62500,RAINFOREST_RESIN,9992.0,30.0,,,,,10008,30,,,,,10000.0,0.0
0,62600,RAINFOREST_RESIN,9992.0,32.0,,,,,10008,32,,,,,10000.0,0.0
0,62700,RAINFOREST_RESIN,9992.0,30.0,,,,,10008,30,,,,,10000.0,0.0
0,62800,RAINFOREST_RESIN,9992.0,31.0,,,,,10008,31,,,,,10000.0,0.0
0,62900,RAINFOREST_RESIN,9992.0,32.0,,,,,10008,32,,,,,10000.0,0.0
0,63000,RAINFOREST_RESIN,10002.0,5.0,9992.0,35.0,,,10008,35,,,,,10005.0,0.0
0,63100,RAINFOREST_RESIN,9992.0,33.0,,,,,10008,33,,,,,10000.0,0.0
0,63200,RAINFOREST_RESIN,10001.0,1.0,9992.0,34.0,,,10008,34,,,,,10004.5,0.0
0,63300,RAINFOREST_RESIN,9992.0,29.0,,,,,10008,29,,,,,10000.0,0.0
0,63400,RAINFOREST_RESIN,9992.0,28.0,,,,,10008,28,,,,,10000.0,0.0
0,63500,RAINFOREST_RESIN,9992.0,32.0,,,,,10008,32,,,,,10000.0,0.0
0,63600,RAINFOREST_RESIN,9992.0,35.0,,,,,10008,35,,,,,10000.0,0.0
0,63700,RAINFOREST_RESIN,9992.0,29.0,,,,,10008,29,,,,,10000.0,0.0
0,63800,RAINFOREST_RESIN,9992.0,30.0,,,,,10008,30,,,,,10000.0,0.0
0,63900,RAINFOREST_RESIN,9997.0,5.0,9992.0,29.0,,,10008,29,,,,,10002.5,0.0
0,64000,RAINFOREST_RESIN,9992.0,34.0,,,,,10008,34,,,,,10000.0,0.0
0,64100,RAINFOREST_RESIN,9992.0,31.0,,,,,9999,1,10008.0,31.0,,,9995.5,0.0
0,64200,RAINFOREST_RESIN,9992.0,30.0,,,,,10008,30,,,,,10000.0,0.0
0,64300,RAINFOREST_RESIN,9992.0,35.0,,,,,10008,35,,,,,10000.0,0.0
0,64400,RAINFOREST_RESIN,9992.0,32.0,,,,,10008,32,,,,,10000.0,0.0
0,64500,RAINFOREST_RESIN,9992.0,35.0,,,,,10008,35,,,,,10000.0,0.0
0,64600,RAINFOREST_RESIN,9992.0,33.0,,,,,10008,33,,,,,10000.0,0.0
0,64700,RAINFOREST_RESIN,9992.0,35.0,,,,,10008,35,,,,,10000.0,0.0
0,64800,RAINFOREST_RESIN,9992.0,34.0,,,,,10008,34,,,,,10000.0,0.0
0,64900,RAINFOREST_RESIN,10001.0,1.0,9992.0,29.0,,,10008,29,,,,,10004.5,0.0
0,65000,RAINFOREST_RESIN,9992.0,32.0,,,,,10008,32,,,,,10000.0,0.0
0,65100,RAINFOREST_RESIN,9992.0,25.0,,,,,10008,25,,,,,10000.0,0.0
0,65200,RAINFOREST_RESIN,9992.0,29.0,,,,,10008,29,,,,,10000.0,0.0
0,65300,RAINFOREST_RESIN,9992.0,28.0,,,,,9999,1,10008.0,28.0,,,9995.5,0.0
0,65400,RAINFOREST_RESIN,9997.0,7.0,9992.0,32.0,,,10008,32,,,,,10002.5,0.0
0,65500,RAINFOREST_RESIN,9992.0,34.0,,,,,10008,34,,,,,10000.0,0.0
0,65600,RAINFOREST_RESIN,9992.0,28.0,,,,,10008,28,,,,,10000.0,0.0
0,65700,RAINFOREST_RESIN,9992.0,25.0,,,,,10008,25,,,,,10000.0,0.0
0,65800,RAINFOREST_RESIN,9992.0,29.0,,,,,10008,29,,,,,10000.0,0.0
0,65900,RAINFOREST_RESIN,9992.0,35.0,,,,,10008,35,,,,,10000.0,0.0
0,66000,RAINFOREST_RESIN,9992.0,31.0,,,,,10000,5,10008.0,31.0,,,9996.0,0.0
0,66100,RAINFOREST_RESIN,9992.0,26.0,,,,,10008,26,,,,,10000.0,0.0
0,66200,RAINFOREST_RESIN,9992.0,34.0,,,,,10008,34,,,,,10000.0,0.0
0,66300,RAINFOREST_RESIN,9992.0,34.0,,,,,10008,34,,,,,10000.0,0.0
0,66400,RAINFOREST_RESIN,9992.0,25.0,,,,,10008,25,,,,,10000.0,0.0
0,66500,RAINFOREST_RESIN,9992.0,33.0,,,,,10008,33,,,,,10000.0,0.0
0,66600,RAINFOREST_RESIN,9992.0,28.0,,,,,10008,28,,,,,10000.0,0.0
0,66700,RAINFOREST_RESIN,9992.0,35.0,,,,,10008,35,,,,,10000.0,0.0
0,66800,RAINFOREST_RESIN,9992.0,31.0,,,,,10008,31,,,,,10000.0,0.0
0,66900,RAINFOREST_RESIN,9992.0,25.0,,,,,10008,25,,,,,10000.0,0.0
0,67000,RAINFOREST_RESIN,9992.0,28.0,,,,,10008,28,,,,,10000.0,0.0
0,67100,RAINFOREST_RESIN,9992.0,29.0,,,,,10000,5,10008.0,29.0,,,9996.0,0.0
0,67200,RAINFOREST_RESIN,9992.0,25.0,,,,,10008,25,,,,,10000.0,0.0
0,67300,RAINFOREST_RESIN,9992.0,26.0,,,,,10008,26,,,,,10000.0,0.0
0,67400,RAINFOREST_RESIN,9992.0,27.0,,,,,10008,27,,,,,10000.0,0.0
0,67500,RAINFOREST_RESIN,9992.0,28.0,,,,,10008,28,,,,,10000.0,0.0
0,67600,RAINFOREST_RESIN,9992.0,25.0,,,,,10008,25,,,,,10000.0,0.0
0,67700,RAINFOREST_RESIN,10001.0,1.0,9992.0,29.0,,,10008,29,,,,,10004.5,0.0
0,67800,RAINFOREST_RESIN,9992.0,28.0,,,,,10008,28,,,,,10000.0,0.0
0,67900,RAINFOREST_RESIN,9992.0,30.0,,,,,10008,30,,,,,10000.0,0.0
0,68000,RAINFOREST_RESIN,9992.0,30.0,,,,,10008,30,,,,,10000.0,0.0
0,68100,RAINFOREST_RESIN,10000.0,5.0,9992.0,32.0,,,10008,32,,,,,10004.0,0.0
0,68200,RAINFOREST_RESIN,9992.0,35.0,,,,,10008,35,,,,,10000.0,0.0
0,68300,RAINFOREST_RESIN,10001.0,1.0,9992.0,25.0,,,10008,25,,,,,10004.5,0.0
0,68400,RAINFOREST_RESIN,9992.0,31.0,,,,,9999,1,10000.0,4.0,10008.0,31.0,9995.5,0.0
0,68500,RAINFOREST_RESIN,9992.0,29.0,,,,,10008,29,,,,,10000.0,0.0
0,68600,RAINFOREST_RESIN,10002.0,3.0,9992.0,25.0,,,10008,25,,,,,10005.0,0.0
0,68700,RAINFOREST_RESIN,9992.0,30.0,,,,,10008,30,,,,,10000.0,0.0
0,68800,RAINFOREST_RESIN,9992.0,30.0,,,,,10008,30,,,,,10000.0,0.0
0,68900,RAINFOREST_RESIN,9992.0,34.0,,,,,10008,34,,,,,10000.0,0.0
0,69000,RAINFOREST_RESIN,9992.0,26.0,,,,,10008,26,,,,,10000.0,0.0
0,69100,RAINFOREST_RESIN,9992.0,32.0,,,,,10008,32,,,,,10000.0,0.0
0,69200,RAINFOREST_RESIN,9992.0,25.0,,,,,10008,25,,,,,10000.0,0.0
0,69300,RAINFOREST_RESIN,9992.0,35.0,,,,,10008,35,,,,,10000.0,0.0
0,69400,RAINFOREST_RESIN,9992.0,32.0,,,,,10008,32,,,,,10000.0,0.0
0,69500,RAINFOREST_RESIN,9992.0,29.0,,,,,10000,2,10008.0,29.0,,,9996.0,0.0
0,69600,RAINFOREST_RESIN,9992.0,27.0,,,,,10008,27,,,,,10000.0,0.0
0,69700,RAINFOREST_RESIN,9992.0,26.0,,,,,10008,26,,,,,10000.0,0.0
0,69800,RAINFOREST_RESIN,9992.0,27.0,,,,,10008,27,,,,,10000.0,0.0
0,69900,RAINFOREST_RESIN,9992.0,30.0,,,,,10008,30,,,,,10000.0,0.0
0,70000,RAINFOREST_RESIN,9992.0,26.0,,,,,10008,26,,,,,10000.0,0.0
0,70100,RAINFOREST_RESIN,9992.0,31.0,,,,,10003,2,10008.0,31.0,,,9997.5,0.0
0,70200,RAINFOREST_RESIN,9992.0,26.0,,,,,10008,26,,,,,10000.0,0.0
0,70300,RAINFOREST_RESIN,9992.0,31.0,,,,,10008,31,,,,,10000.0,0.0
0,70400,RAINFOREST_RESIN,9992.0,32.0,,,,,10008,32,,,,,10000.0,0.0
0,70500,RAINFOREST_RESIN,9992.0,34.0,,,,,10008,34,,,,,10000.0,0.0
0,70600,RAINFOREST_RESIN,10001.0,1.0,9992.0,29.0,,,10008,29,,,,,10004.5,0.0
0,70700,RAINFOREST_RESIN,9992.0,33.0,,,,,10008,33,,,,,10000.0,0.0
0,70800,RAINFOREST_RESIN,9992.0,33.0,,,,,10008,33,,,,,10000.0,0.0
0,70900,RAINFOREST_RESIN,9992.0,27.0,,,,,9999,1,10008.0,27.0,,,9995.5,0.0
0,71000,RAINFOREST_RESIN,9992.0,35.0,,,,,10008,35,,,,,10000.0,0.0
0,71100,RAINFOREST_RESIN,9992.0,28.0,,,,,10008,28,,,,,10000.0,0.0
0,71200,RAINFOREST_RESIN,9992.0,31.0,,,,,10008,31,,,,,10000.0,0.0
0,71300,RAINFOREST_RESIN,9997.0,3.0,9992.0,31.0,,,10008,31,,,,,10002.5,0.0
0,71400,RAINFOREST_RESIN,9992.0,25.0,,,,,10008,25,,,,,10000.0,0.0
0,71500,RAINFOREST_RESIN,9992.0,33.0,,,,,10008,33,,,,,10000.0,0.0
0,71600,RAINFOREST_RESIN,10002.0,5.0,9992.0,30.0,,,10008,30,,,,,10005.0,0.0
0,71700,RAINFOREST_RESIN,9992.0,35.0,,,,,10008,35,,,,,10000.0,0.0
0,71800,RAINFOREST_RESIN,9992.0,28.0,,,,,10003,2,10008.0,28.0,,,9997.5,0.0
0,71900,RAINFOREST_RESIN,9992.0,31.0,,,,,10008,31,,,,,10000.0,0.0
0,72000,RAINFOREST_RESIN,9992.0,35.0,,,,,10008,35,,,,,10000.0,0.0
0,72100,RAINFOREST_RESIN,9992.0,34.0,,,,,10008,34,,,,,10000.0,0.0
0,72200,RAINFOREST_RESIN,9992.0,31.0,,,,,10008,31,,,,,10000.0,0.0
0,72300,RAINFOREST_RESIN,9992.0,32.0,,,,,10003,3,10008.0,32.0,,,9997.5,0.0
0,72400,RAINFOREST_RESIN,9992.0,25.0,,,,,10008,25,,,,,10000.0,0.0
0,72500,RAINFOREST_RESIN,9992.0,30.0,,,,,10008,30,,,,,10000.0,0.0
0,72600,RAINFOREST_RESIN,9992.0,31.0,,,,,10008,31,,,,,10000.0,0.0
0,72700,RAINFOREST_RESIN,9992.0,25.0,,,,,10008,25,,,,,10000.0,0.0
0,72800,RAINFOREST_RESIN,9992.0,34.0,,,,,10008,34,,,,,10000.0,0.0
0,72900,RAINFOREST_RESIN,9997.0,4.0,9992.0,35.0,,,10008,35,,,,,10002.5,0.0
0,73000,RAINFOREST_RESIN,9992.0,27.0,,,,,10008,27,,,,,10000.0,0.0
0,73100,RAINFOREST_RESIN,9992.0,26.0,,,,,10008,26,,,,,10000.0,0.0
0,73200,RAINFOREST_RESIN,9992.0,29.0,,,,,10008,29,,,,,10000.0,0.0
0,73300,RAINFOREST_RESIN,9992.0,35.0,,,,,10003,8,10008.0,35.0,,,9997.5,0.0
0,73400,RAINFOREST_RESIN,9992.0,25.0,,,,,10008,25,,,,,10000.0,0.0
0,73500,RAINFOREST_RESIN,9997.0,2.0,9992.0,34.0,,,10008,34,,,,,10002.5,0.0
0,73600,RAINFOREST_RESIN,9997.0,5.0,9992.0,25.0,,,10008,25,,,,,10002.5,0.0
0,73700,RAINFOREST_RESIN,9992.0,33.0,,,,,9997,4,10008.0,33.0,,,9994.5,0.0
0,73800,RAINFOREST_RESIN,9992.0,35.0,,,,,10008,35,,,,,10000.0,0.0
0,73900,RAINFOREST_RESIN,9992.0,29.0,,,,,10008,29,,,,,10000.0,0.0
0,74000,RAINFOREST_RESIN,10001.0,1.0,9992.0,32.0,,,10008,32,,,,,10004.5,0.0
0,74100,RAINFOREST_RESIN,9992.0,30.0,,,,,10003,8,10008.0,30.0,,,9997.5,0.0
0,74200,RAINFOREST_RESIN,9992.0,33.0,,,,,10008,33,,,,,10000.0,0.0
0,74300,RAINFOREST_RESIN,9997.0,2.0,9992.0,32.0,,,10008,32,,,,,10002.5,0.0
0,74400,RAINFOREST_RESIN,9992.0,28.0,,,,,10008,28,,,,,10000.0,0.0
0,74500,RAINFOREST_RESIN,9992.0,33.0,,,,,10008,33,,,,,10000.0,0.0
0,74600,RAINFOREST_RESIN,9992.0,34.0,,,,,10008,34,,,,,10000.0,0.0
0,74700,RAINFOREST_RESIN,9997.0,6.0,9992.0,31.0,,,10008,31,,,,,10002.5,0.0
0,74800,RAINFOREST_RESIN,9992.0,27.0,,,,,10008,27,,,,,10000.0,0.0
0,74900,RAINFOREST_RESIN,9992.0,34.0,,,,,10008,34,,,,,10000.0,0.0
0,75000,RAINFOREST_RESIN,10002.0,5.0,9992.0,35.0,,,10008,35,,,,,10005.0,0.0
0,75100,RAINFOREST_RESIN,9992.0,27.0,,,,,10008,27,,,,,10000.0,0.0
0,75200,RAINFOREST_RESIN,10002.0,5.0,9992.0,30.0,,,10008,30,,,,,10005.0,0.0
0,75300,RAINFOREST_RESIN,9992.0,29.0,,,,,10008,29,,,,,10000.0,0.0
0,75400,RAINFOREST_RESIN,9992.0,32.0,,,,,10008,32,,,,,10000.0,0.0
0,75500,RAINFOREST_RESIN,9992.0,33.0,,,,,10008,33,,,,,10000.0,0.0
0,75600,RAINFOREST_RESIN,9992.0,30.0,,,,,10008,30,,,,,10000.0,0.0
0,75700,RAINFOREST_RESIN,9992.0,29.0,,,,,10008,29,,,,,10000.0,0.0
0,75800,RAINFOREST_RESIN,9992.0,35.0,,,,,10008,35,,,,,10000.0,0.0
0,75900,RAINFOREST_RESIN,9992.0,30.0,,,,,10008,30,,,,,10000.0,0.0
0,76000,RAINFOREST_RESIN,9992.0,26.0,,,,,9998,4,10003.0,5.0,10008.0,26.0,9995.0,0.0
0,76100,RAINFOREST_RESIN,9992.0,25.0,,,,,9998,4,10003.0,3.0,10008.0,25.0,9995.0,0.0
0,76200,RAINFOREST_RESIN,9992.0,26.0,,,,,10008,26,,,,,10000.0,0.0
0,76300,RAINFOREST_RESIN,9992.0,29.0,,,,,9997,12,10008.0,29.0,,,9994.5,0.0
0,76400,RAINFOREST_RESIN,9997.0,6.0,9992.0,30.0,,,10008,30,,,,,10002.5,0.0
0,76500,RAINFOREST_RESIN,9992.0,29.0,,,,,10008,29,,,,,10000.0,0.0
0,76600,RAINFOREST_RESIN,9992.0,29.0,,,,,10008,29,,,,,10000.0,0.0
0,76700,RAINFOREST_RESIN,9992.0,33.0,,,,,10008,33,,,,,10000.0,0.0
0,76800,RAINFOREST_RESIN,9992.0,31.0,,,,,10008,31,,,,,10000.0,0.0
0,76900,RAINFOREST_RESIN,9992.0,28.0,,,,,10008,28,,,,,10000.0,0.0
0,77000,RAINFOREST_RESIN,9992.0,33.0,,,,,10008,33,,,,,10000.0,0.0
0,77100,RAINFOREST_RESIN,9992.0,28.0,,,,,10003,5,10008.0,28.0,,,9997.5,0.0
0,77200,RAINFOREST_RESIN,9997.0,6.0,9992.0,28.0,,,9998,4,10008.0,28.0,,,9997.5,0.0
0,77300,RAINFOREST_RESIN,9992.0,28.0,,,,,10008,28,,,,,10000.0,0.0
0,77400,RAINFOREST_RESIN,9992.0,32.0,,,,,10008,32,,,,,10000.0,0.0
0,77500,RAINFOREST_RESIN,9992.0,33.0,,,,,10008,33,,,,,10000.0,0.0
0,77600,RAINFOREST_RESIN,9992.0,27.0,,,,,10008,27,,,,,10000.0,0.0
0,77700,RAINFOREST_RESIN,9992.0,26.0,,,,,10008,26,,,,,10000.0,0.0
0,77800,RAINFOREST_RESIN,10002.0,3.0,9992.0,34.0,,,10008,34,,,,,10005.0,0.0
0,77900,RAINFOREST_RESIN,10002.0,3.0,9992.0,25.0,,,10008,25,,,,,10005.0,0.0
0,78000,RAINFOREST_RESIN,9992.0,32.0,,,,,10008,32,,,,,10000.0,0.0
0,78100,RAINFOREST_RESIN,9992.0,32.0,,,,,10008,32,,,,,10000.0,0.0
0,78200,RAINFOREST_RESIN,9992.0,30.0,,,,,10008,30,,,,,10000.0,0.0
0,78300,RAINFOREST_RESIN,9992.0,25.0,,,,,10008,25,,,,,10000.0,0.0
0,78400,RAINFOREST_RESIN,9992.0,28.0,,,,,10008,28,,,,,10000.0,0.0
0,78500,RAINFOREST_RESIN,9992.0,32.0,,,,,10008,32,,,,,10000.0,0.0
0,78600,RAINFOREST_RESIN,9992.0,30.0,,,,,10008,30,,,,,10000.0,0.0
0,78700,RAINFOREST_RESIN,9992.0,31.0,,,,,10008,31,,,,,10000.0,0.0
0,78800,RAINFOREST_RESIN,10003.0,8.0,10000.0,4.0,9992.0,30.0,10008,30,,,,,10005.5,0.0
0,78900,RAINFOREST_RESIN,10002.0,5.0,9992.0,25.0,,,10008,25,,,,,10005.0,0.0
0,79000,RAINFOREST_RESIN,9992.0,30.0,,,,,10008,30,,,,,10000.0,0.0
0,79100,RAINFOREST_RESIN,9992.0,25.0,,,,,10008,25,,,,,10000.0,0.0
0,79200,RAINFOREST_RESIN,9992.0,33.0,,,,,10003,3,10008.0,33.0,,,9997.5,0.0
0,79300,RAINFOREST_RESIN,9992.0,35.0,,,,,10008,35,,,,,10000.0,0.0
0,79400,RAINFOREST_RESIN,9992.0,25.0,,,,,10008,25,,,,,10000.0,0.0
0,79500,RAINFOREST_RESIN,9992.0,27.0,,,,,10003,8,10008.0,27.0,,,9997.5,0.0
0,79600,RAINFOREST_RESIN,9992.0,30.0,,,,,10008,30,,,,,10000.0,0.0
0,79700,RAINFOREST_RESIN,10003.0,12.0,9992.0,35.0,,,10008,35,,,,,10005.5,0.0
0,79800,RAINFOREST_RESIN,9992.0,33.0,,,,,9998,3,10008.0,33.0,,,9995.0,0.0
0,79900,RAINFOREST_RESIN,9992.0,31.0,,,,,10008,31,,,,,10000.0,0.0
0,80000,RAINFOREST_RESIN,9992.0,29.0,,,,,10008,29,,,,,10000.0,0.0
0,80100,RAINFOREST_RESIN,9992.0,29.0,,,,,10008,29,,,,,10000.0,0.0
0,80200,RAINFOREST_RESIN,9992.0,32.0,,,,,10008,32,,,,,10000.0,0.0
0,80300,RAINFOREST_RESIN,9992.0,33.0,,,,,10008,33,,,,,10000.0,0.0
0,80400,RAINFOREST_RESIN,10002.0,3.0,10001.0,1.0,9992.0,31.0,10008,31,,,,,10005.0,0.0
0,80500,RAINFOREST_RESIN,9992.0,25.0,,,,,10008,25,,,,,10000.0,0.0
0,80600,RAINFOREST_RESIN,9992.0,26.0,,,,,10008,26,,,,,10000.0,0.0
0,80700,RAINFOREST_RESIN,9992.0,34.0,,,,,10008,34,,,,,10000.0,0.0
0,80800,RAINFOREST_RESIN,9992.0,27.0,,,,,10000,4,10008.0,27.0,,,9996.0,0.0
0,80900,RAINFOREST_RESIN,9997.0,6.0,9992.0,27.0,,,10008,27,,,,,10002.5,0.0
0,81000,RAINFOREST_RESIN,10000.0,3.0,9992.0,33.0,,,10008,33,,,,,10004.0,0.0
0,81100,RAINFOREST_RESIN,9992.0,27.0,,,,,9998,4,10008.0,27.0,,,9995.0,0.0
0,81200,RAINFOREST_RESIN,9992.0,35.0,,,,,10008,35,,,,,10000.0,0.0
0,81300,RAINFOREST_RESIN,9992.0,27.0,,,,,10008,27,,,,,10000.0,0.0
0,81400,RAINFOREST_RESIN,9992.0,28.0,,,,,9998,4,10008.0,28.0,,,9995.0,0.0
0,81500,RAINFOREST_RESIN,9992.0,26.0,,,,,10008,26,,,,,10000.0,0.0
0,81600,RAINFOREST_RESIN,9992.0,28.0,,,,,10008,28,,,,,10000.0,0.0
0,81700,RAINFOREST_RESIN,9992.0,34.0,,,,,10008,34,,,,,10000.0,0.0
0,81800,RAINFOREST_RESIN,9992.0,31.0,,,,,10008,31,,,,,10000.0,0.0
0,81900,RAINFOREST_RESIN,9992.0,28.0,,,,,10008,28,,,,,10000.0,0.0
0,82000,RAINFOREST_RESIN,9992.0,30.0,,,,,10008,30,,,,,10000.0,0.0
0,82100,RAINFOREST_RESIN,9992.0,27.0,,,,,10008,27,,,,,10000.0,0.0
0,82200,RAINFOREST_RESIN,9992.0,29.0,,,,,10008,29,,,,,10000.0,0.0
0,82300,RAINFOREST_RESIN,9992.0,29.0,,,,,10003,8,10008.0,29.0,,,9997.5,0.0
0,82400,RAINFOREST_RESIN,9992.0,33.0,,,,,10008,33,,,,,10000.0,0.0
0,82500,RAINFOREST_RESIN,9992.0,25.0,,,,,10008,25,,,,,10000.0,0.0
0,82600,RAINFOREST_RESIN,9992.0,26.0,,,,,10008,26,,,,,10000.0,0.0
0,82700,RAINFOREST_RESIN,9997.0,3.0,9992.0,28.0,,,10008,28,,,,,10002.5,0.0
0,82800,RAINFOREST_RESIN,9997.0,7.0,9992.0,31.0,,,10008,31,,,,,10002.5,0.0
0,82900,RAINFOREST_RESIN,9992.0,26.0,,,,,10008,26,,,,,10000.0,0.0
0,83000,RAINFOREST_RESIN,9992.0,32.0,,,,,10008,32,,,,,10000.0,0.0
0,83100,RAINFOREST_RESIN,9992.0,29.0,,,,,10008,29,,,,,10000.0,0.0
0,83200,RAINFOREST_RESIN,9992.0,29.0,,,,,10008,29,,,,,10000.0,0.0
0,83300,RAINFOREST_RESIN,10001.0,1.0,9992.0,34.0,,,10008,34,,,,,10004.5,0.0
0,83400,RAINFOREST_RESIN,9992.0,30.0,,,,,9999,1,10008.0,30.0,,,9995.5,0.0
0,83500,RAINFOREST_RESIN,9992.0,35.0,,,,,10008,35,,,,,10000.0,0.0
0,83600,RAINFOREST_RESIN,9992.0,30.0,,,,,10008,30,,,,,10000.0,0.0
0,83700,RAINFOREST_RESIN,10000.0,4.0,9997.0,3.0,9992.0,29.0,10008,29,,,,,10004.0,0.0
0,83800,RAINFOREST_RESIN,9992.0,35.0,,,,,10000,3,10008.0,35.0,,,9996.0,0.0
0,83900,RAINFOREST_RESIN,9992.0,33.0,,,,,10008,33,,,,,10000.0,0.0
0,84000,RAINFOREST_RESIN,9992.0,27.0,,,,,10008,27,,,,,10000.0,0.0
0,84100,RAINFOREST_RESIN,9992.0,29.0,,,,,9998,5,10008.0,29.0,,,9995.0,0.0
0,84200,RAINFOREST_RESIN,9992.0,35.0,,,,,10008,35,,,,,10000.0,0.0
0,84300,RAINFOREST_RESIN,9992.0,25.0,,,,,10008,25,,,,,10000.0,0.0
0,84400,RAINFOREST_RESIN,9992.0,25.0,,,,,10008,25,,,,,10000.0,0.0
0,84500,RAINFOREST_RESIN,9992.0,31.0,,,,,9999,1,10008.0,31.0,,,9995.5,0.0
0,84600,RAINFOREST_RESIN,9992.0,31.0,,,,,10008,31,,,,,10000.0,0.0
0,84700,RAINFOREST_RESIN,9992.0,26.0,,,,,10008,26,,,,,10000.0,0.0
0,84800,RAINFOREST_RESIN,9992.0,26.0,,,,,10003,2,10008.0,26.0,,,9997.5,0.0
0,84900,RAINFOREST_RESIN,10001.0,1.0,9992.0,32.0,,,10008,32,,,,,10004.5,0.0
0,85000,RAINFOREST_RESIN,9992.0,31.0,,,,,10008,31,,,,,10000.0,0.0
0,85100,RAINFOREST_RESIN,9992.0,34.0,,,,,10008,34,,,,,10000.0,0.0
0,85200,RAINFOREST_RESIN,9992.0,28.0,,,,,10008,28,,,,,10000.0,0.0
0,85300,RAINFOREST_RESIN,9992.0,31.0,,,,,9999,1,10000.0,4.0,10003.0,7.0,9995.5,0.0
0,85400,RAINFOREST_RESIN,9997.0,3.0,9992.0,26.0,,,10008,26,,,,,10002.5,0.0
0,85500,RAINFOREST_RESIN,9992.0,30.0,,,,,10008,30,,,,,10000.0,0.0
0,85600,RAINFOREST_RESIN,9992.0,29.0,,,,,10008,29,,,,,10000.0,0.0
0,85700,RAINFOREST_RESIN,9992.0,27.0,,,,,10008,27,,,,,10000.0,0.0
0,85800,RAINFOREST_RESIN,9992.0,28.0,,,,,10008,28,,,,,10000.0,0.0
0,85900,RAINFOREST_RESIN,9992.0,30.0,,,,,10008,30,,,,,10000.0,0.0
0,86000,RAINFOREST_RESIN,9992.0,29.0,,,,,10008,29,,,,,10000.0,0.0
0,86100,RAINFOREST_RESIN,9992.0,27.0,,,,,10008,27,,,,,10000.0,0.0
0,86200,RAINFOREST_RESIN,9992.0,29.0,,,,,10008,29,,,,,10000.0,0.0
0,86300,RAINFOREST_RESIN,9997.0,3.0,9992.0,26.0,,,10008,26,,,,,10002.5,0.0
0,86400,RAINFOREST_RESIN,9992.0,28.0,,,,,10008,28,,,,,10000.0,0.0
0,86500,RAINFOREST_RESIN,9992.0,26.0,,,,,9999,1,10003.0,7.0,10008.0,26.0,9995.5,0.0
0,86600,RAINFOREST_RESIN,9992.0,33.0,,,,,10008,33,,,,,10000.0,0.0
0,86700,RAINFOREST_RESIN,9992.0,27.0,,,,,10008,27,,,,,10000.0,0.0
0,86800,RAINFOREST_RESIN,10000.0,4.0,9992.0,27.0,,,10003,5,10008.0,27.0,,,10001.5,0.0
0,86900,RAINFOREST_RESIN,9992.0,31.0,,,,,10008,31,,,,,10000.0,0.0
0,87000,RAINFOREST_RESIN,9992.0,30.0,,,,,10008,30,,,,,10000.0,0.0
0,87100,RAINFOREST_RESIN,9992.0,33.0,,,,,10008,33,,,,,10000.0,0.0
0,87200,RAINFOREST_RESIN,9992.0,33.0,,,,,10008,33,,,,,10000.0,0.0
0,87300,RAINFOREST_RESIN,9992.0,31.0,,,,,10008,31,,,,,10000.0,0.0
0,87400,RAINFOREST_RESIN,9992.0,30.0,,,,,10008,30,,,,,10000.0,0.0
0,87500,RAINFOREST_RESIN,9992.0,34.0,,,,,10008,34,,,,,10000.0,0.0
0,87600,RAINFOREST_RESIN,9992.0,30.0,,,,,10008,30,,,,,10000.0,0.0
0,87700,RAINFOREST_RESIN,9992.0,31.0,,,,,10008,31,,,,,10000.0,0.0
0,87800,RAINFOREST_RESIN,9992.0,26.0,,,,,10008,26,,,,,10000.0,0.0
0,87900,RAINFOREST_RESIN,9992.0,32.0,,,,,10008,32,,,,,10000.0,0.0
0,88000,RAINFOREST_RESIN,9992.0,28.0,,,,,10008,28,,,,,10000.0,0.0
0,88100,RAINFOREST_RESIN,9992.0,31.0,,,,,10008,31,,,,,10000.0,0.0
0,88200,RAINFOREST_RESIN,9992.0,25.0,,,,,10008,25,,,,,10000.0,0.0
0,88300,RAINFOREST_RESIN,9992.0,32.0,,,,,10008,32,,,,,10000.0,0.0
0,88400,RAINFOREST_RESIN,9992.0,28.0,,,,,10008,28,,,,,10000.0,0.0
0,88500,RAINFOREST_RESIN,10002.0,5.0,9992.0,27.0,,,10008,27,,,,,10005.0,0.0
0,88600,RAINFOREST_RESIN,9992.0,35.0,,,,,10008,35,,,,,10000.0,0.0
0,88700,RAINFOREST_RESIN,10002.0,3.0,9992.0,30.0,,,10008,30,,,,,10005.0,0.0
0,88800,RAINFOREST_RESIN,9992.0,32.0,,,,,10008,32,,,,,10000.0,0.0
0,88900,RAINFOREST_RESIN,9992.0,33.0,,,,,9999,1,10008.0,33.0,,,9995.5,0.0
0,89000,RAINFOREST_RESIN,9992.0,35.0,,,,,10008,35,,,,,10000.0,0.0
0,89100,RAINFOREST_RESIN,9992.0,27.0,,,,,10008,27,,,,,10000.0,0.0
0,89200,RAINFOREST_RESIN,10001.0,1.0,9992.0,31.0,,,10008,31,,,,,10004.5,0.0
0,89300,RAINFOREST_RESIN,9992.0,30.0,,,,,10008,30,,,,,10000.0,0.0
0,89400,RAINFOREST_RESIN,10001.0,1.0,9992.0,35.0,,,10008,35,,,,,10004.5,0.0
0,89500,RAINFOREST_RESIN,9992.0,33.0,,,,,10008,33,,,,,10000.0,0.0
0,89600,RAINFOREST_RESIN,9992.0,30.0,,,,,10008,30,,,,,10000.0,0.0
0,89700,RAINFOREST_RESIN,9992.0,31.0,,,,,10008,31,,,,,10000.0,0.0
0,89800,RAINFOREST_RESIN,10002.0,4.0,9992.0,30.0,,,10008,30,,,,,10005.0,0.0
0,89900,RAINFOREST_RESIN,9992.0,27.0,,,,,10008,27,,,,,10000.0,0.0
0,90000,RAINFOREST_RESIN,9992.0,31.0,,,,,10008,31,,,,,10000.0,0.0
0,90100,RAINFOREST_RESIN,9992.0,25.0,,,,,10008,25,,,,,10000.0,0.0
0,90200,RAINFOREST_RESIN,10001.0,1.0,9992.0,28.0,,,10008,28,,,,,10004.5,0.0
0,90300,RAINFOREST_RESIN,9992.0,27.0,,,,,10008,27,,,,,10000.0,0.0
0,90400,RAINFOREST_RESIN,9992.0,32.0,,,,,10008,32,,,,,10000.0,0.0
0,90500,RAINFOREST_RESIN,9992.0,26.0,,,,,10008,26,,,,,10000.0,0.0
0,90600,RAINFOREST_RESIN,9992.0,29.0,,,,,10008,29,,,,,10000.0,0.0
0,90700,RAINFOREST_RESIN,9992.0,35.0,,,,,10003,6,10008.0,35.0,,,9997.5,0.0
0,90800,RAINFOREST_RESIN,9992.0,28.0,,,,,10008,28,,,,,10000.0,0.0
0,90900,RAINFOREST_RESIN,10001.0,1.0,9992.0,34.0,,,10008,34,,,,,10004.5,0.0
0,91000,RAINFOREST_RESIN,9992.0,35.0,,,,,10008,35,,,,,10000.0,0.0
0,91100,RAINFOREST_RESIN,9992.0,30.0,,,,,10008,30,,,,,10000.0,0.0
0,91200,RAINFOREST_RESIN,9992.0,25.0,,,,,10008,25,,,,,10000.0,0.0
0,91300,RAINFOREST_RESIN,9992.0,30.0,,,,,9997,9,10008.0,30.0,,,9994.5,0.0
0,91400,RAINFOREST_RESIN,9992.0,29.0,,,,,10008,29,,,,,10000.0,0.0
0,91500,RAINFOREST_RESIN,9992.0,32.0,,,,,10008,32,,,,,10000.0,0.0
0,91600,RAINFOREST_RESIN,9992.0,30.0,,,,,10008,30,,,,,10000.0,0.0
0,91700,RAINFOREST_RESIN,9992.0,31.0,,,,,10008,31,,,,,10000.0,0.0
0,91800,RAINFOREST_RESIN,10002.0,3.0,9997.0,5.0,9992.0,35.0,10008,35,,,,,10005.0,0.0
0,91900,RAINFOREST_RESIN,9992.0,31.0,,,,,10008,31,,,,,10000.0,0.0
0,92000,RAINFOREST_RESIN,9992.0,33.0,,,,,10000,4,10008.0,33.0,,,9996.0,0.0
0,92100,RAINFOREST_RESIN,9992.0,34.0,,,,,10008,34,,,,,10000.0,0.0
0,92200,RAINFOREST_RESIN,9992.0,33.0,,,,,10008,33,,,,,10000.0,0.0
0,92300,RAINFOREST_RESIN,9992.0,25.0,,,,,10008,25,,,,,10000.0,0.0
0,92400,RAINFOREST_RESIN,9992.0,34.0,,,,,10008,34,,,,,10000.0,0.0
0,92500,RAINFOREST_RESIN,9992.0,28.0,,,,,10008,28,,,,,10000.0,0.0
0,92600,RAINFOREST_RESIN,9992.0,29.0,,,,,10008,29,,,,,10000.0,0.0
0,92700,RAINFOREST_RESIN,9992.0,29.0,,,,,10008,29,,,,,10000.0,0.0
0,92800,RAINFOREST_RESIN,9992.0,35.0,,,,,9998,5,10008.0,35.0,,,9995.0,0.0
0,92900,RAINFOREST_RESIN,9992.0,33.0,,,,,9999,1,10008.0,33.0,,,9995.5,0.0
0,93000,RAINFOREST_RESIN,9997.0,4.0,9992.0,31.0,,,10008,31,,,,,10002.5,0.0
0,93100,RAINFOREST_RESIN,9992.0,32.0,,,,,10008,32,,,,,10000.0,0.0
0,93200,RAINFOREST_RESIN,10002.0,4.0,9992.0,34.0,,,10008,34,,,,,10005.0,0.0
0,93300,RAINFOREST_RESIN,9992.0,30.0,,,,,9998,4,10008.0,30.0,,,9995.0,0.0
0,93400,RAINFOREST_RESIN,9992.0,26.0,,,,,10008,26,,,,,10000.0,0.0
0,93500,RAINFOREST_RESIN,9992.0,30.0,,,,,10008,30,,,,,10000.0,0.0
0,93600,RAINFOREST_RESIN,10002.0,3.0,9992.0,25.0,,,10008,25,,,,,10005.0,0.0
0,93700,RAINFOREST_RESIN,9992.0,31.0,,,,,10003,7,10008.0,31.0,,,9997.5,0.0
0,93800,RAINFOREST_RESIN,10002.0,3.0,9992.0,28.0,,,10008,28,,,,,10005.0,0.0
0,93900,RAINFOREST_RESIN,9992.0,27.0,,,,,10008,27,,,,,10000.0,0.0
0,94000,RAINFOREST_RESIN,9992.0,34.0,,,,,10008,34,,,,,10000.0,0.0
0,94100,RAINFOREST_RESIN,9992.0,30.0,,,,,10008,30,,,,,10000.0,0.0
0,94200,RAINFOREST_RESIN,9992.0,25.0,,,,,10008,25,,,,,10000.0,0.0
0,94300,RAINFOREST_RESIN,9992.0,27.0,,,,,10003,8,10008.0,27.0,,,9997.5,0.0
0,94400,RAINFOREST_RESIN,9992.0,30.0,,,,,10008,30,,,,,10000.0,0.0
0,94500,RAINFOREST_RESIN,9992.0,29.0,,,,,10008,29,,,,,10000.0,0.0
0,94600,RAINFOREST_RESIN,9992.0,33.0,,,,,10008,33,,,,,10000.0,0.0
0,94700,RAINFOREST_RESIN,9992.0,34.0,,,,,10008,34,,,,,10000.0,0.0
0,94800,RAINFOREST_RESIN,9992.0,33.0,,,,,9999,1,10008.0,33.0,,,9995.5,0.0
0,94900,RAINFOREST_RESIN,9992.0,29.0,,,,,10008,29,,,,,10000.0,0.0
0,95000,RAINFOREST_RESIN,10001.0,1.0,9992.0,35.0,,,10008,35,,,,,10004.5,0.0
0,95100,RAINFOREST_RESIN,10001.0,1.0,9992.0,32.0,,,10008,32,,,,,10004.5,0.0
0,95200,RAINFOREST_RESIN,9992.0,28.0,,,,,10008,28,,,,,10000.0,0.0
0,95300,RAINFOREST_RESIN,9992.0,30.0,,,,,10008,30,,,,,10000.0,0.0
0,95400,RAINFOREST_RESIN,10001.0,1.0,9992.0,28.0,,,10008,28,,,,,10004.5,0.0
0,95500,RAINFOREST_RESIN,9992.0,27.0,,,,,10003,4,10008.0,27.0,,,9997.5,0.0
0,95600,RAINFOREST_RESIN,9992.0,32.0,,,,,10008,32,,,,,10000.0,0.0
0,95700,RAINFOREST_RESIN,10000.0,4.0,9992.0,32.0,,,10008,32,,,,,10004.0,0.0
0,95800,RAINFOREST_RESIN,10000.0,1.0,9992.0,29.0,,,10008,29,,,,,10004.0,0.0
0,95900,RAINFOREST_RESIN,9992.0,32.0,,,,,10008,32,,,,,10000.0,0.0
0,96000,RAINFOREST_RESIN,9992.0,33.0,,,,,10008,33,,,,,10000.0,0.0
0,96100,RAINFOREST_RESIN,9992.0,31.0,,,,,10008,31,,,,,10000.0,0.0
0,96200,RAINFOREST_RESIN,9992.0,33.0,,,,,10008,33,,,,,10000.0,0.0
0,96300,RAINFOREST_RESIN,9992.0,32.0,,,,,10008,32,,,,,10000.0,0.0
0,96400,RAINFOREST_RESIN,10001.0,1.0,9992.0,34.0,,,10003,6,10008.0,34.0,,,10002.0,0.0
0,96500,RAINFOREST_RESIN,9992.0,27.0,,,,,10008,27,,,,,10000.0,0.0
0,96600,RAINFOREST_RESIN,9992.0,28.0,,,,,10008,28,,,,,10000.0,0.0
0,96700,RAINFOREST_RESIN,10001.0,1.0,9992.0,30.0,,,10008,30,,,,,10004.5,0.0
0,96800,RAINFOREST_RESIN,9992.0,35.0,,,,,10008,35,,,,,10000.0,0.0
0,96900,RAINFOREST_RESIN,9992.0,28.0,,,,,10003,5,10008.0,28.0,,,9997.5,0.0
0,97000,RAINFOREST_RESIN,9992.0,33.0,,,,,10008,33,,,,,10000.0,0.0
0,97100,RAINFOREST_RESIN,9997.0,8.0,9992.0,34.0,,,10008,34,,,,,10002.5,0.0
0,97200,RAINFOREST_RESIN,9992.0,34.0,,,,,9999,1,10003.0,3.0,10008.0,34.0,9995.5,0.0
0,97300,RAINFOREST_RESIN,9992.0,27.0,,,,,10008,27,,,,,10000.0,0.0
0,97400,RAINFOREST_RESIN,9992.0,27.0,,,,,10008,27,,,,,10000.0,0.0
0,97500,RAINFOREST_RESIN,9992.0,28.0,,,,,10008,28,,,,,10000.0,0.0
0,97600,RAINFOREST_RESIN,9992.0,34.0,,,,,10008,34,,,,,10000.0,0.0
0,97700,RAINFOREST_RESIN,9992.0,27.0,,,,,10008,27,,,,,10000.0,0.0
0,97800,RAINFOREST_RESIN,9992.0,25.0,,,,,10008,25,,,,,10000.0,0.0
0,97900,RAINFOREST_RESIN,9992.0,28.0,,,,,10008,28,,,,,10000.0,0.0
0,98000,RAINFOREST_RESIN,9992.0,33.0,,,,,10008,33,,,,,10000.0,0.0
0,98100,RAINFOREST_RESIN,9992.0,32.0,,,,,10008,32,,,,,10000.0,0.0
0,98200,RAINFOREST_RESIN,10002.0,4.0,9997.0,6.0,9992.0,25.0,10008,25,,,,,10005.0,0.0
0,98300,RAINFOREST_RESIN,9992.0,25.0,,,,,10008,25,,,,,10000.0,0.0
0,98400,RAINFOREST_RESIN,9992.0,35.0,,,,,10008,35,,,,,10000.0,0.0
0,98500,RAINFOREST_RESIN,9992.0,35.0,,,,,10008,35,,,,,10000.0,0.0
0,98600,RAINFOREST_RESIN,10000.0,2.0,9992.0,32.0,,,10008,32,,,,,10004.0,0.0
0,98700,RAINFOREST_RESIN,9992.0,35.0,,,,,10008,35,,,,,10000.0,0.0
0,98800,RAINFOREST_RESIN,9992.0,26.0,,,,,10008,26,,,,,10000.0,0.0
0,98900,RAINFOREST_RESIN,9992.0,32.0,,,,,10008,32,,,,,10000.0,0.0
0,99000,RAINFOREST_RESIN,9992.0,27.0,,,,,10003,5,10008.0,27.0,,,9997.5,0.0
0,99100,RAINFOREST_RESIN,9992.0,26.0,,,,,10008,26,,,,,10000.0,0.0
0,99200,RAINFOREST_RESIN,9992.0,35.0,,,,,10008,35,,,,,10000.0,0.0
0,99300,RAINFOREST_RESIN,9992.0,35.0,,,,,10008,35,,,,,10000.0,0.0
0,99400,RAINFOREST_RESIN,9992.0,25.0,,,,,10008,25,,,,,10000.0,0.0
0,99500,RAINFOREST_RESIN,9992.0,31.0,,,,,10008,31,,,,,10000.0,0.0
0,99600,RAINFOREST_RESIN,9992.0,27.0,,,,,10008,27,,,,,10000.0,0.0
0,99700,RAINFOREST_RESIN,10002.0,4.0,9992.0,30.0,,,10008,30,,,,,10005.0,0.0
0,99800,RAINFOREST_RESIN,9992.0,31.0,,,,,10008,31,,,,,10000.0,0.0
0,99900,RAINFOREST_RESIN,10001.0,1.0,9992.0,25.0,,,10008,25,,,,,10004.5,0.0
0,100000,RAINFOREST_RESIN,9992.0,29.0,,,,,10008,29,,,,,10000.0,0.0
0,100100,RAINFOREST_RESIN,9992.0,32.0,,,,,10008,32,,,,,10000.0,0.0
0,100200,RAINFOREST_RESIN,9992.0,30.0,,,,,10008,30,,,,,10000.0,0.0
0,100300,RAINFOREST_RESIN,9992.0,31.0,,,,,10008,31,,,,,10000.0,0.0
0,100400,RAINFOREST_RESIN,9992.0,31.0,,,,,9997,10,10008.0,31.0,,,9994.5,0.0
0,100500,RAINFOREST_RESIN,9992.0,32.0,,,,,10008,32,,,,,10000.0,0.0
0,100600,RAINFOREST_RESIN,9992.0,26.0,,,,,10008,26,,,,,10000.0,0.0
0,100700,RAINFOREST_RESIN,9992.0,28.0,,,,,10008,28,,,,,10000.0,0.0
0,100800,RAINFOREST_RESIN,9992.0,28.0,,,,,9999,1,10008.0,28.0,,,9995.5,0.0
0,100900,RAINFOREST_RESIN,10001.0,1.0,9992.0,35.0,,,10008,35,,,,,10004.5,0.0
0,101000,RAINFOREST_RESIN,9992.0,31.0,,,,,10008,31,,,,,10000.0,0.0
0,101100,RAINFOREST_RESIN,9992.0,30.0,,,,,9999,1,10008.0,30.0,,,9995.5,0.0
0,101200,RAINFOREST_RESIN,9992.0,28.0,,,,,10008,28,,,,,10000.0,0.0
0,101300,RAINFOREST_RESIN,9992.0,29.0,,,,,10008,29,,,,,10000.0,0.0
0,101400,RAINFOREST_RESIN,9992.0,26.0,,,,,10008,26,,,,,10000.0,0.0
0,101500,RAINFOREST_RESIN,9992.0,32.0,,,,,10008,32,,,,,10000.0,0.0
0,101600,RAINFOREST_RESIN,9992.0,25.0,,,,,10008,25,,,,,10000.0,0.0
0,101700,RAINFOREST_RESIN,9992.0,31.0,,,,,9998,4,10008.0,31.0,,,9995.0,0.0
0,101800,RAINFOREST_RESIN,9992.0,29.0,,,,,9999,1,10008.0,29.0,,,9995.5,0.0
0,101900,RAINFOREST_RESIN,9997.0,3.0,9992.0,27.0,,,10008,27,,,,,10002.5,0.0
0,102000,RAINFOREST_RESIN,9992.0,26.0,,,,,10008,26,,,,,10000.0,0.0
0,102100,RAINFOREST_RESIN,9992.0,27.0,,,,,10008,27,,,,,10000.0,0.0
0,102200,RAINFOREST_RESIN,9992.0,31.0,,,,,10008,31,,,,,10000.0,0.0
0,102300,RAINFOREST_RESIN,9997.0,8.0,9992.0,28.0,,,10008,28,,,,,10002.5,0.0
0,102400,RAINFOREST_RESIN,9992.0,27.0,,,,,10003,8,10008.0,27.0,,,9997.5,0.0
0,102500,RAINFOREST_RESIN,9997.0,5.0,9992.0,28.0,,,10008,28,,,,,10002.5,0.0
0,102600,RAINFOREST_RESIN,10000.0,3.0,9992.0,34.0,,,10008,34,,,,,10004.0,0.0
0,102700,RAINFOREST_RESIN,9992.0,30.0,,,,,10000,3,10003.0,7.0,10008.0,30.0,9996.0,0.0
0,102800,RAINFOREST_RESIN,9992.0,31.0,,,,,10008,31,,,,,10000.0,0.0
0,102900,RAINFOREST_RESIN,9992.0,33.0,,,,,10008,33,,,,,10000.0,0.0
0,103000,RAINFOREST_RESIN,9992.0,25.0,,,,,10008,25,,,,,10000.0,0.0
0,103100,RAINFOREST_RESIN,9992.0,27.0,,,,,10008,27,,,,,10000.0,0.0
0,103200,RAINFOREST_RESIN,9992.0,25.0,,,,,10000,3,10008.0,25.0,,,9996.0,0.0
0,103300,RAINFOREST_RESIN,9992.0,35.0,,,,,10008,35,,,,,10000.0,0.0
0,103400,RAINFOREST_RESIN,9992.0,29.0,,,,,10008,29,,,,,10000.0,0.0
0,103500,RAINFOREST_RESIN,9992.0,26.0,,,,,10008,26,,,,,10000.0,0.0
0,103600,RAINFOREST_RESIN,9992.0,31.0,,,,,10008,31,,,,,10000.0,0.0
0,103700,RAINFOREST_RESIN,9992.0,27.0,,,,,10008,27,,,,,10000.0,0.0
0,103800,RAINFOREST_RESIN,9997.0,8.0,9992.0,35.0,,,10008,35,,,,,10002.5,0.0
0,103900,RAINFOREST_RESIN,9992.0,30.0,,,,,10008,30,,,,,10000.0,0.0
0,104000,RAINFOREST_RESIN,9992.0,32.0,,,,,10008,32,,,,,10000.0,0.0
0,104100,RAINFOREST_RESIN,9992.0,33.0,,,,,10008,33,,,,,10000.0,0.0
0,104200,RAINFOREST_RESIN,9997.0,5.0,9992.0,26.0,,,10008,26,,,,,10002.5,0.0
0,104300,RAINFOREST_RESIN,9992.0,34.0,,,,,10008,34,,,,,10000.0,0.0
0,104400,RAINFOREST_RESIN,9992.0,33.0,,,,,10008,33,,,,,10000.0,0.0
0,104500,RAINFOREST_RESIN,9992.0,31.0,,,,,10008,31,,,,,10000.0,0.0
0,104600,RAINFOREST_RESIN,9992.0,30.0,,,,,10008,30,,,,,10000.0,0.0
0,104700,RAINFOREST_RESIN,9992.0,31.0,,,,,10008,31,,,,,10000.0,0.0
0,104800,RAINFOREST_RESIN,9992.0,26.0,,,,,10008,26,,,,,10000.0,0.0
0,104900,RAINFOREST_RESIN,9992.0,33.0,,,,,10008,33,,,,,10000.0,0.0
0,105000,RAINFOREST_RESIN,9992.0,25.0,,,,,10008,25,,,,,10000.0,0.0
0,105100,RAINFOREST_RESIN,10001.0,1.0,9997.0,4.0,9992.0,30.0,10008,30,,,,,10004.5,0.0
0,105200,RAINFOREST_RESIN,9992.0,30.0,,,,,10008,30,,,,,10000.0,0.0
0,105300,RAINFOREST_RESIN,9992.0,25.0,,,,,10008,25,,,,,10000.0,0.0
0,105400,RAINFOREST_RESIN,9992.0,26.0,,,,,10008,26,,,,,10000.0,0.0
0,105500,RAINFOREST_RESIN,9992.0,26.0,,,,,10008,26,,,,,10000.0,0.0
0,105600,RAINFOREST_RESIN,9992.0,29.0,,,,,9998,3,10008.0,29.0,,,9995.0,0.0
0,105700,RAINFOREST_RESIN,9992.0,30.0,,,,,10008,30,,,,,10000.0,0.0
0,105800,RAINFOREST_RESIN,9992.0,33.0,,,,,10000,5,10008.0,33.0,,,9996.0,0.0
0,105900,RAINFOREST_RESIN,9992.0,27.0,,,,,10008,27,,,,,10000.0,0.0
0,106000,RAINFOREST_RESIN,9992.0,29.0,,,,,10000,3,10008.0,29.0,,,9996.0,0.0
0,106100,RAINFOREST_RESIN,9997.0,4.0,9992.0,27.0,,,10008,27,,,,,10002.5,0.0
0,106200,RAINFOREST_RESIN,9992.0,25.0,,,,,10008,25,,,,,10000.0,0.0
0,106300,RAINFOREST_RESIN,9992.0,35.0,,,,,9998,4,10008.0,35.0,,,9995.0,0.0
0,106400,RAINFOREST_RESIN,9997.0,5.0,9992.0,28.0,,,10008,28,,,,,10002.5,0.0
0,106500,RAINFOREST_RESIN,9992.0,29.0,,,,,10008,29,,,,,10000.0,0.0
0,106600,RAINFOREST_RESIN,9992.0,33.0,,,,,10008,33,,,,,10000.0,0.0
0,106700,RAINFOREST_RESIN,9997.0,8.0,9992.0,25.0,,,10008,25,,,,,10002.5,0.0
0,106800,RAINFOREST_RESIN,9992.0,30.0,,,,,10008,30,,,,,10000.0,0.0
0,106900,RAINFOREST_RESIN,9992.0,32.0,,,,,10003,8,10008.0,32.0,,,9997.5,0.0
0,107000,RAINFOREST_RESIN,9992.0,33.0,,,,,10008,33,,,,,10000.0,0.0
0,107100,RAINFOREST_RESIN,9992.0,31.0,,,,,10008,31,,,,,10000.0,0.0
0,107200,RAINFOREST_RESIN,9992.0,29.0,,,,,10008,29,,,,,10000.0,0.0
0,107300,RAINFOREST_RESIN,9992.0,27.0,,,,,10008,27,,,,,10000.0,0.0
0,107400,RAINFOREST_RESIN,10003.0,10.0,9992.0,29.0,,,10008,29,,,,,10005.5,0.0
0,107500,RAINFOREST_RESIN,9992.0,33.0,,,,,10008,33,,,,,10000.0,0.0
0,107600,RAINFOREST_RESIN,9992.0,31.0,,,,,10008,31,,,,,10000.0,0.0
0,107700,RAINFOREST_RESIN,9992.0,28.0,,,,,10008,28,,,,,10000.0,0.0
0,107800,RAINFOREST_RESIN,9992.0,29.0,,,,,10003,7,10008.0,29.0,,,9997.5,0.0
0,107900,RAINFOREST_RESIN,9992.0,31.0,,,,,10008,31,,,,,10000.0,0.0
0,108000,RAINFOREST_RESIN,9992.0,27.0,,,,,10008,27,,,,,10000.0,0.0
0,108100,RAINFOREST_RESIN,9992.0,33.0,,,,,10008,33,,,,,10000.0,0.0
0,108200,RAINFOREST_RESIN,9992.0,26.0,,,,,10008,26,,,,,10000.0,0.0
0,108300,RAINFOREST_RESIN,10003.0,10.0,9997.0,2.0,9992.0,34.0,10008,34,,,,,10005.5,0.0
0,108400,RAINFOREST_RESIN,9992.0,27.0,,,,,10008,27,,,,,10000.0,0.0
0,108500,RAINFOREST_RESIN,9992.0,33.0,,,,,10008,33,,,,,10000.0,0.0
0,108600,RAINFOREST_RESIN,9992.0,28.0,,,,,10008,28,,,,,10000.0,0.0
0,108700,RAINFOREST_RESIN,9992.0,25.0,,,,,10008,25,,,,,10000.0,0.0
0,108800,RAINFOREST_RESIN,9992.0,34.0,,,,,9998,5,10008.0,34.0,,,9995.0,0.0
0,108900,RAINFOREST_RESIN,9992.0,29.0,,,,,10000,3,10008.0,29.0,,,9996.0,0.0
0,109000,RAINFOREST_RESIN,9992.0,35.0,,,,,10008,35,,,,,10000.0,0.0
0,109100,RAINFOREST_RESIN,10001.0,1.0,9992.0,30.0,,,10008,30,,,,,10004.5,0.0
0,109200,RAINFOREST_RESIN,9992.0,33.0,,,,,10008,33,,,,,10000.0,0.0
0,109300,RAINFOREST_RESIN,9992.0,26.0,,,,,10008,26,,,,,10000.0,0.0
0,109400,RAINFOREST_RESIN,9992.0,28.0,,,,,10008,28,,,,,10000.0,0.0
0,109500,RAINFOREST_RESIN,9992.0,31.0,,,,,10008,31,,,,,10000.0,0.0
0,109600,RAINFOREST_RESIN,10002.0,4.0,10000.0,2.0,9992.0,35.0,10008,35,,,,,10005.0,0.0
0,109700,RAINFOREST_RESIN,9992.0,26.0,,,,,10008,26,,,,,10000.0,0.0
0,109800,RAINFOREST_RESIN,9992.0,28.0,,,,,10008,28,,,,,10000.0,0.0
0,109900,RAINFOREST_RESIN,10001.0,1.0,9992.0,29.0,,,10008,29,,,,,10004.5,0.0
0,110000,RAINFOREST_RESIN,9992.0,28.0,,,,,10003,4,10008.0,28.0,,,9997.5,0.0
0,110100,RAINFOREST_RESIN,9992.0,26.0,,,,,10008,26,,,,,10000.0,0.0
0,110200,RAINFOREST_RESIN,9997.0,7.0,9992.0,26.0,,,10008,26,,,,,10002.5,0.0
0,110300,RAINFOREST_RESIN,10002.0,3.0,10000.0,3.0,9992.0,27.0,10008,27,,,,,10005.0,0.0
0,110400,RAINFOREST_RESIN,9992.0,31.0,,,,,10008,31,,,,,10000.0,0.0
0,110500,RAINFOREST_RESIN,9992.0,27.0,,,,,10008,27,,,,,10000.0,0.0
0,110600,RAINFOREST_RESIN,9992.0,25.0,,,,,10008,25,,,,,10000.0,0.0
0,110700,RAINFOREST_RESIN,9992.0,34.0,,,,,10008,34,,,,,10000.0,0.0
0,110800,RAINFOREST_RESIN,9992.0,26.0,,,,,10008,26,,,,,10000.0,0.0
0,110900,RAINFOREST_RESIN,9992.0,26.0,,,,,10008,26,,,,,10000.0,0.0
0,111000,RAINFOREST_RESIN,9992.0,31.0,,,,,10008,31,,,,,10000.0,0.0
0,111100,RAINFOREST_RESIN,10001.0,1.0,9992.0,31.0,,,10003,3,10008.0,31.0,,,10002.0,0.0
0,111200,RAINFOREST_RESIN,9992.0,25.0,,,,,10008,25,,,,,10000.0,0.0
0,111300,RAINFOREST_RESIN,9992.0,33.0,,,,,10000,5,10008.0,33.0,,,9996.0,0.0
0,111400,RAINFOREST_RESIN,9992.0,31.0,,,,,10008,31,,,,,10000.0,0.0
0,111500,RAINFOREST_RESIN,9992.0,26.0,,,,,10008,26,,,,,10000.0,0.0
0,111600,RAINFOREST_RESIN,9992.0,29.0,,,,,10008,29,,,,,10000.0,0.0
0,111700,RAINFOREST_RESIN,9992.0,30.0,,,,,10008,30,,,,,10000.0,0.0
0,111800,RAINFOREST_RESIN,9992.0,28.0,,,,,10008,28,,,,,10000.0,0.0
0,111900,RAINFOREST_RESIN,9992.0,33.0,,,,,9998,3,10008.0,33.0,,,9995.0,0.0
0,112000,RAINFOREST_RESIN,9992.0,26.0,,,,,10008,26,,,,,10000.0,0.0
0,112100,RAINFOREST_RESIN,9992.0,32.0,,,,,10008,32,,,,,10000.0,0.0
0,112200,RAINFOREST_RESIN,9992.0,32.0,,,,,10008,32,,,,,10000.0,0.0
0,112300,RAINFOREST_RESIN,9992.0,35.0,,,,,10008,35,,,,,10000.0,0.0
0,112400,RAINFOREST_RESIN,9992.0,32.0,,,,,9999,1,10008.0,32.0,,,9995.5,0.0
0,112500,RAINFOREST_RESIN,9992.0,26.0,,,,,10008,26,,,,,10000.0,0.0
0,112600,RAINFOREST_RESIN,9992.0,35.0,,,,,10008,35,,,,,10000.0,0.0
0,112700,RAINFOREST_RESIN,9992.0,30.0,,,,,10008,30,,,,,10000.0,0.0
0,112800,RAINFOREST_RESIN,9992.0,26.0,,,,,10008,26,,,,,10000.0,0.0
0,112900,RAINFOREST_RESIN,9992.0,31.0,,,,,10003,4,10008.0,31.0,,,9997.5,0.0
0,113000,RAINFOREST_RESIN,9992.0,30.0,,,,,10008,30,,,,,10000.0,0.0
0,113100,RAINFOREST_RESIN,10000.0,3.0,9992.0,31.0,,,10008,31,,,,,10004.0,0.0
0,113200,RAINFOREST_RESIN,9992.0,26.0,,,,,10008,26,,,,,10000.0,0.0
0,113300,RAINFOREST_RESIN,9992.0,25.0,,,,,10008,25,,,,,10000.0,0.0
0,113400,RAINFOREST_RESIN,9992.0,32.0,,,,,10008,32,,,,,10000.0,0.0
0,113500,RAINFOREST_RESIN,10002.0,4.0,9992.0,33.0,,,10008,33,,,,,10005.0,0.0
0,113600,RAINFOREST_RESIN,9992.0,32.0,,,,,10008,32,,,,,10000.0,0.0
0,113700,RAINFOREST_RESIN,9992.0,31.0,,,,,10008,31,,,,,10000.0,0.0
0,113800,RAINFOREST_RESIN,9992.0,27.0,,,,,10008,27,,,,,10000.0,0.0
0,113900,RAINFOREST_RESIN,10001.0,1.0,9992.0,33.0,,,10008,33,,,,,10004.5,0.0
0,114000,RAINFOREST_RESIN,9992.0,29.0,,,,,10008,29,,,,,10000.0,0.0
0,114100,RAINFOREST_RESIN,9992.0,32.0,,,,,9999,1,10008.0,32.0,,,9995.5,0.0
0,114200,RAINFOREST_RESIN,9992.0,25.0,,,,,10008,25,,,,,10000.0,0.0
0,114300,RAINFOREST_RESIN,9992.0,26.0,,,,,10008,26,,,,,10000.0,0.0
0,114400,RAINFOREST_RESIN,9992.0,27.0,,,,,10008,27,,,,,10000.0,0.0
0,114500,RAINFOREST_RESIN,10002.0,3.0,10001.0,1.0,9992.0,32.0,10008,32,,,,,10005.0,0.0
0,114600,RAINFOREST_RESIN,9992.0,34.0,,,,,10008,34,,,,,10000.0,0.0
0,114700,RAINFOREST_RESIN,9992.0,32.0,,,,,10008,32,,,,,10000.0,0.0
0,114800,RAINFOREST_RESIN,9992.0,31.0,,,,,10008,31,,,,,10000.0,0.0
0,114900,RAINFOREST_RESIN,10002.0,3.0,9992.0,31.0,,,10008,31,,,,,10005.0,0.0
0,115000,RAINFOREST_RESIN,9992.0,32.0,,,,,10008,32,,,,,10000.0,0.0
0,115100,RAINFOREST_RESIN,9992.0,30.0,,,,,10008,30,,,,,10000.0,0.0
0,115200,RAINFOREST_RESIN,9992.0,28.0,,,,,10008,28,,,,,10000.0,0.0
0,115300,RAINFOREST_RESIN,10003.0,7.0,9992.0,28.0,,,10008,28,,,,,10005.5,0.0
0,115400,RAINFOREST_RESIN,9992.0,30.0,,,,,10008,30,,,,,10000.0,0.0
0,115500,RAINFOREST_RESIN,9992.0,33.0,,,,,10008,33,,,,,10000.0,0.0
0,115600,RAINFOREST_RESIN,9992.0,33.0,,,,,10008,33,,,,,10000.0,0.0
0,115700,RAINFOREST_RESIN,9992.0,32.0,,,,,10008,32,,,,,10000.0,0.0
0,115800,RAINFOREST_RESIN,9992.0,29.0,,,,,10008,29,,,,,10000.0,0.0
0,115900,RAINFOREST_RESIN,9992.0,35.0,,,,,10008,35,,,,,10000.0,0.0
0,116000,RAINFOREST_RESIN,9992.0,28.0,,,,,10008,28,,,,,10000.0,0.0
0,116100,RAINFOREST_RESIN,9992.0,32.0,,,,,10008,32,,,,,10000.0,0.0
0,116200,RAINFOREST_RESIN,9992.0,30.0,,,,,10008,30,,,,,10000.0,0.0
0,116300,RAINFOREST_RESIN,9992.0,35.0,,,,,10008,35,,,,,10000.0,0.0
0,116400,RAINFOREST_RESIN,9992.0,29.0,,,,,10008,29,,,,,10000.0,0.0
0,116500,RAINFOREST_RESIN,9992.0,35.0,,,,,10008,35,,,,,10000.0,0.0
0,116600,RAINFOREST_RESIN,9992.0,35.0,,,,,10008,35,,,,,10000.0,0.0
0,116700,RAINFOREST_RESIN,9992.0,34.0,,,,,10003,2,10008.0,34.0,,,9997.5,0.0
0,116800,RAINFOREST_RESIN,9992.0,31.0,,,,,10008,31,,,,,10000.0,0.0
0,116900,RAINFOREST_RESIN,9992.0,25.0,,,,,10008,25,,,,,10000.0,0.0
0,117000,RAINFOREST_RESIN,9992.0,25.0,,,,,10008,25,,,,,10000.0,0.0
0,117100,RAINFOREST_RESIN,9992.0,26.0,,,,,10008,26,,,,,10000.0,0.0
0,117200,RAINFOREST_RESIN,9992.0,27.0,,,,,10008,27,,,,,10000.0,0.0
0,117300,RAINFOREST_RESIN,9992.0,29.0,,,,,9998,5,10008.0,29.0,,,9995.0,0.0
0,117400,RAINFOREST_RESIN,9992.0,33.0,,,,,10008,33,,,,,10000.0,0.0
0,117500,RAINFOREST_RESIN,9992.0,32.0,,,,,10008,32,,,,,10000.0,0.0
0,117600,RAINFOREST_RESIN,9992.0,30.0,,,,,10008,30,,,,,10000.0,0.0
0,117700,RAINFOREST_RESIN,9992.0,29.0,,,,,10008,29,,,,,10000.0,0.0
0,117800,RAINFOREST_RESIN,9992.0,28.0,,,,,9999,1,10008.0,28.0,,,9995.5,0.0
0,117900,RAINFOREST_RESIN,9992.0,31.0,,,,,10008,31,,,,,10000.0,0.0
0,118000,RAINFOREST_RESIN,9997.0,5.0,9992.0,33.0,,,10008,33,,,,,10002.5,0.0
0,118100,RAINFOREST_RESIN,9992.0,31.0,,,,,10008,31,,,,,10000.0,0.0
0,118200,RAINFOREST_RESIN,9992.0,31.0,,,,,10008,31,,,,,10000.0,0.0
0,118300,RAINFOREST_RESIN,9992.0,30.0,,,,,10008,30,,,,,10000.0,0.0
0,118400,RAINFOREST_RESIN,9992.0,31.0,,,,,10008,31,,,,,10000.0,0.0
0,118500,RAINFOREST_RESIN,10002.0,3.0,10001.0,1.0,9992.0,27.0,10008,27,,,,,10005.0,0.0
0,118600,RAINFOREST_RESIN,9992.0,29.0,,,,,10008,29,,,,,10000.0,0.0
0,118700,RAINFOREST_RESIN,9997.0,6.0,9992.0,29.0,,,10008,29,,,,,10002.5,0.0
0,118800,RAINFOREST_RESIN,9992.0,34.0,,,,,10008,34,,,,,10000.0,0.0
0,118900,RAINFOREST_RESIN,9992.0,34.0,,,,,10008,34,,,,,10000.0,0.0
0,119000,RAINFOREST_RESIN,9992.0,29.0,,,,,10008,29,,,,,10000.0,0.0
0,119100,RAINFOREST_RESIN,9992.0,29.0,,,,,10008,29,,,,,10000.0,0.0
0,119200,RAINFOREST_RESIN,9992.0,34.0,,,,,10008,34,,,,,10000.0,0.0
0,119300,RAINFOREST_RESIN,9992.0,32.0,,,,,10008,32,,,,,10000.0,0.0
0,119400,RAINFOREST_RESIN,9992.0,31.0,,,,,10008,31,,,,,10000.0,0.0
0,119500,RAINFOREST_RESIN,9992.0,26.0,,,,,10008,26,,,,,10000.0,0.0
0,119600,RAINFOREST_RESIN,9992.0,29.0,,,,,10008,29,,,,,10000.0,0.0
0,119700,RAINFOREST_RESIN,9992.0,34.0,,,,,10008,34,,,,,10000.0,0.0
0,119800,RAINFOREST_RESIN,9992.0,34.0,,,,,10008,34,,,,,10000.0,0.0
0,119900,RAINFOREST_RESIN,10001.0,1.0,9992.0,27.0,,,10008,27,,,,,10004.5,0.0
0,120000,RAINFOREST_RESIN,9992.0,34.0,,,,,9999,1,10003.0,2.0,10008.0,34.0,9995.5,0.0
0,120100,RAINFOREST_RESIN,9997.0,2.0,9992.0,30.0,,,10008,30,,,,,10002.5,0.0
0,120200,RAINFOREST_RESIN,9992.0,35.0,,,,,10008,35,,,,,10000.0,0.0
0,120300,RAINFOREST_RESIN,9992.0,28.0,,,,,10008,28,,,,,10000.0,0.0
0,120400,RAINFOREST_RESIN,9992.0,31.0,,,,,10008,31,,,,,10000.0,0.0
0,120500,RAINFOREST_RESIN,9992.0,26.0,,,,,9999,1,10008.0,26.0,,,9995.5,0.0
0,120600,RAINFOREST_RESIN,9992.0,32.0,,,,,10008,32,,,,,10000.0,0.0
0,120700,RAINFOREST_RESIN,9992.0,29.0,,,,,10008,29,,,,,10000.0,0.0
0,120800,RAINFOREST_RESIN,10000.0,3.0,9992.0,34.0,,,10008,34,,,,,10004.0,0.0
0,120900,RAINFOREST_RESIN,9992.0,35.0,,,,,10008,35,,,,,10000.0,0.0
0,121000,RAINFOREST_RESIN,9992.0,26.0,,,,,10008,26,,,,,10000.0,0.0
0,121100,RAINFOREST_RESIN,9992.0,32.0,,,,,10008,32,,,,,10000.0,0.0
0,121200,RAINFOREST_RESIN,10001.0,1.0,9992.0,35.0,,,10008,35,,,,,10004.5,0.0
0,121300,RAINFOREST_RESIN,9992.0,29.0,,,,,10008,29,,,,,10000.0,0.0
0,121400,RAINFOREST_RESIN,9992.0,31.0,,,,,10008,31,,,,,10000.0,0.0
0,121500,RAINFOREST_RESIN,9992.0,30.0,,,,,10008,30,,,,,10000.0,0.0
0,121600,RAINFOREST_RESIN,9992.0,33.0,,,,,10008,33,,,,,10000.0,0.0
0,121700,RAINFOREST_RESIN,9992.0,32.0,,,,,10003,6,10008.0,32.0,,,9997.5,0.0
0,121800,RAINFOREST_RESIN,9992.0,34.0,,,,,10008,34,,,,,10000.0,0.0
0,121900,RAINFOREST_RESIN,9992.0,31.0,,,,,10003,4,10008.0,31.0,,,9997.5,0.0
0,122000,RAINFOREST_RESIN,9992.0,35.0,,,,,9998,3,10003.0,3.0,10008.0,35.0,9995.0,0.0
0,122100,RAINFOREST_RESIN,9997.0,4.0,9992.0,27.0,,,10008,27,,,,,10002.5,0.0
0,122200,RAINFOREST_RESIN,9992.0,30.0,,,,,10008,30,,,,,10000.0,0.0
0,122300,RAINFOREST_RESIN,9992.0,25.0,,,,,10008,25,,,,,10000.0,0.0
0,122400,RAINFOREST_RESIN,9992.0,33.0,,,,,10008,33,,,,,10000.0,0.0
0,122500,RAINFOREST_RESIN,9992.0,29.0,,,,,10008,29,,,,,10000.0,0.0
0,122600,RAINFOREST_RESIN,9992.0,31.0,,,,,10008,31,,,,,10000.0,0.0
0,122700,RAINFOREST_RESIN,10002.0,3.0,9992.0,25.0,,,10003,8,10008.0,25.0,,,10002.5,0.0
0,122800,RAINFOREST_RESIN,9992.0,34.0,,,,,10008,34,,,,,10000.0,0.0
0,122900,RAINFOREST_RESIN,9992.0,30.0,,,,,10008,30,,,,,10000.0,0.0
0,123000,RAINFOREST_RESIN,9992.0,25.0,,,,,10008,25,,,,,10000.0,0.0
0,123100,RAINFOREST_RESIN,9992.0,33.0,,,,,10008,33,,,,,10000.0,0.0
0,123200,RAINFOREST_RESIN,9992.0,31.0,,,,,10008,31,,,,,10000.0,0.0
0,123300,RAINFOREST_RESIN,9992.0,26.0,,,,,10008,26,,,,,10000.0,0.0
0,123400,RAINFOREST_RESIN,9992.0,30.0,,,,,10008,30,,,,,10000.0,0.0
0,123500,RAINFOREST_RESIN,9992.0,28.0,,,,,10008,28,,,,,10000.0,0.0
0,123600,RAINFOREST_RESIN,9992.0,26.0,,,,,10008,26,,,,,10000.0,0.0
0,123700,RAINFOREST_RESIN,9992.0,25.0,,,,,10008,25,,,,,10000.0,0.0
0,123800,RAINFOREST_RESIN,9992.0,27.0,,,,,10008,27,,,,,10000.0,0.0
0,123900,RAINFOREST_RESIN,9992.0,26.0,,,,,10008,26,,,,,10000.0,0.0
0,124000,RAINFOREST_RESIN,9992.0,32.0,,,,,10008,32,,,,,10000.0,0.0
0,124100,RAINFOREST_RESIN,9992.0,32.0,,,,,10008,32,,,,,10000.0,0.0
0,124200,RAINFOREST_RESIN,9992.0,35.0,,,,,10008,35,,,,,10000.0,0.0
0,124300,RAINFOREST_RESIN,9992.0,32.0,,,,,10008,32,,,,,10000.0,0.0
0,124400,RAINFOREST_RESIN,9992.0,34.0,,,,,10008,34,,,,,10000.0,0.0
0,124500,RAINFOREST_RESIN,9997.0,5.0,9992.0,33.0,,,10008,33,,,,,10002.5,0.0
0,124600,RAINFOREST_RESIN,9992.0,30.0,,,,,10008,30,,,,,10000.0,0.0
0,124700,RAINFOREST_RESIN,10000.0,3.0,9992.0,25.0,,,10008,25,,,,,10004.0,0.0
0,124800,RAINFOREST_RESIN,9992.0,35.0,,,,,10008,35,,,,,10000.0,0.0
0,124900,RAINFOREST_RESIN,9992.0,27.0,,,,,9999,1,10008.0,27.0,,,9995.5,0.0
0,125000,RAINFOREST_RESIN,9992.0,26.0,,,,,10008,26,,,,,10000.0,0.0
0,125100,RAINFOREST_RESIN,9992.0,27.0,,,,,10008,27,,,,,10000.0,0.0
0,125200,RAINFOREST_RESIN,9992.0,30.0,,,,,10008,30,,,,,10000.0,0.0
0,125300,RAINFOREST_RESIN,9992.0,35.0,,,,,10008,35,,,,,10000.0,0.0
0,125400,RAINFOREST_RESIN,9992.0,27.0,,,,,9999,1,10008.0,27.0,,,9995.5,0.0
0,125500,RAINFOREST_RESIN,9992.0,33.0,,,,,10008,33,,,,,10000.0,0.0
0,125600,RAINFOREST_RESIN,9992.0,32.0,,,,,10008,32,,,,,10000.0,0.0
0,125700,RAINFOREST_RESIN,9992.0,35.0,,,,,10008,35,,,,,10000.0,0.0
0,125800,RAINFOREST_RESIN,9992.0,28.0,,,,,10008,28,,,,,10000.0,0.0
0,125900,RAINFOREST_RESIN,9997.0,4.0,9992.0,34.0,,,10008,34,,,,,10002.5,0.0
0,126000,RAINFOREST_RESIN,9992.0,26.0,,,,,10008,26,,,,,10000.0,0.0
0,126100,RAINFOREST_RESIN,9992.0,35.0,,,,,10008,35,,,,,10000.0,0.0
0,126200,RAINFOREST_RESIN,9997.0,4.0,9992.0,33.0,,,10008,33,,,,,10002.5,0.0
0,126300,RAINFOREST_RESIN,9992.0,28.0,,,,,10003,3,10008.0,28.0,,,9997.5,0.0
0,126400,RAINFOREST_RESIN,9992.0,25.0,,,,,10003,7,10008.0,25.0,,,9997.5,0.0
0,126500,RAINFOREST_RESIN,9992.0,35.0,,,,,10003,2,10008.0,35.0,,,9997.5,0.0
0,126600,RAINFOREST_RESIN,9992.0,32.0,,,,,10008,32,,,,,10000.0,0.0
0,126700,RAINFOREST_RESIN,9992.0,26.0,,,,,10008,26,,,,,10000.0,0.0
0,126800,RAINFOREST_RESIN,9992.0,30.0,,,,,10008,30,,,,,10000.0,0.0
0,126900,RAINFOREST_RESIN,9992.0,31.0,,,,,10008,31,,,,,10000.0,0.0
0,127000,RAINFOREST_RESIN,9992.0,32.0,,,,,10008,32,,,,,10000.0,0.0
0,127100,RAINFOREST_RESIN,9992.0,26.0,,,,,9998,3,10008.0,26.0,,,9995.0,0.0
0,127200,RAINFOREST_RESIN,9992.0,31.0,,,,,10008,31,,,,,10000.0,0.0
0,127300,RAINFOREST_RESIN,9992.0,29.0,,,,,10008,29,,,,,10000.0,0.0
0,127400,RAINFOREST_RESIN,9992.0,35.0,,,,,10008,35,,,,,10000.0,0.0
0,127500,RAINFOREST_RESIN,9992.0,25.0,,,,,10008,25,,,,,10000.0,0.0
0,127600,RAINFOREST_RESIN,9992.0,34.0,,,,,10008,34,,,,,10000.0,0.0
0,127700,RAINFOREST_RESIN,9992.0,28.0,,,,,10003,5,10008.0,28.0,,,9997.5,0.0
0,127800,RAINFOREST_RESIN,9992.0,25.0,,,,,9999,1,10008.0,25.0,,,9995.5,0.0
0,127900,RAINFOREST_RESIN,9992.0,35.0,,,,,10008,35,,,,,10000.0,0.0
0,128000,RAINFOREST_RESIN,9992.0,34.0,,,,,10008,34,,,,,10000.0,0.0
0,128100,RAINFOREST_RESIN,9992.0,35.0,,,,,9998,3,10008.0,35.0,,,9995.0,0.0
0,128200,RAINFOREST_RESIN,9992.0,27.0,,,,,10008,27,,,,,10000.0,0.0
0,128300,RAINFOREST_RESIN,9992.0,34.0,,,,,10008,34,,,,,10000.0,0.0
0,128400,RAINFOREST_RESIN,9992.0,26.0,,,,,10008,26,,,,,10000.0,0.0
0,128500,RAINFOREST_RESIN,9992.0,31.0,,,,,10008,31,,,,,10000.0,0.0
0,128600,RAINFOREST_RESIN,10000.0,5.0,9992.0,30.0,,,10008,30,,,,,10004.0,0.0
0,128700,RAINFOREST_RESIN,9992.0,30.0,,,,,9999,1,10008.0,30.0,,,9995.5,0.0
0,128800,RAINFOREST_RESIN,9992.0,25.0,,,,,10008,25,,,,,10000.0,0.0
0,128900,RAINFOREST_RESIN,9992.0,31.0,,,,,10008,31,,,,,10000.0,0.0
0,129000,RAINFOREST_RESIN,9992.0,32.0,,,,,10008,32,,,,,10000.0,0.0
0,129100,RAINFOREST_RESIN,9992.0,28.0,,,,,10008,28,,,,,10000.0,0.0
0,129200,RAINFOREST_RESIN,9992.0,32.0,,,,,10008,32,,,,,10000.0,0.0
0,129300,RAINFOREST_RESIN,9992.0,28.0,,,,,10008,28,,,,,10000.0,0.0
0,129400,RAINFOREST_RESIN,9992.0,35.0,,,,,10008,35,,,,,10000.0,0.0
0,129500,RAINFOREST_RESIN,9992.0,28.0,,,,,10008,28,,,,,10000.0,0.0
0,129600,RAINFOREST_RESIN,9992.0,30.0,,,,,10008,30,,,,,10000.0,0.0
0,129700,RAINFOREST_RESIN,9992.0,31.0,,,,,10008,31,,,,,10000.0,0.0
0,129800,RAINFOREST_RESIN,9992.0,33.0,,,,,9999,1,10008.0,33.0,,,9995.5,0.0
0,129900,RAINFOREST_RESIN,9992.0,29.0,,,,,10008,29,,,,,10000.0,0.0
0,130000,RAINFOREST_RESIN,9992.0,25.0,,,,,10008,25,,,,,10000.0,0.0
0,130100,RAINFOREST_RESIN,9992.0,32.0,,,,,10008,32,,,,,10000.0,0.0
0,130200,RAINFOREST_RESIN,10002.0,4.0,9992.0,32.0,,,10008,32,,,,,10005.0,0.0
0,130300,RAINFOREST_RESIN,9992.0,29.0,,,,,10008,29,,,,,10000.0,0.0
0,130400,RAINFOREST_RESIN,9992.0,25.0,,,,,10008,25,,,,,10000.0,0.0
0,130500,RAINFOREST_RESIN,9992.0,32.0,,,,,10008,32,,,,,10000.0,0.0
0,130600,RAINFOREST_RESIN,9992.0,35.0,,,,,9999,1,10008.0,35.0,,,9995.5,0.0
0,130700,RAINFOREST_RESIN,10001.0,1.0,9992.0,33.0,,,10008,33,,,,,10004.5,0.0
0,130800,RAINFOREST_RESIN,9992.0,33.0,,,,,10008,33,,,,,10000.0,0.0
0,130900,RAINFOREST_RESIN,9992.0,35.0,,,,,10003,4,10008.0,35.0,,,9997.5,0.0
0,131000,RAINFOREST_RESIN,9992.0,30.0,,,,,10008,30,,,,,10000.0,0.0
0,131100,RAINFOREST_RESIN,10001.0,1.0,9992.0,35.0,,,10008,35,,,,,10004.5,0.0
0,131200,RAINFOREST_RESIN,10002.0,4.0,9992.0,33.0,,,10003,3,10008.0,33.0,,,10002.5,0.0
0,131300,RAINFOREST_RESIN,9992.0,28.0,,,,,10008,28,,,,,10000.0,0.0
0,131400,RAINFOREST_RESIN,9992.0,26.0,,,,,10008,26,,,,,10000.0,0.0
0,131500,RAINFOREST_RESIN,9992.0,34.0,,,,,10008,34,,,,,10000.0,0.0
0,131600,RAINFOREST_RESIN,9992.0,29.0,,,,,10008,29,,,,,10000.0,0.0
0,131700,RAINFOREST_RESIN,9992.0,30.0,,,,,10008,30,,,,,10000.0,0.0
0,131800,RAINFOREST_RESIN,9992.0,25.0,,,,,10008,25,,,,,10000.0,0.0
0,131900,RAINFOREST_RESIN,9992.0,30.0,,,,,10008,30,,,,,10000.0,0.0
0,132000,RAINFOREST_RESIN,9992.0,27.0,,,,,10008,27,,,,,10000.0,0.0
0,132100,RAINFOREST_RESIN,9992.0,33.0,,,,,10008,33,,,,,10000.0,0.0
0,132200,RAINFOREST_RESIN,9992.0,27.0,,,,,10008,27,,,,,10000.0,0.0
0,132300,RAINFOREST_RESIN,9992.0,33.0,,,,,10008,33,,,,,10000.0,0.0
0,132400,RAINFOREST_RESIN,9992.0,26.0,,,,,10008,26,,,,,10000.0,0.0
0,132500,RAINFOREST_RESIN,9992.0,28.0,,,,,10008,28,,,,,10000.0,0.0
0,132600,RAINFOREST_RESIN,9992.0,32.0,,,,,10000,4,10008.0,32.0,,,9996.0,0.0
0,132700,RAINFOREST_RESIN,9992.0,26.0,,,,,10008,26,,,,,10000.0,0.0
0,132800,RAINFOREST_RESIN,9992.0,30.0,,,,,10008,30,,,,,10000.0,0.0
0,132900,RAINFOREST_RESIN,9992.0,29.0,,,,,10008,29,,,,,10000.0,0.0
0,133000,RAINFOREST_RESIN,9992.0,27.0,,,,,10008,27,,,,,10000.0,0.0
0,133100,RAINFOREST_RESIN,9992.0,26.0,,,,,10003,4,10008.0,26.0,,,9997.5,0.0
0,133200,RAINFOREST_RESIN,9992.0,29.0,,,,,10008,29,,,,,10000.0,0.0
0,133300,RAINFOREST_RESIN,9992.0,29.0,,,,,10008,29,,,,,10000.0,0.0
0,133400,RAINFOREST_RESIN,9992.0,28.0,,,,,10008,28,,,,,10000.0,0.0
0,133500,RAINFOREST_RESIN,9992.0,26.0,,,,,10008,26,,,,,10000.0,0.0
0,133600,RAINFOREST_RESIN,9992.0,30.0,,,,,10008,30,,,,,10000.0,0.0
0,133700,RAINFOREST_RESIN,9992.0,28.0,,,,,10008,28,,,,,10000.0,0.0
0,133800,RAINFOREST_RESIN,10001.0,1.0,9992.0,33.0,,,10008,33,,,,,10004.5,0.0
0,133900,RAINFOREST_RESIN,9992.0,27.0,,,,,10008,27,,,,,10000.0,0.0
0,134000,RAINFOREST_RESIN,9992.0,26.0,,,,,10008,26,,,,,10000.0,0.0
0,134100,RAINFOREST_RESIN,9997.0,8.0,9992.0,28.0,,,10008,28,,,,,10002.5,0.0
0,134200,RAINFOREST_RESIN,9992.0,32.0,,,,,10008,32,,,,,10000.0,0.0
0,134300,RAINFOREST_RESIN,10001.0,1.0,9992.0,28.0,,,10008,28,,,,,10004.5,0.0
0,134400,RAINFOREST_RESIN,9992.0,28.0,,,,,10008,28,,,,,10000.0,0.0
0,134500,RAINFOREST_RESIN,9992.0,34.0,,,,,10008,34,,,,,10000.0,0.0
0,134600,RAINFOREST_RESIN,9992.0,28.0,,,,,10003,2,10008.0,28.0,,,9997.5,0.0
0,134700,RAINFOREST_RESIN,9997.0,2.0,9992.0,35.0,,,10008,35,,,,,10002.5,0.0
0,134800,RAINFOREST_RESIN,9992.0,34.0,,,,,10008,34,,,,,10000.0,0.0
0,134900,RAINFOREST_RESIN,9992.0,28.0,,,,,10008,28,,,,,10000.0,0.0
0,135000,RAINFOREST_RESIN,9992.0,29.0,,,,,10000,3,10008.0,29.0,,,9996.0,0.0
0,135100,RAINFOREST_RESIN,10002.0,3.0,9992.0,28.0,,,10008,28,,,,,10005.0,0.0
0,135200,RAINFOREST_RESIN,9992.0,28.0,,,,,9998,2,10008.0,28.0,,,9995.0,0.0
0,135300,RAINFOREST_RESIN,9992.0,25.0,,,,,10000,5,10008.0,25.0,,,9996.0,0.0
0,135400,RAINFOREST_RESIN,9992.0,25.0,,,,,10008,25,,,,,10000.0,0.0
0,135500,RAINFOREST_RESIN,9992.0,26.0,,,,,9998,3,10008.0,26.0,,,9995.0,0.0
0,135600,RAINFOREST_RESIN,9992.0,32.0,,,,,10008,32,,,,,10000.0,0.0
0,135700,RAINFOREST_RESIN,9992.0,33.0,,,,,10008,33,,,,,10000.0,0.0
0,135800,RAINFOREST_RESIN,9992.0,32.0,,,,,10008,32,,,,,10000.0,0.0
0,135900,RAINFOREST_RESIN,9992.0,34.0,,,,,10008,34,,,,,10000.0,0.0
0,136000,RAINFOREST_RESIN,9997.0,8.0,9992.0,27.0,,,10008,27,,,,,10002.5,0.0
0,136100,RAINFOREST_RESIN,10001.0,1.0,9992.0,35.0,,,10008,35,,,,,10004.5,0.0
0,136200,RAINFOREST_RESIN,9992.0,29.0,,,,,10003,5,10008.0,29.0,,,9997.5,0.0
0,136300,RAINFOREST_RESIN,9992.0,30.0,,,,,10008,30,,,,,10000.0,0.0
0,136400,RAINFOREST_RESIN,9992.0,29.0,,,,,10008,29,,,,,10000.0,0.0
0,136500,RAINFOREST_RESIN,9992.0,31.0,,,,,9998,4,10008.0,31.0,,,9995.0,0.0
0,136600,RAINFOREST_RESIN,9992.0,30.0,,,,,10008,30,,,,,10000.0,0.0
0,136700,RAINFOREST_RESIN,9992.0,31.0,,,,,10008,31,,,,,10000.0,0.0
0,136800,RAINFOREST_RESIN,9992.0,25.0,,,,,10008,25,,,,,10000.0,0.0
0,136900,RAINFOREST_RESIN,9992.0,32.0,,,,,10008,32,,,,,10000.0,0.0
0,137000,RAINFOREST_RESIN,9992.0,34.0,,,,,10008,34,,,,,10000.0,0.0
0,137100,RAINFOREST_RESIN,9992.0,35.0,,,,,10003,2,10008.0,35.0,,,9997.5,0.0
0,137200,RAINFOREST_RESIN,9992.0,30.0,,,,,10008,30,,,,,10000.0,0.0
0,137300,RAINFOREST_RESIN,9992.0,27.0,,,,,10008,27,,,,,10000.0,0.0
0,137400,RAINFOREST_RESIN,9992.0,35.0,,,,,10008,35,,,,,10000.0,0.0
0,137500,RAINFOREST_RESIN,9992.0,33.0,,,,,10008,33,,,,,10000.0,0.0
0,137600,RAINFOREST_RESIN,9992.0,31.0,,,,,9999,1,10008.0,31.0,,,9995.5,0.0
0,137700,RAINFOREST_RESIN,9992.0,34.0,,,,,10008,34,,,,,10000.0,0.0
0,137800,RAINFOREST_RESIN,9997.0,6.0,9992.0,28.0,,,10008,28,,,,,10002.5,0.0
0,137900,RAINFOREST_RESIN,9992.0,35.0,,,,,10008,35,,,,,10000.0,0.0
0,138000,RAINFOREST_RESIN,9992.0,31.0,,,,,9997,4,9999.0,1.0,10008.0,31.0,9994.5,0.0
0,138100,RAINFOREST_RESIN,9992.0,27.0,,,,,10008,27,,,,,10000.0,0.0
0,138200,RAINFOREST_RESIN,9992.0,27.0,,,,,10008,27,,,,,10000.0,0.0
0,138300,RAINFOREST_RESIN,9992.0,32.0,,,,,10008,32,,,,,10000.0,0.0
0,138400,RAINFOREST_RESIN,10003.0,9.0,9992.0,32.0,,,10008,32,,,,,10005.5,0.0
0,138500,RAINFOREST_RESIN,9992.0,35.0,,,,,10008,35,,,,,10000.0,0.0
0,138600,RAINFOREST_RESIN,9992.0,26.0,,,,,10008,26,,,,,10000.0,0.0
0,138700,RAINFOREST_RESIN,9992.0,33.0,,,,,10008,33,,,,,10000.0,0.0
0,138800,RAINFOREST_RESIN,10001.0,1.0,9992.0,35.0,,,10003,2,10008.0,35.0,,,10002.0,0.0
0,138900,RAINFOREST_RESIN,10001.0,1.0,9992.0,29.0,,,10008,29,,,,,10004.5,0.0
0,139000,RAINFOREST_RESIN,9992.0,27.0,,,,,10008,27,,,,,10000.0,0.0
0,139100,RAINFOREST_RESIN,9992.0,29.0,,,,,10008,29,,,,,10000.0,0.0
0,139200,RAINFOREST_RESIN,9992.0,25.0,,,,,10008,25,,,,,10000.0,0.0
0,139300,RAINFOREST_RESIN,9992.0,30.0,,,,,10008,30,,,,,10000.0,0.0
0,139400,RAINFOREST_RESIN,9992.0,33.0,,,,,10000,3,10008.0,33.0,,,9996.0,0.0
0,139500,RAINFOREST_RESIN,9992.0,28.0,,,,,10008,28,,,,,10000.0,0.0
0,139600,RAINFOREST_RESIN,9992.0,31.0,,,,,10008,31,,,,,10000.0,0.0
0,139700,RAINFOREST_RESIN,9992.0,34.0,,,,,10008,34,,,,,10000.0,0.0
0,139800,RAINFOREST_RESIN,9997.0,2.0,9992.0,26.0,,,10008,26,,,,,10002.5,0.0
0,139900,RAINFOREST_RESIN,9992.0,31.0,,,,,10008,31,,,,,10000.0,0.0
0,140000,RAINFOREST_RESIN,9992.0,32.0,,,,,10008,32,,,,,10000.0,0.0
0,140100,RAINFOREST_RESIN,9992.0,26.0,,,,,10008,26,,,,,10000.0,0.0
0,140200,RAINFOREST_RESIN,9992.0,31.0,,,,,10008,31,,,,,10000.0,0.0
0,140300,RAINFOREST_RESIN,9992.0,34.0,,,,,10008,34,,,,,10000.0,0.0
0,140400,RAINFOREST_RESIN,9992.0,34.0,,,,,10008,34,,,,,10000.0,0.0
0,140500,RAINFOREST_RESIN,9992.0,33.0,,,,,10008,33,,,,,10000.0,0.0
0,140600,RAINFOREST_RESIN,9992.0,31.0,,,,,10008,31,,,,,10000.0,0.0
0,140700,RAINFOREST_RESIN,9992.0,27.0,,,,,10008,27,,,,,10000.0,0.0
0,140800,RAINFOREST_RESIN,9992.0,25.0,,,,,10003,4,10008.0,25.0,,,9997.5,0.0
0,140900,RAINFOREST_RESIN,9992.0,31.0,,,,,10008,31,,,,,10000.0,0.0
0,141000,RAINFOREST_RESIN,9992.0,30.0,,,,,10008,30,,,,,10000.0,0.0
0,141100,RAINFOREST_RESIN,9992.0,31.0,,,,,10008,31,,,,,10000.0,0.0
0,141200,RAINFOREST_RESIN,10001.0,1.0,9992.0,29.0,,,10008,29,,,,,10004.5,0.0
0,141300,RAINFOREST_RESIN,9992.0,33.0,,,,,10003,2,10008.0,33.0,,,9997.5,0.0
0,141400,RAINFOREST_RESIN,9992.0,33.0,,,,,10008,33,,,,,10000.0,0.0
0,141500,RAINFOREST_RESIN,9992.0,33.0,,,,,10008,33,,,,,10000.0,0.0
0,141600,RAINFOREST_RESIN,9992.0,35.0,,,,,10008,35,,,,,10000.0,0.0
0,141700,RAINFOREST_RESIN,9992.0,29.0,,,,,10008,29,,,,,10000.0,0.0
0,141800,RAINFOREST_RESIN,9997.0,8.0,9992.0,25.0,,,10008,25,,,,,10002.5,0.0
0,141900,RAINFOREST_RESIN,10002.0,4.0,9992.0,29.0,,,10003,3,10008.0,29.0,,,10002.5,0.0
0,142000,RAINFOREST_RESIN,9992.0,31.0,,,,,10008,31,,,,,10000.0,0.0
0,142100,RAINFOREST_RESIN,9992.0,31.0,,,,,10008,31,,,,,10000.0,0.0
0,142200,RAINFOREST_RESIN,10002.0,3.0,9992.0,29.0,,,10008,29,,,,,10005.0,0.0
0,142300,RAINFOREST_RESIN,9992.0,26.0,,,,,10008,26,,,,,10000.0,0.0
0,142400,RAINFOREST_RESIN,9992.0,27.0,,,,,10003,2,10008.0,27.0,,,9997.5,0.0
0,142500,RAINFOREST_RESIN,10001.0,1.0,9992.0,33.0,,,10008,33,,,,,10004.5,0.0
0,142600,RAINFOREST_RESIN,9992.0,30.0,,,,,10008,30,,,,,10000.0,0.0
0,142700,RAINFOREST_RESIN,9992.0,30.0,,,,,10008,30,,,,,10000.0,0.0
0,142800,RAINFOREST_RESIN,9992.0,34.0,,,,,10008,34,,,,,10000.0,0.0
0,142900,RAINFOREST_RESIN,9992.0,34.0,,,,,10008,34,,,,,10000.0,0.0
0,143000,RAINFOREST_RESIN,9992.0,35.0,,,,,10008,35,,,,,10000.0,0.0
0,143100,RAINFOREST_RESIN,9992.0,32.0,,,,,10008,32,,,,,10000.0,0.0
0,143200,RAINFOREST_RESIN,9992.0,31.0,,,,,9999,1,10008.0,31.0,,,9995.5,0.0
0,143300,RAINFOREST_RESIN,9992.0,34.0,,,,,10008,34,,,,,10000.0,0.0
0,143400,RAINFOREST_RESIN,9992.0,29.0,,,,,10008,29,,,,,10000.0,0.0
0,143500,RAINFOREST_RESIN,9992.0,33.0,,,,,10008,33,,,,,10000.0,0.0
0,143600,RAINFOREST_RESIN,9992.0,28.0,,,,,10008,28,,,,,10000.0,0.0
0,143700,RAINFOREST_RESIN,10001.0,1.0,9992.0,28.0,,,10008,28,,,,,10004.5,0.0
0,143800,RAINFOREST_RESIN,10002.0,3.0,9992.0,30.0,,,10003,5,10008.0,30.0,,,10002.5,0.0
0,143900,RAINFOREST_RESIN,9992.0,27.0,,,,,9998,4,10008.0,27.0,,,9995.0,0.0
