day,timestamp,product,bid_price_1,bid_volume_1,bid_price_2,bid_volume_2,bid_price_3,bid_volume_3,ask_price_1,ask_volume_1,ask_price_2,ask_volume_2,ask_price_3,ask_volume_3,mid_price,profit_and_loss
1,0,JAMS,6541.0,237.0,,,,,6543,237,,,,,6542.0,0.0
1,100,JAMS,6541.0,189.0,,,,,6543,189,,,,,6542.0,0.0
1,200,JAMS,6542.0,87.0,6541.0,111.0,,,6543,98,6544.0,111.0,,,6542.5,0.0
1,300,JAMS,6541.0,234.0,,,,,6543,234,,,,,6542.0,0.0
1,400,JAMS,6540.0,211.0,,,,,6542,211,,,,,6541.0,0.0
1,500,JAMS,6541.0,81.0,6540.0,111.0,,,6542,81,6543.0,111.0,,,6541.5,0.0
1,600,JAMS,6541.0,174.0,,,,,6543,174,,,,,6542.0,0.0
1,700,JAMS,6542.0,54.0,6541.0,140.0,,,6543,60,6544.0,140.0,,,6542.5,0.0
1,800,JAMS,6542.0,66.0,6541.0,198.0,,,6543,66,6544.0,198.0,,,6542.5,0.0
1,900,JAMS,6542.0,51.0,6541.0,164.0,,,6543,51,6544.0,164.0,,,6542.5,0.0
1,1000,JAMS,6543.0,278.0,,,,,6545,278,,,,,6544.0,0.0
1,1100,JAMS,6542.0,264.0,,,,,6544,264,,,,,6543.0,0.0
1,1200,JAMS,6542.0,81.0,6541.0,104.0,,,6543,81,6544.0,104.0,,,6542.5,0.0
1,1300,JAMS,6542.0,70.0,6541.0,130.0,,,6543,70,6544.0,130.0,,,6542.5,0.0
1,1400,JAMS,6542.0,100.0,6541.0,187.0,,,6543,100,6544.0,187.0,,,6542.5,0.0
1,1500,JAMS,6542.0,52.0,6541.0,144.0,,,6543,62,6544.0,144.0,,,6542.5,0.0
1,1600,JAMS,6542.0,59.0,6541.0,113.0,,,6543,63,6544.0,113.0,,,6542.5,0.0
1,1700,JAMS,6542.0,97.0,6541.0,137.0,,,6543,97,6544.0,137.0,,,6542.5,0.0
1,1800,JAMS,6542.0,97.0,6541.0,128.0,,,6543,97,6544.0,128.0,,,6542.5,0.0
1,1900,JAMS,6541.0,293.0,,,,,6543,293,,,,,6542.0,0.0
1,2000,JAMS,6541.0,267.0,,,,,6543,267,,,,,6542.0,0.0
1,2100,JAMS,6541.0,251.0,,,,,6543,251,,,,,6542.0,0.0
1,2200,JAMS,6542.0,53.0,6541.0,165.0,,,6543,53,6544.0,165.0,,,6542.5,0.0
1,2300,JAMS,6542.0,100.0,6541.0,178.0,,,6543,100,6544.0,178.0,,,6542.5,0.0
1,2400,JAMS,6542.0,206.0,,,,,6544,206,,,,,6543.0,0.0
1,2500,JAMS,6542.0,99.0,6541.0,116.0,,,6543,99,6544.0,116.0,,,6542.5,0.0
1,2600,JAMS,6542.0,254.0,,,,,6544,254,,,,,6543.0,0.0
1,2700,JAMS,6542.0,184.0,,,,,6544,184,,,,,6543.0,0.0
1,2800,JAMS,6542.0,77.0,6541.0,167.0,,,6543,77,6544.0,167.0,,,6542.5,0.0
1,2900,JAMS,6542.0,252.0,,,,,6544,252,,,,,6543.0,0.0
1,3000,JAMS,6543.0,210.0,,,,,6545,210,,,,,6544.0,0.0
1,3100,JAMS,6543.0,184.0,,,,,6545,184,,,,,6544.0,0.0
1,3200,JAMS,6543.0,207.0,,,,,6545,207,,,,,6544.0,0.0
1,3300,JAMS,6543.0,72.0,6542.0,125.0,,,6544,72,6545.0,125.0,,,6543.5,0.0
1,3400,JAMS,6543.0,99.0,6542.0,100.0,,,6544,87,6545.0,100.0,,,6543.5,0.0
1,3500,JAMS,6544.0,215.0,,,,,6546,215,,,,,6545.0,0.0
1,3600,JAMS,6543.0,191.0,,,,,6545,191,,,,,6544.0,0.0
1,3700,JAMS,6543.0,213.0,,,,,6545,213,,,,,6544.0,0.0
1,3800,JAMS,6543.0,234.0,,,,,6545,234,,,,,6544.0,0.0
1,3900,JAMS,6542.0,187.0,,,,,6544,187,,,,,6543.0,0.0
1,4000,JAMS,6542.0,194.0,,,,,6544,194,,,,,6543.0,0.0
1,4100,JAMS,6542.0,239.0,,,,,6544,239,,,,,6543.0,0.0
1,4200,JAMS,6542.0,206.0,,,,,6544,206,,,,,6543.0,0.0
1,4300,JAMS,6542.0,208.0,,,,,6544,208,,,,,6543.0,0.0
1,4400,JAMS,6542.0,278.0,,,,,6543,6,6544.0,278.0,,,6542.5,0.0
1,4500,JAMS,6542.0,281.0,,,,,6544,281,,,,,6543.0,0.0
1,4600,JAMS,6542.0,182.0,,,,,6544,191,,,,,6543.0,0.0
1,4700,JAMS,6542.0,210.0,,,,,6544,210,,,,,6543.0,0.0
1,4800,JAMS,6542.0,228.0,,,,,6544,228,,,,,6543.0,0.0
1,4900,JAMS,6542.0,182.0,,,,,6544,182,,,,,6543.0,0.0
1,5000,JAMS,6542.0,222.0,,,,,6544,222,,,,,6543.0,0.0
1,5100,JAMS,6542.0,169.0,,,,,6544,169,,,,,6543.0,0.0
1,5200,JAMS,6542.0,73.0,6541.0,128.0,,,6543,73,6544.0,128.0,,,6542.5,0.0
1,5300,JAMS,6541.0,90.0,6540.0,155.0,,,6542,90,6543.0,155.0,,,6541.5,0.0
1,5400,JAMS,6540.0,296.0,,,,,6542,296,,,,,6541.0,0.0
1,5500,JAMS,6540.0,205.0,,,,,6542,214,,,,,6541.0,0.0
1,5600,JAMS,6540.0,258.0,,,,,6542,258,,,,,6541.0,0.0
1,5700,JAMS,6540.0,178.0,,,,,6542,178,,,,,6541.0,0.0
1,5800,JAMS,6540.0,243.0,,,,,6542,243,,,,,6541.0,0.0
1,5900,JAMS,6540.0,220.0,,,,,6542,220,,,,,6541.0,0.0
1,6000,JAMS,6540.0,188.0,,,,,6542,188,,,,,6541.0,0.0
1,6100,JAMS,6540.0,235.0,,,,,6542,235,,,,,6541.0,0.0
1,6200,JAMS,6540.0,292.0,,,,,6542,280,,,,,6541.0,0.0
1,6300,JAMS,6540.0,228.0,,,,,6542,228,,,,,6541.0,0.0
1,6400,JAMS,6540.0,192.0,,,,,6541,6,6542.0,192.0,,,6540.5,0.0
1,6500,JAMS,6540.0,186.0,,,,,6542,186,,,,,6541.0,0.0
1,6600,JAMS,6540.0,81.0,6539.0,110.0,,,6541,81,6542.0,110.0,,,6540.5,0.0
1,6700,JAMS,6540.0,73.0,6539.0,198.0,,,6541,73,6542.0,198.0,,,6540.5,0.0
1,6800,JAMS,6540.0,232.0,,,,,6542,232,,,,,6541.0,0.0
1,6900,JAMS,6541.0,56.0,6540.0,198.0,,,6542,50,6543.0,198.0,,,6541.5,0.0
1,7000,JAMS,6541.0,73.0,6540.0,119.0,,,6542,73,6543.0,119.0,,,6541.5,0.0
1,7100,JAMS,6540.0,229.0,,,,,6542,229,,,,,6541.0,0.0
1,7200,JAMS,6540.0,217.0,,,,,6542,217,,,,,6541.0,0.0
1,7300,JAMS,6540.0,227.0,,,,,6542,227,,,,,6541.0,0.0
1,7400,JAMS,6540.0,245.0,,,,,6542,245,,,,,6541.0,0.0
1,7500,JAMS,6540.0,55.0,6539.0,158.0,,,6541,55,6542.0,158.0,,,6540.5,0.0
1,7600,JAMS,6539.0,204.0,,,,,6541,204,,,,,6540.0,0.0
1,7700,JAMS,6539.0,227.0,,,,,6541,227,,,,,6540.0,0.0
1,7800,JAMS,6538.0,187.0,,,,,6540,187,,,,,6539.0,0.0
1,7900,JAMS,6539.0,74.0,6538.0,148.0,,,6540,74,6541.0,148.0,,,6539.5,0.0
1,8000,JAMS,6538.0,257.0,,,,,6540,257,,,,,6539.0,0.0
1,8100,JAMS,6538.0,233.0,,,,,6540,233,,,,,6539.0,0.0
1,8200,JAMS,6538.0,227.0,,,,,6540,227,,,,,6539.0,0.0
1,8300,JAMS,6538.0,231.0,,,,,6540,231,,,,,6539.0,0.0
1,8400,JAMS,6538.0,51.0,6537.0,153.0,,,6539,51,6540.0,153.0,,,6538.5,0.0
1,8500,JAMS,6538.0,248.0,,,,,6540,251,,,,,6539.0,0.0
1,8600,JAMS,6539.0,236.0,,,,,6541,236,,,,,6540.0,0.0
1,8700,JAMS,6539.0,207.0,,,,,6541,207,,,,,6540.0,0.0
1,8800,JAMS,6540.0,55.0,6539.0,169.0,,,6541,55,6542.0,169.0,,,6540.5,0.0
1,8900,JAMS,6539.0,285.0,,,,,6541,285,,,,,6540.0,0.0
1,9000,JAMS,6539.0,237.0,,,,,6541,237,,,,,6540.0,0.0
1,9100,JAMS,6539.0,237.0,,,,,6541,237,,,,,6540.0,0.0
1,9200,JAMS,6539.0,292.0,,,,,6541,292,,,,,6540.0,0.0
1,9300,JAMS,6539.0,103.0,6538.0,133.0,,,6540,94,6541.0,133.0,,,6539.5,0.0
1,9400,JAMS,6539.0,96.0,6538.0,153.0,,,6540,96,6541.0,153.0,,,6539.5,0.0
1,9500,JAMS,6538.0,191.0,,,,,6540,191,,,,,6539.0,0.0
1,9600,JAMS,6538.0,259.0,,,,,6540,259,,,,,6539.0,0.0
1,9700,JAMS,6538.0,209.0,,,,,6539,75,6540.0,134.0,,,6538.5,0.0
1,9800,JAMS,6538.0,79.0,6537.0,135.0,,,6539,214,,,,,6538.5,0.0
1,9900,JAMS,6538.0,250.0,,,,,6540,250,,,,,6539.0,0.0
1,10000,JAMS,6538.0,225.0,,,,,6540,225,,,,,6539.0,0.0
1,10100,JAMS,6538.0,211.0,,,,,6540,211,,,,,6539.0,0.0
1,10200,JAMS,6538.0,261.0,,,,,6540,268,,,,,6539.0,0.0
1,10300,JAMS,6538.0,198.0,,,,,6540,198,,,,,6539.0,0.0
1,10400,JAMS,6538.0,193.0,,,,,6540,193,,,,,6539.0,0.0
1,10500,JAMS,6539.0,69.0,6538.0,125.0,,,6540,194,,,,,6539.5,0.0
1,10600,JAMS,6539.0,96.0,6538.0,156.0,,,6540,96,6541.0,156.0,,,6539.5,0.0
1,10700,JAMS,6538.0,65.0,6537.0,167.0,,,6539,65,6540.0,167.0,,,6538.5,0.0
1,10800,JAMS,6538.0,266.0,,,,,6540,266,,,,,6539.0,0.0
1,10900,JAMS,6539.0,240.0,,,,,6541,240,,,,,6540.0,0.0
1,11000,JAMS,6540.0,84.0,6539.0,193.0,,,6541,84,6542.0,193.0,,,6540.5,0.0
1,11100,JAMS,6540.0,50.0,6539.0,177.0,,,6541,50,6542.0,177.0,,,6540.5,0.0
1,11200,JAMS,6541.0,175.0,,,,,6543,175,,,,,6542.0,0.0
1,11300,JAMS,6541.0,243.0,,,,,6543,232,,,,,6542.0,0.0
1,11400,JAMS,6540.0,192.0,,,,,6542,192,,,,,6541.0,0.0
1,11500,JAMS,6540.0,244.0,,,,,6542,244,,,,,6541.0,0.0
1,11600,JAMS,6540.0,229.0,,,,,6542,229,,,,,6541.0,0.0
1,11700,JAMS,6541.0,61.0,6540.0,193.0,,,6542,61,6543.0,193.0,,,6541.5,0.0
1,11800,JAMS,6541.0,58.0,6540.0,191.0,,,6542,58,6543.0,191.0,,,6541.5,0.0
1,11900,JAMS,6541.0,96.0,6540.0,116.0,,,6542,96,6543.0,116.0,,,6541.5,0.0
1,12000,JAMS,6541.0,96.0,6540.0,146.0,,,6542,96,6543.0,146.0,,,6541.5,0.0
1,12100,JAMS,6541.0,81.0,6540.0,129.0,,,6542,81,6543.0,129.0,,,6541.5,0.0
1,12200,JAMS,6542.0,261.0,,,,,6544,261,,,,,6543.0,0.0
1,12300,JAMS,6543.0,68.0,6542.0,171.0,,,6544,68,6545.0,171.0,,,6543.5,0.0
1,12400,JAMS,6543.0,98.0,6542.0,174.0,,,6544,98,6545.0,174.0,,,6543.5,0.0
1,12500,JAMS,6543.0,96.0,6542.0,196.0,,,6544,96,6545.0,196.0,,,6543.5,0.0
1,12600,JAMS,6542.0,225.0,,,,,6544,225,,,,,6543.0,0.0
1,12700,JAMS,6542.0,269.0,,,,,6544,269,,,,,6543.0,0.0
1,12800,JAMS,6542.0,242.0,,,,,6544,242,,,,,6543.0,0.0
1,12900,JAMS,6542.0,189.0,,,,,6544,189,,,,,6543.0,0.0
1,13000,JAMS,6542.0,205.0,,,,,6544,205,,,,,6543.0,0.0
1,13100,JAMS,6542.0,266.0,,,,,6544,266,,,,,6543.0,0.0
1,13200,JAMS,6542.0,194.0,,,,,6544,194,,,,,6543.0,0.0
1,13300,JAMS,6542.0,268.0,,,,,6543,10,6544.0,268.0,,,6542.5,0.0
1,13400,JAMS,6543.0,105.0,6542.0,153.0,,,6544,99,6545.0,153.0,,,6543.5,0.0
1,13500,JAMS,6541.0,233.0,,,,,6543,233,,,,,6542.0,0.0
1,13600,JAMS,6541.0,74.0,6540.0,158.0,,,6542,74,6543.0,158.0,,,6541.5,0.0
1,13700,JAMS,6541.0,68.0,6540.0,112.0,,,6542,80,6543.0,112.0,,,6541.5,0.0
1,13800,JAMS,6541.0,58.0,6540.0,194.0,,,6542,58,6543.0,194.0,,,6541.5,0.0
1,13900,JAMS,6540.0,202.0,,,,,6542,202,,,,,6541.0,0.0
1,14000,JAMS,6540.0,225.0,,,,,6542,225,,,,,6541.0,0.0
1,14100,JAMS,6540.0,234.0,,,,,6542,234,,,,,6541.0,0.0
1,14200,JAMS,6540.0,257.0,,,,,6542,257,,,,,6541.0,0.0
1,14300,JAMS,6541.0,59.0,6540.0,187.0,,,6542,59,6543.0,187.0,,,6541.5,0.0
1,14400,JAMS,6541.0,84.0,6540.0,170.0,,,6542,84,6543.0,170.0,,,6541.5,0.0
1,14500,JAMS,6541.0,7.0,6540.0,221.0,,,6542,221,,,,,6541.5,0.0
1,14600,JAMS,6540.0,219.0,,,,,6541,4,6542.0,219.0,,,6540.5,0.0
1,14700,JAMS,6540.0,252.0,,,,,6542,255,,,,,6541.0,0.0
1,14800,JAMS,6540.0,252.0,,,,,6542,252,,,,,6541.0,0.0
1,14900,JAMS,6541.0,71.0,6540.0,193.0,,,6542,71,6543.0,193.0,,,6541.5,0.0
1,15000,JAMS,6541.0,271.0,,,,,6543,271,,,,,6542.0,0.0
1,15100,JAMS,6541.0,235.0,,,,,6543,235,,,,,6542.0,0.0
1,15200,JAMS,6541.0,238.0,,,,,6543,238,,,,,6542.0,0.0
1,15300,JAMS,6540.0,206.0,,,,,6542,206,,,,,6541.0,0.0
1,15400,JAMS,6540.0,180.0,,,,,6542,180,,,,,6541.0,0.0
1,15500,JAMS,6540.0,233.0,,,,,6542,233,,,,,6541.0,0.0
1,15600,JAMS,6540.0,195.0,,,,,6542,195,,,,,6541.0,0.0
1,15700,JAMS,6540.0,193.0,,,,,6542,193,,,,,6541.0,0.0
1,15800,JAMS,6540.0,205.0,,,,,6542,205,,,,,6541.0,0.0
1,15900,JAMS,6540.0,94.0,6539.0,156.0,,,6541,94,6542.0,156.0,,,6540.5,0.0
1,16000,JAMS,6540.0,248.0,,,,,6542,248,,,,,6541.0,0.0
1,16100,JAMS,6540.0,210.0,,,,,6542,210,,,,,6541.0,0.0
1,16200,JAMS,6540.0,207.0,,,,,6542,207,,,,,6541.0,0.0
1,16300,JAMS,6540.0,206.0,,,,,6541,12,6542.0,206.0,,,6540.5,0.0
1,16400,JAMS,6540.0,221.0,,,,,6542,221,,,,,6541.0,0.0
1,16500,JAMS,6540.0,185.0,,,,,6542,185,,,,,6541.0,0.0
1,16600,JAMS,6540.0,194.0,,,,,6542,194,,,,,6541.0,0.0
1,16700,JAMS,6540.0,194.0,,,,,6542,194,,,,,6541.0,0.0
1,16800,JAMS,6540.0,201.0,,,,,6542,201,,,,,6541.0,0.0
1,16900,JAMS,6540.0,191.0,,,,,6542,183,,,,,6541.0,0.0
1,17000,JAMS,6541.0,62.0,6540.0,184.0,,,6542,62,6543.0,184.0,,,6541.5,0.0
1,17100,JAMS,6541.0,253.0,,,,,6543,253,,,,,6542.0,0.0
1,17200,JAMS,6540.0,198.0,,,,,6542,198,,,,,6541.0,0.0
1,17300,JAMS,6540.0,216.0,,,,,6542,216,,,,,6541.0,0.0
1,17400,JAMS,6541.0,90.0,6540.0,118.0,,,6542,90,6543.0,118.0,,,6541.5,0.0
1,17500,JAMS,6540.0,235.0,,,,,6542,235,,,,,6541.0,0.0
1,17600,JAMS,6541.0,72.0,6540.0,140.0,,,6542,212,,,,,6541.5,0.0
1,17700,JAMS,6540.0,196.0,,,,,6542,196,,,,,6541.0,0.0
1,17800,JAMS,6540.0,252.0,,,,,6542,252,,,,,6541.0,0.0
1,17900,JAMS,6540.0,235.0,,,,,6542,235,,,,,6541.0,0.0
1,18000,JAMS,6540.0,204.0,,,,,6542,204,,,,,6541.0,0.0
1,18100,JAMS,6540.0,76.0,6539.0,170.0,,,6541,88,6542.0,170.0,,,6540.5,0.0
1,18200,JAMS,6540.0,106.0,6539.0,140.0,,,6541,95,6542.0,140.0,,,6540.5,0.0
1,18300,JAMS,6539.0,199.0,,,,,6541,199,,,,,6540.0,0.0
1,18400,JAMS,6539.0,194.0,,,,,6541,194,,,,,6540.0,0.0
1,18500,JAMS,6540.0,93.0,6539.0,112.0,,,6541,93,6542.0,112.0,,,6540.5,0.0
1,18600,JAMS,6539.0,237.0,,,,,6541,237,,,,,6540.0,0.0
1,18700,JAMS,6539.0,239.0,,,,,6540,9,6541.0,239.0,,,6539.5,0.0
1,18800,JAMS,6539.0,254.0,,,,,6541,254,,,,,6540.0,0.0
1,18900,JAMS,6539.0,225.0,,,,,6541,225,,,,,6540.0,0.0
1,19000,JAMS,6539.0,245.0,,,,,6541,245,,,,,6540.0,0.0
1,19100,JAMS,6539.0,229.0,,,,,6541,229,,,,,6540.0,0.0
1,19200,JAMS,6539.0,259.0,,,,,6541,259,,,,,6540.0,0.0
1,19300,JAMS,6539.0,268.0,,,,,6541,268,,,,,6540.0,0.0
1,19400,JAMS,6539.0,241.0,,,,,6541,241,,,,,6540.0,0.0
1,19500,JAMS,6539.0,203.0,,,,,6541,203,,,,,6540.0,0.0
1,19600,JAMS,6539.0,272.0,,,,,6541,272,,,,,6540.0,0.0
1,19700,JAMS,6539.0,82.0,6538.0,115.0,,,6540,82,6541.0,115.0,,,6539.5,0.0
1,19800,JAMS,6538.0,61.0,6537.0,143.0,,,6539,61,6540.0,143.0,,,6538.5,0.0
1,19900,JAMS,6538.0,170.0,,,,,6540,170,,,,,6539.0,0.0
1,20000,JAMS,6538.0,229.0,,,,,6540,229,,,,,6539.0,0.0
1,20100,JAMS,6538.0,254.0,,,,,6540,254,,,,,6539.0,0.0
1,20200,JAMS,6538.0,218.0,,,,,6540,218,,,,,6539.0,0.0
1,20300,JAMS,6538.0,237.0,,,,,6540,237,,,,,6539.0,0.0
1,20400,JAMS,6538.0,251.0,,,,,6540,251,,,,,6539.0,0.0
1,20500,JAMS,6538.0,276.0,,,,,6540,276,,,,,6539.0,0.0
1,20600,JAMS,6538.0,220.0,,,,,6540,220,,,,,6539.0,0.0
1,20700,JAMS,6539.0,67.0,6538.0,157.0,,,6540,67,6541.0,157.0,,,6539.5,0.0
1,20800,JAMS,6540.0,47.0,6539.0,200.0,,,6541,59,6542.0,200.0,,,6540.5,0.0
1,20900,JAMS,6540.0,247.0,,,,,6542,247,,,,,6541.0,0.0
1,21000,JAMS,6539.0,246.0,,,,,6541,246,,,,,6540.0,0.0
1,21100,JAMS,6539.0,95.0,6538.0,198.0,,,6540,95,6541.0,198.0,,,6539.5,0.0
1,21200,JAMS,6538.0,246.0,,,,,6540,246,,,,,6539.0,0.0
1,21300,JAMS,6538.0,85.0,6537.0,150.0,,,6539,85,6540.0,150.0,,,6538.5,0.0
1,21400,JAMS,6537.0,242.0,,,,,6539,242,,,,,6538.0,0.0
1,21500,JAMS,6538.0,58.0,6537.0,168.0,,,6539,58,6540.0,168.0,,,6538.5,0.0
1,21600,JAMS,6537.0,274.0,,,,,6539,274,,,,,6538.0,0.0
1,21700,JAMS,6537.0,254.0,,,,,6539,254,,,,,6538.0,0.0
1,21800,JAMS,6538.0,260.0,,,,,6540,260,,,,,6539.0,0.0
1,21900,JAMS,6538.0,244.0,,,,,6540,244,,,,,6539.0,0.0
1,22000,JAMS,6538.0,87.0,6537.0,107.0,,,6539,87,6540.0,107.0,,,6538.5,0.0
1,22100,JAMS,6538.0,54.0,6537.0,151.0,,,6539,54,6540.0,151.0,,,6538.5,0.0
1,22200,JAMS,6537.0,82.0,6536.0,200.0,,,6538,82,6539.0,200.0,,,6537.5,0.0
1,22300,JAMS,6536.0,254.0,,,,,6538,254,,,,,6537.0,0.0
1,22400,JAMS,6536.0,224.0,,,,,6538,224,,,,,6537.0,0.0
1,22500,JAMS,6536.0,255.0,,,,,6538,255,,,,,6537.0,0.0
1,22600,JAMS,6537.0,11.0,6536.0,237.0,,,6538,237,,,,,6537.5,0.0
1,22700,JAMS,6537.0,94.0,6536.0,117.0,,,6538,211,,,,,6537.5,0.0
1,22800,JAMS,6537.0,54.0,6536.0,154.0,,,6538,54,6539.0,154.0,,,6537.5,0.0
1,22900,JAMS,6537.0,55.0,6536.0,146.0,,,6538,55,6539.0,146.0,,,6537.5,0.0
1,23000,JAMS,6537.0,68.0,6536.0,165.0,,,6538,68,6539.0,165.0,,,6537.5,0.0
1,23100,JAMS,6537.0,109.0,6536.0,152.0,,,6538,100,6539.0,152.0,,,6537.5,0.0
1,23200,JAMS,6537.0,212.0,,,,,6539,212,,,,,6538.0,0.0
1,23300,JAMS,6537.0,206.0,,,,,6539,206,,,,,6538.0,0.0
1,23400,JAMS,6537.0,259.0,,,,,6539,259,,,,,6538.0,0.0
1,23500,JAMS,6537.0,192.0,,,,,6539,192,,,,,6538.0,0.0
1,23600,JAMS,6537.0,69.0,6536.0,162.0,,,6538,69,6539.0,162.0,,,6537.5,0.0
1,23700,JAMS,6537.0,77.0,6536.0,165.0,,,6538,77,6539.0,165.0,,,6537.5,0.0
1,23800,JAMS,6537.0,216.0,,,,,6539,216,,,,,6538.0,0.0
1,23900,JAMS,6537.0,82.0,6536.0,114.0,,,6538,82,6539.0,114.0,,,6537.5,0.0
1,24000,JAMS,6537.0,64.0,6536.0,104.0,,,6538,64,6539.0,104.0,,,6537.5,0.0
1,24100,JAMS,6537.0,188.0,,,,,6539,188,,,,,6538.0,0.0
1,24200,JAMS,6537.0,73.0,6536.0,105.0,,,6538,73,6539.0,105.0,,,6537.5,0.0
1,24300,JAMS,6537.0,95.0,6536.0,106.0,,,6538,95,6539.0,106.0,,,6537.5,0.0
1,24400,JAMS,6537.0,250.0,,,,,6539,250,,,,,6538.0,0.0
1,24500,JAMS,6537.0,182.0,,,,,6539,182,,,,,6538.0,0.0
1,24600,JAMS,6537.0,240.0,,,,,6539,240,,,,,6538.0,0.0
1,24700,JAMS,6538.0,9.0,6537.0,246.0,,,6539,246,,,,,6538.5,0.0
1,24800,JAMS,6538.0,84.0,6537.0,119.0,,,6539,84,6540.0,119.0,,,6538.5,0.0
1,24900,JAMS,6538.0,261.0,,,,,6540,261,,,,,6539.0,0.0
1,25000,JAMS,6538.0,68.0,6537.0,152.0,,,6539,68,6540.0,152.0,,,6538.5,0.0
1,25100,JAMS,6538.0,100.0,6537.0,148.0,,,6539,100,6540.0,148.0,,,6538.5,0.0
1,25200,JAMS,6537.0,196.0,,,,,6539,196,,,,,6538.0,0.0
1,25300,JAMS,6537.0,246.0,,,,,6539,246,,,,,6538.0,0.0
1,25400,JAMS,6537.0,255.0,,,,,6539,255,,,,,6538.0,0.0
1,25500,JAMS,6537.0,156.0,,,,,6539,156,,,,,6538.0,0.0
1,25600,JAMS,6537.0,58.0,6536.0,176.0,,,6538,58,6539.0,176.0,,,6537.5,0.0
1,25700,JAMS,6537.0,292.0,,,,,6539,292,,,,,6538.0,0.0
1,25800,JAMS,6537.0,193.0,,,,,6539,193,,,,,6538.0,0.0
1,25900,JAMS,6537.0,57.0,6536.0,176.0,,,6538,57,6539.0,176.0,,,6537.5,0.0
1,26000,JAMS,6537.0,83.0,6536.0,180.0,,,6538,83,6539.0,180.0,,,6537.5,0.0
1,26100,JAMS,6537.0,94.0,6536.0,197.0,,,6538,94,6539.0,197.0,,,6537.5,0.0
1,26200,JAMS,6537.0,65.0,6536.0,103.0,,,6538,65,6539.0,103.0,,,6537.5,0.0
1,26300,JAMS,6536.0,252.0,,,,,6538,252,,,,,6537.0,0.0
1,26400,JAMS,6537.0,54.0,6536.0,189.0,,,6538,243,,,,,6537.5,0.0
1,26500,JAMS,6537.0,99.0,6536.0,183.0,,,6538,99,6539.0,183.0,,,6537.5,0.0
1,26600,JAMS,6537.0,52.0,6536.0,106.0,,,6538,158,,,,,6537.5,0.0
1,26700,JAMS,6536.0,204.0,,,,,6538,204,,,,,6537.0,0.0
1,26800,JAMS,6536.0,211.0,,,,,6538,211,,,,,6537.0,0.0
1,26900,JAMS,6536.0,205.0,,,,,6538,205,,,,,6537.0,0.0
1,27000,JAMS,6536.0,254.0,,,,,6538,254,,,,,6537.0,0.0
1,27100,JAMS,6536.0,227.0,,,,,6538,227,,,,,6537.0,0.0
1,27200,JAMS,6536.0,172.0,,,,,6538,172,,,,,6537.0,0.0
1,27300,JAMS,6536.0,212.0,,,,,6538,212,,,,,6537.0,0.0
1,27400,JAMS,6536.0,60.0,6535.0,109.0,,,6537,60,6538.0,109.0,,,6536.5,0.0
1,27500,JAMS,6535.0,241.0,,,,,6537,241,,,,,6536.0,0.0
1,27600,JAMS,6536.0,71.0,6535.0,190.0,,,6537,71,6538.0,190.0,,,6536.5,0.0
1,27700,JAMS,6535.0,58.0,6534.0,107.0,,,6536,58,6537.0,107.0,,,6535.5,0.0
1,27800,JAMS,6535.0,77.0,6534.0,178.0,,,6536,77,6537.0,178.0,,,6535.5,0.0
1,27900,JAMS,6535.0,62.0,6534.0,117.0,,,6536,62,6537.0,117.0,,,6535.5,0.0
1,28000,JAMS,6535.0,286.0,,,,,6536,92,6537.0,194.0,,,6535.5,0.0
1,28100,JAMS,6535.0,283.0,,,,,6537,283,,,,,6536.0,0.0
1,28200,JAMS,6535.0,231.0,,,,,6537,231,,,,,6536.0,0.0
1,28300,JAMS,6535.0,86.0,6534.0,160.0,,,6536,86,6537.0,160.0,,,6535.5,0.0
1,28400,JAMS,6535.0,93.0,6534.0,132.0,,,6536,93,6537.0,132.0,,,6535.5,0.0
1,28500,JAMS,6535.0,74.0,6534.0,132.0,,,6536,74,6537.0,132.0,,,6535.5,0.0
1,28600,JAMS,6534.0,170.0,,,,,6536,170,,,,,6535.0,0.0
1,28700,JAMS,6534.0,59.0,6533.0,147.0,,,6535,59,6536.0,147.0,,,6534.5,0.0
1,28800,JAMS,6533.0,91.0,6532.0,136.0,,,6534,91,6535.0,136.0,,,6533.5,0.0
1,28900,JAMS,6533.0,96.0,6532.0,186.0,,,6534,93,6535.0,186.0,,,6533.5,0.0
1,29000,JAMS,6533.0,63.0,6532.0,172.0,,,6534,63,6535.0,172.0,,,6533.5,0.0
1,29100,JAMS,6532.0,268.0,,,,,6534,268,,,,,6533.0,0.0
1,29200,JAMS,6533.0,90.0,6532.0,106.0,,,6534,90,6535.0,106.0,,,6533.5,0.0
1,29300,JAMS,6533.0,57.0,6532.0,175.0,,,6534,57,6535.0,175.0,,,6533.5,0.0
1,29400,JAMS,6533.0,58.0,6532.0,180.0,,,6534,58,6535.0,180.0,,,6533.5,0.0
1,29500,JAMS,6533.0,85.0,6532.0,172.0,,,6534,85,6535.0,172.0,,,6533.5,0.0
1,29600,JAMS,6533.0,83.0,6532.0,119.0,,,6534,83,6535.0,119.0,,,6533.5,0.0
1,29700,JAMS,6533.0,68.0,6532.0,144.0,,,6534,68,6535.0,144.0,,,6533.5,0.0
1,29800,JAMS,6532.0,261.0,,,,,6534,261,,,,,6533.0,0.0
1,29900,JAMS,6532.0,287.0,,,,,6534,287,,,,,6533.0,0.0
1,30000,JAMS,6532.0,242.0,,,,,6534,242,,,,,6533.0,0.0
1,30100,JAMS,6532.0,240.0,,,,,6534,240,,,,,6533.0,0.0
1,30200,JAMS,6532.0,180.0,,,,,6534,180,,,,,6533.0,0.0
1,30300,JAMS,6533.0,10.0,6532.0,256.0,,,6534,256,,,,,6533.5,0.0
1,30400,JAMS,6532.0,256.0,,,,,6534,256,,,,,6533.0,0.0
1,30500,JAMS,6532.0,234.0,,,,,6533,7,6534.0,234.0,,,6532.5,0.0
1,30600,JAMS,6532.0,271.0,,,,,6534,271,,,,,6533.0,0.0
1,30700,JAMS,6532.0,267.0,,,,,6534,267,,,,,6533.0,0.0
1,30800,JAMS,6533.0,221.0,,,,,6535,221,,,,,6534.0,0.0
1,30900,JAMS,6533.0,219.0,,,,,6535,219,,,,,6534.0,0.0
1,31000,JAMS,6533.0,226.0,,,,,6535,226,,,,,6534.0,0.0
1,31100,JAMS,6533.0,208.0,,,,,6535,208,,,,,6534.0,0.0
1,31200,JAMS,6533.0,247.0,,,,,6535,247,,,,,6534.0,0.0
1,31300,JAMS,6533.0,209.0,,,,,6535,209,,,,,6534.0,0.0
1,31400,JAMS,6533.0,289.0,,,,,6535,289,,,,,6534.0,0.0
1,31500,JAMS,6533.0,229.0,,,,,6535,229,,,,,6534.0,0.0
1,31600,JAMS,6533.0,201.0,,,,,6535,201,,,,,6534.0,0.0
1,31700,JAMS,6533.0,164.0,,,,,6535,164,,,,,6534.0,0.0
1,31800,JAMS,6533.0,185.0,,,,,6535,185,,,,,6534.0,0.0
1,31900,JAMS,6533.0,192.0,,,,,6534,71,6535.0,121.0,,,6533.5,0.0
1,32000,JAMS,6533.0,100.0,6532.0,137.0,,,6534,100,6535.0,137.0,,,6533.5,0.0
1,32100,JAMS,6533.0,222.0,,,,,6535,222,,,,,6534.0,0.0
1,32200,JAMS,6533.0,167.0,,,,,6535,167,,,,,6534.0,0.0
1,32300,JAMS,6533.0,180.0,,,,,6535,180,,,,,6534.0,0.0
1,32400,JAMS,6533.0,281.0,,,,,6535,281,,,,,6534.0,0.0
1,32500,JAMS,6533.0,285.0,,,,,6535,288,,,,,6534.0,0.0
1,32600,JAMS,6533.0,204.0,,,,,6535,204,,,,,6534.0,0.0
1,32700,JAMS,6533.0,250.0,,,,,6535,250,,,,,6534.0,0.0
1,32800,JAMS,6533.0,206.0,,,,,6535,206,,,,,6534.0,0.0
1,32900,JAMS,6533.0,77.0,6532.0,118.0,,,6534,77,6535.0,118.0,,,6533.5,0.0
1,33000,JAMS,6533.0,88.0,6532.0,191.0,,,6534,88,6535.0,191.0,,,6533.5,0.0
1,33100,JAMS,6533.0,80.0,6532.0,155.0,,,6534,80,6535.0,155.0,,,6533.5,0.0
1,33200,JAMS,6533.0,95.0,6532.0,118.0,,,6534,95,6535.0,118.0,,,6533.5,0.0
1,33300,JAMS,6533.0,62.0,6532.0,107.0,,,6534,66,6535.0,107.0,,,6533.5,0.0
1,33400,JAMS,6533.0,204.0,,,,,6535,204,,,,,6534.0,0.0
1,33500,JAMS,6533.0,253.0,,,,,6535,253,,,,,6534.0,0.0
1,33600,JAMS,6533.0,63.0,6532.0,151.0,,,6534,63,6535.0,151.0,,,6533.5,0.0
1,33700,JAMS,6533.0,229.0,,,,,6535,229,,,,,6534.0,0.0
1,33800,JAMS,6533.0,210.0,,,,,6534,93,6535.0,117.0,,,6533.5,0.0
1,33900,JAMS,6532.0,233.0,,,,,6534,233,,,,,6533.0,0.0
1,34000,JAMS,6532.0,165.0,,,,,6534,165,,,,,6533.0,0.0
1,34100,JAMS,6532.0,249.0,,,,,6534,249,,,,,6533.0,0.0
1,34200,JAMS,6532.0,283.0,,,,,6534,283,,,,,6533.0,0.0
1,34300,JAMS,6532.0,281.0,,,,,6534,281,,,,,6533.0,0.0
1,34400,JAMS,6532.0,267.0,,,,,6534,267,,,,,6533.0,0.0
1,34500,JAMS,6532.0,193.0,,,,,6534,193,,,,,6533.0,0.0
1,34600,JAMS,6532.0,168.0,,,,,6534,168,,,,,6533.0,0.0
1,34700,JAMS,6532.0,194.0,,,,,6534,194,,,,,6533.0,0.0
1,34800,JAMS,6532.0,249.0,,,,,6533,11,6534.0,249.0,,,6532.5,0.0
1,34900,JAMS,6532.0,253.0,,,,,6534,253,,,,,6533.0,0.0
1,35000,JAMS,6532.0,283.0,,,,,6534,278,,,,,6533.0,0.0
1,35100,JAMS,6532.0,239.0,,,,,6534,239,,,,,6533.0,0.0
1,35200,JAMS,6532.0,69.0,6531.0,110.0,,,6533,76,6534.0,110.0,,,6532.5,0.0
1,35300,JAMS,6532.0,71.0,6531.0,106.0,,,6533,71,6534.0,106.0,,,6532.5,0.0
1,35400,JAMS,6531.0,216.0,,,,,6533,211,,,,,6532.0,0.0
1,35500,JAMS,6531.0,195.0,,,,,6533,195,,,,,6532.0,0.0
1,35600,JAMS,6531.0,56.0,6530.0,193.0,,,6532,56,6533.0,193.0,,,6531.5,0.0
1,35700,JAMS,6531.0,247.0,,,,,6533,247,,,,,6532.0,0.0
1,35800,JAMS,6531.0,176.0,,,,,6533,176,,,,,6532.0,0.0
1,35900,JAMS,6531.0,176.0,,,,,6533,176,,,,,6532.0,0.0
1,36000,JAMS,6531.0,195.0,,,,,6533,195,,,,,6532.0,0.0
1,36100,JAMS,6531.0,58.0,6530.0,192.0,,,6532,53,6533.0,192.0,,,6531.5,0.0
1,36200,JAMS,6531.0,90.0,6530.0,176.0,,,6532,85,6533.0,176.0,,,6531.5,0.0
1,36300,JAMS,6530.0,199.0,,,,,6531,12,6532.0,199.0,,,6530.5,0.0
1,36400,JAMS,6530.0,264.0,,,,,6532,269,,,,,6531.0,0.0
1,36500,JAMS,6530.0,207.0,,,,,6532,207,,,,,6531.0,0.0
1,36600,JAMS,6530.0,215.0,,,,,6532,215,,,,,6531.0,0.0
1,36700,JAMS,6530.0,203.0,,,,,6531,61,6532.0,142.0,,,6530.5,0.0
1,36800,JAMS,6530.0,227.0,,,,,6532,227,,,,,6531.0,0.0
1,36900,JAMS,6530.0,97.0,6529.0,105.0,,,6531,97,6532.0,105.0,,,6530.5,0.0
1,37000,JAMS,6530.0,219.0,,,,,6532,219,,,,,6531.0,0.0
1,37100,JAMS,6530.0,84.0,6529.0,176.0,,,6531,84,6532.0,176.0,,,6530.5,0.0
1,37200,JAMS,6530.0,211.0,,,,,6532,211,,,,,6531.0,0.0
1,37300,JAMS,6530.0,64.0,6529.0,125.0,,,6531,64,6532.0,125.0,,,6530.5,0.0
1,37400,JAMS,6530.0,99.0,6529.0,177.0,,,6531,99,6532.0,177.0,,,6530.5,0.0
1,37500,JAMS,6530.0,258.0,,,,,6532,258,,,,,6531.0,0.0
1,37600,JAMS,6530.0,75.0,6529.0,102.0,,,6531,75,6532.0,102.0,,,6530.5,0.0
1,37700,JAMS,6529.0,211.0,,,,,6531,211,,,,,6530.0,0.0
1,37800,JAMS,6529.0,92.0,6528.0,192.0,,,6530,92,6531.0,192.0,,,6529.5,0.0
1,37900,JAMS,6529.0,217.0,,,,,6531,217,,,,,6530.0,0.0
1,38000,JAMS,6529.0,220.0,,,,,6531,220,,,,,6530.0,0.0
1,38100,JAMS,6529.0,255.0,,,,,6531,255,,,,,6530.0,0.0
1,38200,JAMS,6529.0,242.0,,,,,6531,242,,,,,6530.0,0.0
1,38300,JAMS,6530.0,53.0,6529.0,138.0,,,6531,53,6532.0,138.0,,,6530.5,0.0
1,38400,JAMS,6530.0,225.0,,,,,6531,64,6532.0,161.0,,,6530.5,0.0
1,38500,JAMS,6530.0,184.0,,,,,6532,184,,,,,6531.0,0.0
1,38600,JAMS,6530.0,212.0,,,,,6532,212,,,,,6531.0,0.0
1,38700,JAMS,6530.0,69.0,6529.0,174.0,,,6531,69,6532.0,174.0,,,6530.5,0.0
1,38800,JAMS,6530.0,237.0,,,,,6532,237,,,,,6531.0,0.0
1,38900,JAMS,6530.0,62.0,6529.0,188.0,,,6531,62,6532.0,188.0,,,6530.5,0.0
1,39000,JAMS,6529.0,194.0,,,,,6531,194,,,,,6530.0,0.0
1,39100,JAMS,6529.0,204.0,,,,,6531,204,,,,,6530.0,0.0
1,39200,JAMS,6529.0,193.0,,,,,6531,193,,,,,6530.0,0.0
1,39300,JAMS,6529.0,201.0,,,,,6531,201,,,,,6530.0,0.0
1,39400,JAMS,6531.0,179.0,,,,,6533,179,,,,,6532.0,0.0
1,39500,JAMS,6531.0,266.0,,,,,6533,266,,,,,6532.0,0.0
1,39600,JAMS,6531.0,205.0,,,,,6533,205,,,,,6532.0,0.0
1,39700,JAMS,6531.0,268.0,,,,,6533,268,,,,,6532.0,0.0
1,39800,JAMS,6531.0,245.0,,,,,6533,245,,,,,6532.0,0.0
1,39900,JAMS,6531.0,73.0,6530.0,164.0,,,6532,73,6533.0,164.0,,,6531.5,0.0
1,40000,JAMS,6531.0,100.0,6530.0,103.0,,,6532,100,6533.0,103.0,,,6531.5,0.0
1,40100,JAMS,6531.0,210.0,,,,,6533,210,,,,,6532.0,0.0
1,40200,JAMS,6531.0,211.0,,,,,6533,211,,,,,6532.0,0.0
1,40300,JAMS,6531.0,213.0,,,,,6533,213,,,,,6532.0,0.0
1,40400,JAMS,6531.0,54.0,6530.0,128.0,,,6532,54,6533.0,128.0,,,6531.5,0.0
1,40500,JAMS,6531.0,201.0,,,,,6533,206,,,,,6532.0,0.0
1,40600,JAMS,6531.0,68.0,6530.0,191.0,,,6532,68,6533.0,191.0,,,6531.5,0.0
1,40700,JAMS,6531.0,237.0,,,,,6532,63,6533.0,174.0,,,6531.5,0.0
1,40800,JAMS,6531.0,82.0,6530.0,144.0,,,6532,82,6533.0,144.0,,,6531.5,0.0
1,40900,JAMS,6531.0,243.0,,,,,6533,243,,,,,6532.0,0.0
1,41000,JAMS,6531.0,242.0,,,,,6532,7,6533.0,242.0,,,6531.5,0.0
1,41100,JAMS,6531.0,177.0,,,,,6533,177,,,,,6532.0,0.0
1,41200,JAMS,6531.0,198.0,,,,,6532,10,6533.0,198.0,,,6531.5,0.0
1,41300,JAMS,6530.0,221.0,,,,,6532,221,,,,,6531.0,0.0
1,41400,JAMS,6531.0,81.0,6530.0,197.0,,,6532,84,6533.0,197.0,,,6531.5,0.0
1,41500,JAMS,6530.0,261.0,,,,,6532,261,,,,,6531.0,0.0
1,41600,JAMS,6530.0,188.0,,,,,6532,188,,,,,6531.0,0.0
1,41700,JAMS,6530.0,201.0,,,,,6532,201,,,,,6531.0,0.0
1,41800,JAMS,6531.0,74.0,6530.0,152.0,,,6532,74,6533.0,152.0,,,6531.5,0.0
1,41900,JAMS,6531.0,98.0,6530.0,193.0,,,6532,98,6533.0,193.0,,,6531.5,0.0
1,42000,JAMS,6531.0,96.0,6530.0,138.0,,,6532,96,6533.0,138.0,,,6531.5,0.0
1,42100,JAMS,6531.0,98.0,6530.0,171.0,,,6532,98,6533.0,171.0,,,6531.5,0.0
1,42200,JAMS,6531.0,57.0,6530.0,194.0,,,6532,50,6533.0,194.0,,,6531.5,0.0
1,42300,JAMS,6530.0,281.0,,,,,6532,281,,,,,6531.0,0.0
1,42400,JAMS,6531.0,69.0,6530.0,192.0,,,6532,69,6533.0,192.0,,,6531.5,0.0
1,42500,JAMS,6531.0,62.0,6530.0,165.0,,,6532,74,6533.0,165.0,,,6531.5,0.0
1,42600,JAMS,6531.0,81.0,6530.0,157.0,,,6532,81,6533.0,157.0,,,6531.5,0.0
1,42700,JAMS,6530.0,222.0,,,,,6532,222,,,,,6531.0,0.0
1,42800,JAMS,6530.0,267.0,,,,,6532,267,,,,,6531.0,0.0
1,42900,JAMS,6531.0,251.0,,,,,6533,251,,,,,6532.0,0.0
1,43000,JAMS,6531.0,51.0,6530.0,193.0,,,6532,51,6533.0,193.0,,,6531.5,0.0
1,43100,JAMS,6531.0,251.0,,,,,6533,251,,,,,6532.0,0.0
1,43200,JAMS,6533.0,3.0,6532.0,248.0,,,6534,248,,,,,6533.5,0.0
1,43300,JAMS,6533.0,58.0,6532.0,169.0,,,6534,227,,,,,6533.5,0.0
1,43400,JAMS,6533.0,217.0,,,,,6535,217,,,,,6534.0,0.0
1,43500,JAMS,6533.0,67.0,6532.0,167.0,,,6534,78,6535.0,167.0,,,6533.5,0.0
1,43600,JAMS,6533.0,203.0,,,,,6534,53,6535.0,150.0,,,6533.5,0.0
1,43700,JAMS,6534.0,157.0,,,,,6536,157,,,,,6535.0,0.0
1,43800,JAMS,6534.0,94.0,6533.0,131.0,,,6535,94,6536.0,131.0,,,6534.5,0.0
1,43900,JAMS,6534.0,89.0,6533.0,172.0,,,6535,89,6536.0,172.0,,,6534.5,0.0
1,44000,JAMS,6534.0,5.0,6533.0,219.0,,,6535,219,,,,,6534.5,0.0
1,44100,JAMS,6533.0,247.0,,,,,6535,247,,,,,6534.0,0.0
1,44200,JAMS,6533.0,69.0,6532.0,122.0,,,6534,69,6535.0,122.0,,,6533.5,0.0
1,44300,JAMS,6532.0,294.0,,,,,6534,294,,,,,6533.0,0.0
1,44400,JAMS,6532.0,266.0,,,,,6534,266,,,,,6533.0,0.0
1,44500,JAMS,6532.0,213.0,,,,,6534,213,,,,,6533.0,0.0
1,44600,JAMS,6532.0,91.0,6531.0,108.0,,,6533,91,6534.0,108.0,,,6532.5,0.0
1,44700,JAMS,6532.0,64.0,6531.0,110.0,,,6533,64,6534.0,110.0,,,6532.5,0.0
1,44800,JAMS,6531.0,63.0,6530.0,188.0,,,6532,63,6533.0,188.0,,,6531.5,0.0
1,44900,JAMS,6531.0,85.0,6530.0,182.0,,,6532,85,6533.0,182.0,,,6531.5,0.0
1,45000,JAMS,6531.0,198.0,,,,,6533,198,,,,,6532.0,0.0
1,45100,JAMS,6531.0,51.0,6530.0,176.0,,,6532,51,6533.0,176.0,,,6531.5,0.0
1,45200,JAMS,6531.0,84.0,6530.0,131.0,,,6532,215,,,,,6531.5,0.0
1,45300,JAMS,6531.0,94.0,6530.0,121.0,,,6532,94,6533.0,121.0,,,6531.5,0.0
1,45400,JAMS,6531.0,96.0,6530.0,108.0,,,6532,96,6533.0,108.0,,,6531.5,0.0
1,45500,JAMS,6531.0,250.0,,,,,6532,95,6533.0,155.0,,,6531.5,0.0
1,45600,JAMS,6531.0,80.0,6530.0,181.0,,,6532,80,6533.0,181.0,,,6531.5,0.0
1,45700,JAMS,6531.0,59.0,6530.0,173.0,,,6532,59,6533.0,173.0,,,6531.5,0.0
1,45800,JAMS,6531.0,89.0,6530.0,107.0,,,6532,89,6533.0,107.0,,,6531.5,0.0
1,45900,JAMS,6531.0,291.0,,,,,6533,291,,,,,6532.0,0.0
1,46000,JAMS,6531.0,100.0,6530.0,187.0,,,6532,100,6533.0,187.0,,,6531.5,0.0
1,46100,JAMS,6530.0,195.0,,,,,6532,195,,,,,6531.0,0.0
1,46200,JAMS,6530.0,227.0,,,,,6531,98,6532.0,129.0,,,6530.5,0.0
1,46300,JAMS,6529.0,196.0,,,,,6531,196,,,,,6530.0,0.0
1,46400,JAMS,6530.0,55.0,6529.0,131.0,,,6531,55,6532.0,131.0,,,6530.5,0.0
1,46500,JAMS,6529.0,226.0,,,,,6531,217,,,,,6530.0,0.0
1,46600,JAMS,6528.0,190.0,,,,,6530,190,,,,,6529.0,0.0
1,46700,JAMS,6528.0,210.0,,,,,6530,210,,,,,6529.0,0.0
1,46800,JAMS,6528.0,275.0,,,,,6530,266,,,,,6529.0,0.0
1,46900,JAMS,6528.0,266.0,,,,,6530,266,,,,,6529.0,0.0
1,47000,JAMS,6528.0,221.0,,,,,6530,232,,,,,6529.0,0.0
1,47100,JAMS,6528.0,260.0,,,,,6530,260,,,,,6529.0,0.0
1,47200,JAMS,6528.0,181.0,,,,,6530,181,,,,,6529.0,0.0
1,47300,JAMS,6529.0,56.0,6528.0,123.0,,,6530,56,6531.0,123.0,,,6529.5,0.0
1,47400,JAMS,6528.0,229.0,,,,,6530,229,,,,,6529.0,0.0
1,47500,JAMS,6528.0,183.0,,,,,6530,183,,,,,6529.0,0.0
1,47600,JAMS,6528.0,254.0,,,,,6530,254,,,,,6529.0,0.0
1,47700,JAMS,6529.0,68.0,6528.0,108.0,,,6530,68,6531.0,108.0,,,6529.5,0.0
1,47800,JAMS,6529.0,197.0,,,,,6531,207,,,,,6530.0,0.0
1,47900,JAMS,6529.0,275.0,,,,,6531,275,,,,,6530.0,0.0
1,48000,JAMS,6529.0,178.0,,,,,6531,178,,,,,6530.0,0.0
1,48100,JAMS,6529.0,235.0,,,,,6530,62,6531.0,173.0,,,6529.5,0.0
1,48200,JAMS,6529.0,56.0,6528.0,126.0,,,6530,56,6531.0,126.0,,,6529.5,0.0
1,48300,JAMS,6529.0,86.0,6528.0,179.0,,,6530,86,6531.0,179.0,,,6529.5,0.0
1,48400,JAMS,6529.0,168.0,,,,,6531,168,,,,,6530.0,0.0
1,48500,JAMS,6529.0,54.0,6528.0,172.0,,,6530,54,6531.0,172.0,,,6529.5,0.0
1,48600,JAMS,6529.0,58.0,6528.0,152.0,,,6530,58,6531.0,152.0,,,6529.5,0.0
1,48700,JAMS,6529.0,82.0,6528.0,148.0,,,6530,82,6531.0,148.0,,,6529.5,0.0
1,48800,JAMS,6529.0,90.0,6528.0,154.0,,,6530,90,6531.0,154.0,,,6529.5,0.0
1,48900,JAMS,6529.0,90.0,6528.0,117.0,,,6530,90,6531.0,117.0,,,6529.5,0.0
1,49000,JAMS,6529.0,87.0,6528.0,129.0,,,6530,87,6531.0,129.0,,,6529.5,0.0
1,49100,JAMS,6529.0,175.0,,,,,6531,175,,,,,6530.0,0.0
1,49200,JAMS,6529.0,235.0,,,,,6531,235,,,,,6530.0,0.0
1,49300,JAMS,6530.0,78.0,6529.0,136.0,,,6531,78,6532.0,136.0,,,6530.5,0.0
1,49400,JAMS,6530.0,178.0,,,,,6532,178,,,,,6531.0,0.0
1,49500,JAMS,6529.0,252.0,,,,,6531,252,,,,,6530.0,0.0
1,49600,JAMS,6528.0,205.0,,,,,6529,89,6530.0,116.0,,,6528.5,0.0
1,49700,JAMS,6528.0,92.0,6527.0,182.0,,,6529,92,6530.0,182.0,,,6528.5,0.0
1,49800,JAMS,6528.0,86.0,6527.0,105.0,,,6529,86,6530.0,105.0,,,6528.5,0.0
1,49900,JAMS,6528.0,3.0,6527.0,182.0,,,6529,182,,,,,6528.5,0.0
1,50000,JAMS,6527.0,292.0,,,,,6529,292,,,,,6528.0,0.0
1,50100,JAMS,6527.0,195.0,,,,,6529,195,,,,,6528.0,0.0
1,50200,JAMS,6528.0,56.0,6527.0,144.0,,,6529,67,6530.0,144.0,,,6528.5,0.0
1,50300,JAMS,6528.0,165.0,,,,,6530,165,,,,,6529.0,0.0
1,50400,JAMS,6528.0,218.0,,,,,6530,218,,,,,6529.0,0.0
1,50500,JAMS,6528.0,74.0,6527.0,127.0,,,6529,74,6530.0,127.0,,,6528.5,0.0
1,50600,JAMS,6527.0,249.0,,,,,6529,249,,,,,6528.0,0.0
1,50700,JAMS,6527.0,248.0,,,,,6529,248,,,,,6528.0,0.0
1,50800,JAMS,6528.0,70.0,6527.0,192.0,,,6529,262,,,,,6528.5,0.0
1,50900,JAMS,6528.0,203.0,,,,,6529,57,6530.0,146.0,,,6528.5,0.0
1,51000,JAMS,6528.0,257.0,,,,,6530,257,,,,,6529.0,0.0
1,51100,JAMS,6528.0,236.0,,,,,6530,236,,,,,6529.0,0.0
1,51200,JAMS,6528.0,80.0,6527.0,200.0,,,6529,80,6530.0,200.0,,,6528.5,0.0
1,51300,JAMS,6528.0,68.0,6527.0,178.0,,,6529,68,6530.0,178.0,,,6528.5,0.0
1,51400,JAMS,6528.0,91.0,6527.0,127.0,,,6529,91,6530.0,127.0,,,6528.5,0.0
1,51500,JAMS,6529.0,49.0,6528.0,167.0,,,6530,58,6531.0,167.0,,,6529.5,0.0
1,51600,JAMS,6529.0,80.0,6528.0,105.0,,,6530,80,6531.0,105.0,,,6529.5,0.0
1,51700,JAMS,6529.0,272.0,,,,,6531,272,,,,,6530.0,0.0
1,51800,JAMS,6529.0,252.0,,,,,6531,252,,,,,6530.0,0.0
1,51900,JAMS,6529.0,211.0,,,,,6531,211,,,,,6530.0,0.0
1,52000,JAMS,6529.0,240.0,,,,,6531,240,,,,,6530.0,0.0
1,52100,JAMS,6528.0,263.0,,,,,6530,263,,,,,6529.0,0.0
1,52200,JAMS,6527.0,256.0,,,,,6529,256,,,,,6528.0,0.0
1,52300,JAMS,6527.0,206.0,,,,,6529,206,,,,,6528.0,0.0
1,52400,JAMS,6528.0,69.0,6527.0,200.0,,,6529,69,6530.0,200.0,,,6528.5,0.0
1,52500,JAMS,6527.0,261.0,,,,,6529,261,,,,,6528.0,0.0
1,52600,JAMS,6527.0,193.0,,,,,6529,193,,,,,6528.0,0.0
1,52700,JAMS,6527.0,220.0,,,,,6529,231,,,,,6528.0,0.0
1,52800,JAMS,6526.0,265.0,,,,,6528,265,,,,,6527.0,0.0
1,52900,JAMS,6527.0,205.0,,,,,6529,205,,,,,6528.0,0.0
1,53000,JAMS,6528.0,64.0,6527.0,114.0,,,6529,64,6530.0,114.0,,,6528.5,0.0
1,53100,JAMS,6527.0,171.0,,,,,6529,171,,,,,6528.0,0.0
1,53200,JAMS,6527.0,224.0,,,,,6529,224,,,,,6528.0,0.0
1,53300,JAMS,6526.0,242.0,,,,,6528,242,,,,,6527.0,0.0
1,53400,JAMS,6527.0,92.0,6526.0,101.0,,,6528,92,6529.0,101.0,,,6527.5,0.0
1,53500,JAMS,6527.0,237.0,,,,,6529,237,,,,,6528.0,0.0
1,53600,JAMS,6527.0,251.0,,,,,6528,5,6529.0,251.0,,,6527.5,0.0
1,53700,JAMS,6528.0,79.0,6527.0,153.0,,,6529,79,6530.0,153.0,,,6528.5,0.0
1,53800,JAMS,6528.0,97.0,6527.0,151.0,,,6529,97,6530.0,151.0,,,6528.5,0.0
1,53900,JAMS,6528.0,93.0,6527.0,159.0,,,6529,93,6530.0,159.0,,,6528.5,0.0
1,54000,JAMS,6527.0,184.0,,,,,6528,60,6529.0,124.0,,,6527.5,0.0
1,54100,JAMS,6527.0,186.0,,,,,6529,186,,,,,6528.0,0.0
1,54200,JAMS,6527.0,240.0,,,,,6529,240,,,,,6528.0,0.0
1,54300,JAMS,6527.0,184.0,,,,,6529,184,,,,,6528.0,0.0
1,54400,JAMS,6527.0,181.0,,,,,6528,3,6529.0,181.0,,,6527.5,0.0
1,54500,JAMS,6529.0,185.0,,,,,6531,185,,,,,6530.0,0.0
1,54600,JAMS,6530.0,186.0,,,,,6532,186,,,,,6531.0,0.0
1,54700,JAMS,6530.0,293.0,,,,,6532,285,,,,,6531.0,0.0
1,54800,JAMS,6530.0,219.0,,,,,6532,219,,,,,6531.0,0.0
1,54900,JAMS,6530.0,101.0,6529.0,123.0,,,6531,97,6532.0,123.0,,,6530.5,0.0
1,55000,JAMS,6530.0,64.0,6529.0,186.0,,,6531,64,6532.0,186.0,,,6530.5,0.0
1,55100,JAMS,6530.0,76.0,6529.0,199.0,,,6531,76,6532.0,199.0,,,6530.5,0.0
1,55200,JAMS,6530.0,47.0,6529.0,132.0,,,6531,53,6532.0,132.0,,,6530.5,0.0
1,55300,JAMS,6529.0,106.0,6528.0,194.0,,,6530,95,6531.0,194.0,,,6529.5,0.0
1,55400,JAMS,6528.0,206.0,,,,,6530,206,,,,,6529.0,0.0
1,55500,JAMS,6528.0,171.0,,,,,6530,171,,,,,6529.0,0.0
1,55600,JAMS,6529.0,77.0,6528.0,138.0,,,6530,77,6531.0,138.0,,,6529.5,0.0
1,55700,JAMS,6529.0,98.0,6528.0,181.0,,,6530,98,6531.0,181.0,,,6529.5,0.0
1,55800,JAMS,6529.0,247.0,,,,,6531,247,,,,,6530.0,0.0
1,55900,JAMS,6529.0,230.0,,,,,6531,230,,,,,6530.0,0.0
1,56000,JAMS,6529.0,209.0,,,,,6531,214,,,,,6530.0,0.0
1,56100,JAMS,6530.0,212.0,,,,,6531,86,6532.0,126.0,,,6530.5,0.0
1,56200,JAMS,6530.0,61.0,6529.0,105.0,,,6531,61,6532.0,105.0,,,6530.5,0.0
1,56300,JAMS,6530.0,52.0,6529.0,134.0,,,6531,52,6532.0,134.0,,,6530.5,0.0
1,56400,JAMS,6530.0,66.0,6529.0,173.0,,,6531,239,,,,,6530.5,0.0
1,56500,JAMS,6529.0,230.0,,,,,6531,230,,,,,6530.0,0.0
1,56600,JAMS,6529.0,187.0,,,,,6531,187,,,,,6530.0,0.0
1,56700,JAMS,6529.0,211.0,,,,,6531,211,,,,,6530.0,0.0
1,56800,JAMS,6529.0,295.0,,,,,6530,100,6531.0,195.0,,,6529.5,0.0
1,56900,JAMS,6529.0,217.0,,,,,6531,217,,,,,6530.0,0.0
1,57000,JAMS,6529.0,156.0,,,,,6531,156,,,,,6530.0,0.0
1,57100,JAMS,6529.0,208.0,,,,,6531,208,,,,,6530.0,0.0
1,57200,JAMS,6529.0,213.0,,,,,6531,213,,,,,6530.0,0.0
1,57300,JAMS,6530.0,100.0,6529.0,131.0,,,6531,100,6532.0,131.0,,,6530.5,0.0
1,57400,JAMS,6531.0,52.0,6530.0,167.0,,,6532,52,6533.0,167.0,,,6531.5,0.0
1,57500,JAMS,6530.0,173.0,,,,,6532,173,,,,,6531.0,0.0
1,57600,JAMS,6531.0,75.0,6530.0,138.0,,,6532,75,6533.0,138.0,,,6531.5,0.0
1,57700,JAMS,6531.0,245.0,,,,,6533,256,,,,,6532.0,0.0
1,57800,JAMS,6531.0,80.0,6530.0,105.0,,,6532,80,6533.0,105.0,,,6531.5,0.0
1,57900,JAMS,6531.0,55.0,6530.0,101.0,,,6532,55,6533.0,101.0,,,6531.5,0.0
1,58000,JAMS,6530.0,201.0,,,,,6532,201,,,,,6531.0,0.0
1,58100,JAMS,6530.0,221.0,,,,,6532,221,,,,,6531.0,0.0
1,58200,JAMS,6530.0,187.0,,,,,6532,175,,,,,6531.0,0.0
1,58300,JAMS,6530.0,222.0,,,,,6532,222,,,,,6531.0,0.0
1,58400,JAMS,6529.0,199.0,,,,,6531,199,,,,,6530.0,0.0
1,58500,JAMS,6529.0,241.0,,,,,6530,11,6531.0,241.0,,,6529.5,0.0
1,58600,JAMS,6530.0,221.0,,,,,6532,221,,,,,6531.0,0.0
1,58700,JAMS,6531.0,94.0,6530.0,193.0,,,6532,94,6533.0,193.0,,,6531.5,0.0
1,58800,JAMS,6531.0,97.0,6530.0,137.0,,,6532,234,,,,,6531.5,0.0
1,58900,JAMS,6530.0,249.0,,,,,6532,249,,,,,6531.0,0.0
1,59000,JAMS,6530.0,186.0,,,,,6532,186,,,,,6531.0,0.0
1,59100,JAMS,6530.0,201.0,,,,,6532,201,,,,,6531.0,0.0
1,59200,JAMS,6531.0,69.0,6530.0,159.0,,,6532,69,6533.0,159.0,,,6531.5,0.0
1,59300,JAMS,6531.0,91.0,6530.0,134.0,,,6532,91,6533.0,134.0,,,6531.5,0.0
1,59400,JAMS,6531.0,65.0,6530.0,174.0,,,6532,65,6533.0,174.0,,,6531.5,0.0
1,59500,JAMS,6531.0,222.0,,,,,6533,222,,,,,6532.0,0.0
1,59600,JAMS,6531.0,218.0,,,,,6533,218,,,,,6532.0,0.0
1,59700,JAMS,6531.0,221.0,,,,,6533,221,,,,,6532.0,0.0
1,59800,JAMS,6531.0,212.0,,,,,6533,212,,,,,6532.0,0.0
1,59900,JAMS,6531.0,287.0,,,,,6533,287,,,,,6532.0,0.0
1,60000,JAMS,6531.0,169.0,,,,,6533,169,,,,,6532.0,0.0
1,60100,JAMS,6531.0,219.0,,,,,6533,219,,,,,6532.0,0.0
1,60200,JAMS,6531.0,286.0,,,,,6533,286,,,,,6532.0,0.0
1,60300,JAMS,6531.0,257.0,,,,,6533,257,,,,,6532.0,0.0
1,60400,JAMS,6531.0,187.0,,,,,6533,191,,,,,6532.0,0.0
1,60500,JAMS,6531.0,208.0,,,,,6533,208,,,,,6532.0,0.0
1,60600,JAMS,6531.0,221.0,,,,,6533,221,,,,,6532.0,0.0
1,60700,JAMS,6530.0,275.0,,,,,6532,275,,,,,6531.0,0.0
1,60800,JAMS,6530.0,203.0,,,,,6532,203,,,,,6531.0,0.0
1,60900,JAMS,6530.0,96.0,6529.0,166.0,,,6531,96,6532.0,166.0,,,6530.5,0.0
1,61000,JAMS,6529.0,282.0,,,,,6531,275,,,,,6530.0,0.0
1,61100,JAMS,6528.0,234.0,,,,,6530,234,,,,,6529.0,0.0
1,61200,JAMS,6528.0,58.0,6527.0,152.0,,,6529,210,,,,,6528.5,0.0
1,61300,JAMS,6527.0,91.0,6526.0,120.0,,,6528,91,6529.0,120.0,,,6527.5,0.0
1,61400,JAMS,6527.0,87.0,6526.0,192.0,,,6528,87,6529.0,192.0,,,6527.5,0.0
1,61500,JAMS,6527.0,210.0,,,,,6529,210,,,,,6528.0,0.0
1,61600,JAMS,6527.0,221.0,,,,,6529,221,,,,,6528.0,0.0
1,61700,JAMS,6528.0,71.0,6527.0,124.0,,,6529,71,6530.0,124.0,,,6528.5,0.0
1,61800,JAMS,6528.0,91.0,6527.0,171.0,,,6529,91,6530.0,171.0,,,6528.5,0.0
1,61900,JAMS,6529.0,56.0,6528.0,124.0,,,6530,56,6531.0,124.0,,,6529.5,0.0
1,62000,JAMS,6530.0,85.0,6529.0,131.0,,,6531,94,6532.0,131.0,,,6530.5,0.0
1,62100,JAMS,6529.0,240.0,,,,,6531,240,,,,,6530.0,0.0
1,62200,JAMS,6530.0,57.0,6529.0,118.0,,,6531,57,6532.0,118.0,,,6530.5,0.0
1,62300,JAMS,6529.0,206.0,,,,,6531,206,,,,,6530.0,0.0
1,62400,JAMS,6528.0,276.0,,,,,6530,276,,,,,6529.0,0.0
1,62500,JAMS,6529.0,237.0,,,,,6531,237,,,,,6530.0,0.0
1,62600,JAMS,6529.0,71.0,6528.0,122.0,,,6530,71,6531.0,122.0,,,6529.5,0.0
1,62700,JAMS,6529.0,218.0,,,,,6531,218,,,,,6530.0,0.0
1,62800,JAMS,6529.0,209.0,,,,,6531,209,,,,,6530.0,0.0
1,62900,JAMS,6529.0,256.0,,,,,6531,256,,,,,6530.0,0.0
1,63000,JAMS,6529.0,51.0,6528.0,141.0,,,6530,51,6531.0,141.0,,,6529.5,0.0
1,63100,JAMS,6529.0,218.0,,,,,6531,218,,,,,6530.0,0.0
1,63200,JAMS,6530.0,211.0,,,,,6532,211,,,,,6531.0,0.0
1,63300,JAMS,6529.0,211.0,,,,,6531,211,,,,,6530.0,0.0
1,63400,JAMS,6530.0,62.0,6529.0,101.0,,,6531,163,,,,,6530.5,0.0
1,63500,JAMS,6529.0,181.0,,,,,6531,181,,,,,6530.0,0.0
1,63600,JAMS,6529.0,206.0,,,,,6531,206,,,,,6530.0,0.0
1,63700,JAMS,6528.0,232.0,,,,,6530,232,,,,,6529.0,0.0
1,63800,JAMS,6528.0,215.0,,,,,6529,12,6530.0,215.0,,,6528.5,0.0
1,63900,JAMS,6528.0,255.0,,,,,6530,255,,,,,6529.0,0.0
1,64000,JAMS,6528.0,218.0,,,,,6530,218,,,,,6529.0,0.0
1,64100,JAMS,6528.0,175.0,,,,,6530,175,,,,,6529.0,0.0
1,64200,JAMS,6528.0,231.0,,,,,6530,231,,,,,6529.0,0.0
1,64300,JAMS,6528.0,197.0,,,,,6530,197,,,,,6529.0,0.0
1,64400,JAMS,6528.0,179.0,,,,,6530,179,,,,,6529.0,0.0
1,64500,JAMS,6528.0,192.0,,,,,6530,192,,,,,6529.0,0.0
1,64600,JAMS,6527.0,248.0,,,,,6529,248,,,,,6528.0,0.0
1,64700,JAMS,6527.0,163.0,,,,,6529,163,,,,,6528.0,0.0
1,64800,JAMS,6527.0,52.0,6526.0,147.0,,,6528,52,6529.0,147.0,,,6527.5,0.0
1,64900,JAMS,6527.0,94.0,6526.0,130.0,,,6528,94,6529.0,130.0,,,6527.5,0.0
1,65000,JAMS,6527.0,76.0,6526.0,184.0,,,6528,76,6529.0,184.0,,,6527.5,0.0
1,65100,JAMS,6525.0,232.0,,,,,6527,232,,,,,6526.0,0.0
1,65200,JAMS,6525.0,177.0,,,,,6526,12,6527.0,177.0,,,6525.5,0.0
1,65300,JAMS,6526.0,222.0,,,,,6528,222,,,,,6527.0,0.0
1,65400,JAMS,6526.0,97.0,6525.0,178.0,,,6527,97,6528.0,178.0,,,6526.5,0.0
1,65500,JAMS,6526.0,77.0,6525.0,147.0,,,6527,68,6528.0,147.0,,,6526.5,0.0
1,65600,JAMS,6526.0,100.0,6525.0,143.0,,,6527,100,6528.0,143.0,,,6526.5,0.0
1,65700,JAMS,6526.0,202.0,,,,,6528,202,,,,,6527.0,0.0
1,65800,JAMS,6526.0,240.0,,,,,6528,240,,,,,6527.0,0.0
1,65900,JAMS,6526.0,263.0,,,,,6528,263,,,,,6527.0,0.0
1,66000,JAMS,6526.0,262.0,,,,,6528,262,,,,,6527.0,0.0
1,66100,JAMS,6526.0,197.0,,,,,6528,197,,,,,6527.0,0.0
1,66200,JAMS,6526.0,222.0,,,,,6528,222,,,,,6527.0,0.0
1,66300,JAMS,6526.0,279.0,,,,,6528,279,,,,,6527.0,0.0
1,66400,JAMS,6526.0,193.0,,,,,6528,193,,,,,6527.0,0.0
1,66500,JAMS,6526.0,205.0,,,,,6528,205,,,,,6527.0,0.0
1,66600,JAMS,6526.0,201.0,,,,,6528,201,,,,,6527.0,0.0
1,66700,JAMS,6526.0,81.0,6525.0,137.0,,,6527,81,6528.0,137.0,,,6526.5,0.0
1,66800,JAMS,6526.0,176.0,,,,,6528,176,,,,,6527.0,0.0
1,66900,JAMS,6526.0,91.0,6525.0,194.0,,,6527,91,6528.0,194.0,,,6526.5,0.0
1,67000,JAMS,6526.0,63.0,6525.0,119.0,,,6527,63,6528.0,119.0,,,6526.5,0.0
1,67100,JAMS,6526.0,80.0,6525.0,124.0,,,6527,80,6528.0,124.0,,,6526.5,0.0
1,67200,JAMS,6526.0,62.0,6525.0,164.0,,,6527,62,6528.0,164.0,,,6526.5,0.0
1,67300,JAMS,6526.0,255.0,,,,,6528,251,,,,,6527.0,0.0
1,67400,JAMS,6526.0,177.0,,,,,6528,177,,,,,6527.0,0.0
1,67500,JAMS,6526.0,242.0,,,,,6528,242,,,,,6527.0,0.0
1,67600,JAMS,6526.0,249.0,,,,,6527,54,6528.0,195.0,,,6526.5,0.0
1,67700,JAMS,6526.0,242.0,,,,,6528,242,,,,,6527.0,0.0
1,67800,JAMS,6526.0,94.0,6525.0,192.0,,,6527,94,6528.0,192.0,,,6526.5,0.0
1,67900,JAMS,6526.0,87.0,6525.0,140.0,,,6527,87,6528.0,140.0,,,6526.5,0.0
1,68000,JAMS,6526.0,100.0,6525.0,148.0,,,6527,100,6528.0,148.0,,,6526.5,0.0
1,68100,JAMS,6526.0,85.0,6525.0,112.0,,,6527,85,6528.0,112.0,,,6526.5,0.0
1,68200,JAMS,6525.0,166.0,,,,,6527,166,,,,,6526.0,0.0
1,68300,JAMS,6525.0,227.0,,,,,6527,227,,,,,6526.0,0.0
1,68400,JAMS,6525.0,201.0,,,,,6527,201,,,,,6526.0,0.0
1,68500,JAMS,6522.0,204.0,,,,,6524,204,,,,,6523.0,0.0
1,68600,JAMS,6522.0,245.0,,,,,6524,245,,,,,6523.0,0.0
1,68700,JAMS,6523.0,72.0,6522.0,105.0,,,6524,72,6525.0,105.0,,,6523.5,0.0
1,68800,JAMS,6522.0,164.0,,,,,6524,164,,,,,6523.0,0.0
1,68900,JAMS,6523.0,163.0,,,,,6525,163,,,,,6524.0,0.0
1,69000,JAMS,6523.0,203.0,,,,,6525,203,,,,,6524.0,0.0
1,69100,JAMS,6523.0,211.0,,,,,6525,211,,,,,6524.0,0.0
1,69200,JAMS,6523.0,270.0,,,,,6525,270,,,,,6524.0,0.0
1,69300,JAMS,6523.0,280.0,,,,,6525,280,,,,,6524.0,0.0
1,69400,JAMS,6523.0,219.0,,,,,6525,214,,,,,6524.0,0.0
1,69500,JAMS,6523.0,243.0,,,,,6525,243,,,,,6524.0,0.0
1,69600,JAMS,6523.0,89.0,6522.0,177.0,,,6524,89,6525.0,177.0,,,6523.5,0.0
1,69700,JAMS,6523.0,53.0,6522.0,136.0,,,6524,53,6525.0,136.0,,,6523.5,0.0
1,69800,JAMS,6523.0,91.0,6522.0,104.0,,,6524,91,6525.0,104.0,,,6523.5,0.0
1,69900,JAMS,6522.0,245.0,,,,,6524,245,,,,,6523.0,0.0
1,70000,JAMS,6523.0,199.0,,,,,6524,58,6525.0,141.0,,,6523.5,0.0
1,70100,JAMS,6523.0,231.0,,,,,6525,235,,,,,6524.0,0.0
1,70200,JAMS,6523.0,62.0,6522.0,148.0,,,6524,62,6525.0,148.0,,,6523.5,0.0
1,70300,JAMS,6522.0,218.0,,,,,6524,218,,,,,6523.0,0.0
1,70400,JAMS,6522.0,214.0,,,,,6524,219,,,,,6523.0,0.0
1,70500,JAMS,6522.0,233.0,,,,,6524,233,,,,,6523.0,0.0
1,70600,JAMS,6522.0,239.0,,,,,6524,239,,,,,6523.0,0.0
1,70700,JAMS,6523.0,250.0,,,,,6525,250,,,,,6524.0,0.0
1,70800,JAMS,6524.0,69.0,6523.0,185.0,,,6525,69,6526.0,185.0,,,6524.5,0.0
1,70900,JAMS,6523.0,209.0,,,,,6524,9,6525.0,209.0,,,6523.5,0.0
1,71000,JAMS,6525.0,70.0,6524.0,142.0,,,6526,70,6527.0,142.0,,,6525.5,0.0
1,71100,JAMS,6525.0,226.0,,,,,6527,226,,,,,6526.0,0.0
1,71200,JAMS,6525.0,230.0,,,,,6527,230,,,,,6526.0,0.0
1,71300,JAMS,6525.0,169.0,,,,,6527,169,,,,,6526.0,0.0
1,71400,JAMS,6525.0,263.0,,,,,6527,263,,,,,6526.0,0.0
1,71500,JAMS,6525.0,179.0,,,,,6527,179,,,,,6526.0,0.0
1,71600,JAMS,6525.0,275.0,,,,,6527,275,,,,,6526.0,0.0
1,71700,JAMS,6525.0,94.0,6524.0,162.0,,,6526,94,6527.0,162.0,,,6525.5,0.0
1,71800,JAMS,6525.0,247.0,,,,,6527,247,,,,,6526.0,0.0
1,71900,JAMS,6527.0,54.0,6526.0,177.0,,,6528,54,6529.0,177.0,,,6527.5,0.0
1,72000,JAMS,6526.0,87.0,6525.0,130.0,,,6527,87,6528.0,130.0,,,6526.5,0.0
1,72100,JAMS,6526.0,253.0,,,,,6528,253,,,,,6527.0,0.0
1,72200,JAMS,6526.0,100.0,6525.0,162.0,,,6527,100,6528.0,162.0,,,6526.5,0.0
1,72300,JAMS,6526.0,246.0,,,,,6528,246,,,,,6527.0,0.0
1,72400,JAMS,6525.0,163.0,,,,,6527,163,,,,,6526.0,0.0
1,72500,JAMS,6524.0,232.0,,,,,6526,232,,,,,6525.0,0.0
1,72600,JAMS,6525.0,98.0,6524.0,190.0,,,6526,98,6527.0,190.0,,,6525.5,0.0
1,72700,JAMS,6525.0,70.0,6524.0,198.0,,,6526,70,6527.0,198.0,,,6525.5,0.0
1,72800,JAMS,6524.0,208.0,,,,,6526,208,,,,,6525.0,0.0
1,72900,JAMS,6525.0,205.0,,,,,6527,205,,,,,6526.0,0.0
1,73000,JAMS,6526.0,63.0,6525.0,194.0,,,6527,63,6528.0,194.0,,,6526.5,0.0
1,73100,JAMS,6526.0,225.0,,,,,6528,229,,,,,6527.0,0.0
1,73200,JAMS,6526.0,218.0,,,,,6528,218,,,,,6527.0,0.0
1,73300,JAMS,6526.0,88.0,6525.0,105.0,,,6527,88,6528.0,105.0,,,6526.5,0.0
1,73400,JAMS,6526.0,84.0,6525.0,177.0,,,6527,84,6528.0,177.0,,,6526.5,0.0
1,73500,JAMS,6526.0,250.0,,,,,6528,250,,,,,6527.0,0.0
1,73600,JAMS,6526.0,64.0,6525.0,200.0,,,6527,64,6528.0,200.0,,,6526.5,0.0
1,73700,JAMS,6526.0,229.0,,,,,6527,83,6528.0,154.0,,,6526.5,0.0
1,73800,JAMS,6525.0,258.0,,,,,6527,258,,,,,6526.0,0.0
1,73900,JAMS,6525.0,240.0,,,,,6527,240,,,,,6526.0,0.0
1,74000,JAMS,6525.0,82.0,6524.0,116.0,,,6526,82,6527.0,116.0,,,6525.5,0.0
1,74100,JAMS,6524.0,225.0,,,,,6526,225,,,,,6525.0,0.0
1,74200,JAMS,6525.0,11.0,6524.0,210.0,,,6526,210,,,,,6525.5,0.0
1,74300,JAMS,6524.0,214.0,,,,,6526,214,,,,,6525.0,0.0
1,74400,JAMS,6524.0,200.0,,,,,6526,200,,,,,6525.0,0.0
1,74500,JAMS,6525.0,234.0,,,,,6527,234,,,,,6526.0,0.0
1,74600,JAMS,6525.0,170.0,,,,,6527,170,,,,,6526.0,0.0
1,74700,JAMS,6525.0,267.0,,,,,6527,267,,,,,6526.0,0.0
1,74800,JAMS,6526.0,48.0,6525.0,150.0,,,6527,60,6528.0,150.0,,,6526.5,0.0
1,74900,JAMS,6526.0,52.0,6525.0,159.0,,,6527,52,6528.0,159.0,,,6526.5,0.0
1,75000,JAMS,6526.0,249.0,,,,,6528,249,,,,,6527.0,0.0
1,75100,JAMS,6526.0,298.0,,,,,6528,294,,,,,6527.0,0.0
1,75200,JAMS,6525.0,61.0,6524.0,159.0,,,6526,61,6527.0,159.0,,,6525.5,0.0
1,75300,JAMS,6522.0,215.0,,,,,6524,215,,,,,6523.0,0.0
1,75400,JAMS,6523.0,245.0,,,,,6525,245,,,,,6524.0,0.0
1,75500,JAMS,6524.0,55.0,6523.0,114.0,,,6525,55,6526.0,114.0,,,6524.5,0.0
1,75600,JAMS,6523.0,234.0,,,,,6525,234,,,,,6524.0,0.0
1,75700,JAMS,6523.0,201.0,,,,,6525,201,,,,,6524.0,0.0
1,75800,JAMS,6524.0,92.0,6523.0,149.0,,,6525,92,6526.0,149.0,,,6524.5,0.0
1,75900,JAMS,6523.0,274.0,,,,,6525,274,,,,,6524.0,0.0
1,76000,JAMS,6522.0,265.0,,,,,6524,265,,,,,6523.0,0.0
1,76100,JAMS,6522.0,186.0,,,,,6524,186,,,,,6523.0,0.0
1,76200,JAMS,6522.0,11.0,6521.0,243.0,,,6523,243,,,,,6522.5,0.0
1,76300,JAMS,6522.0,63.0,6521.0,111.0,,,6523,63,6524.0,111.0,,,6522.5,0.0
1,76400,JAMS,6522.0,69.0,6521.0,137.0,,,6523,69,6524.0,137.0,,,6522.5,0.0
1,76500,JAMS,6521.0,232.0,,,,,6523,224,,,,,6522.0,0.0
1,76600,JAMS,6521.0,3.0,6520.0,182.0,,,6522,182,,,,,6521.5,0.0
1,76700,JAMS,6520.0,193.0,,,,,6521,62,6522.0,131.0,,,6520.5,0.0
1,76800,JAMS,6519.0,260.0,,,,,6521,260,,,,,6520.0,0.0
1,76900,JAMS,6519.0,258.0,,,,,6521,258,,,,,6520.0,0.0
1,77000,JAMS,6519.0,272.0,,,,,6521,272,,,,,6520.0,0.0
1,77100,JAMS,6519.0,263.0,,,,,6521,257,,,,,6520.0,0.0
1,77200,JAMS,6519.0,219.0,,,,,6521,219,,,,,6520.0,0.0
1,77300,JAMS,6519.0,76.0,6518.0,191.0,,,6520,76,6521.0,191.0,,,6519.5,0.0
1,77400,JAMS,6518.0,218.0,,,,,6520,218,,,,,6519.0,0.0
1,77500,JAMS,6520.0,91.0,6519.0,103.0,,,6521,91,6522.0,103.0,,,6520.5,0.0
1,77600,JAMS,6521.0,52.0,6520.0,156.0,,,6522,52,6523.0,156.0,,,6521.5,0.0
1,77700,JAMS,6521.0,76.0,6520.0,195.0,,,6522,69,6523.0,195.0,,,6521.5,0.0
1,77800,JAMS,6521.0,70.0,6520.0,113.0,,,6522,70,6523.0,113.0,,,6521.5,0.0
1,77900,JAMS,6521.0,248.0,,,,,6523,248,,,,,6522.0,0.0
1,78000,JAMS,6521.0,54.0,6520.0,137.0,,,6522,54,6523.0,137.0,,,6521.5,0.0
1,78100,JAMS,6520.0,217.0,,,,,6522,217,,,,,6521.0,0.0
1,78200,JAMS,6520.0,170.0,,,,,6522,170,,,,,6521.0,0.0
1,78300,JAMS,6520.0,80.0,6519.0,169.0,,,6521,80,6522.0,169.0,,,6520.5,0.0
1,78400,JAMS,6520.0,192.0,,,,,6522,192,,,,,6521.0,0.0
1,78500,JAMS,6520.0,209.0,,,,,6521,88,6522.0,121.0,,,6520.5,0.0
1,78600,JAMS,6520.0,212.0,,,,,6522,212,,,,,6521.0,0.0
1,78700,JAMS,6520.0,67.0,6519.0,136.0,,,6521,70,6522.0,136.0,,,6520.5,0.0
1,78800,JAMS,6520.0,88.0,6519.0,160.0,,,6521,88,6522.0,160.0,,,6520.5,0.0
1,78900,JAMS,6520.0,89.0,6519.0,153.0,,,6521,89,6522.0,153.0,,,6520.5,0.0
1,79000,JAMS,6520.0,75.0,6519.0,104.0,,,6521,75,6522.0,104.0,,,6520.5,0.0
1,79100,JAMS,6520.0,80.0,6519.0,112.0,,,6521,80,6522.0,112.0,,,6520.5,0.0
1,79200,JAMS,6520.0,97.0,6519.0,163.0,,,6521,97,6522.0,163.0,,,6520.5,0.0
1,79300,JAMS,6520.0,97.0,6519.0,176.0,,,6521,97,6522.0,176.0,,,6520.5,0.0
1,79400,JAMS,6520.0,233.0,,,,,6522,233,,,,,6521.0,0.0
1,79500,JAMS,6520.0,264.0,,,,,6522,264,,,,,6521.0,0.0
1,79600,JAMS,6520.0,265.0,,,,,6522,265,,,,,6521.0,0.0
1,79700,JAMS,6521.0,250.0,,,,,6523,250,,,,,6522.0,0.0
1,79800,JAMS,6522.0,96.0,6521.0,183.0,,,6523,96,6524.0,183.0,,,6522.5,0.0
1,79900,JAMS,6523.0,90.0,6522.0,116.0,,,6524,90,6525.0,116.0,,,6523.5,0.0
1,80000,JAMS,6523.0,181.0,,,,,6525,181,,,,,6524.0,0.0
1,80100,JAMS,6523.0,99.0,6522.0,147.0,,,6524,99,6525.0,147.0,,,6523.5,0.0
1,80200,JAMS,6522.0,229.0,,,,,6524,229,,,,,6523.0,0.0
1,80300,JAMS,6523.0,206.0,,,,,6525,206,,,,,6524.0,0.0
1,80400,JAMS,6524.0,276.0,,,,,6526,276,,,,,6525.0,0.0
1,80500,JAMS,6524.0,197.0,,,,,6526,197,,,,,6525.0,0.0
1,80600,JAMS,6524.0,206.0,,,,,6526,206,,,,,6525.0,0.0
1,80700,JAMS,6524.0,62.0,6523.0,153.0,,,6525,62,6526.0,153.0,,,6524.5,0.0
1,80800,JAMS,6523.0,274.0,,,,,6525,274,,,,,6524.0,0.0
1,80900,JAMS,6523.0,221.0,,,,,6525,221,,,,,6524.0,0.0
1,81000,JAMS,6523.0,196.0,,,,,6525,196,,,,,6524.0,0.0
1,81100,JAMS,6523.0,255.0,,,,,6525,255,,,,,6524.0,0.0
1,81200,JAMS,6523.0,202.0,,,,,6525,202,,,,,6524.0,0.0
1,81300,JAMS,6523.0,258.0,,,,,6525,258,,,,,6524.0,0.0
1,81400,JAMS,6524.0,176.0,,,,,6525,63,6526.0,113.0,,,6524.5,0.0
1,81500,JAMS,6524.0,70.0,6523.0,109.0,,,6525,70,6526.0,109.0,,,6524.5,0.0
1,81600,JAMS,6524.0,252.0,,,,,6526,252,,,,,6525.0,0.0
1,81700,JAMS,6525.0,233.0,,,,,6527,221,,,,,6526.0,0.0
1,81800,JAMS,6525.0,214.0,,,,,6527,214,,,,,6526.0,0.0
1,81900,JAMS,6525.0,283.0,,,,,6527,283,,,,,6526.0,0.0
1,82000,JAMS,6525.0,232.0,,,,,6527,232,,,,,6526.0,0.0
1,82100,JAMS,6525.0,255.0,,,,,6527,255,,,,,6526.0,0.0
1,82200,JAMS,6525.0,212.0,,,,,6526,92,6527.0,120.0,,,6525.5,0.0
1,82300,JAMS,6524.0,207.0,,,,,6526,207,,,,,6525.0,0.0
1,82400,JAMS,6525.0,91.0,6524.0,117.0,,,6526,91,6527.0,117.0,,,6525.5,0.0
1,82500,JAMS,6525.0,169.0,,,,,6526,62,6527.0,107.0,,,6525.5,0.0
1,82600,JAMS,6525.0,213.0,,,,,6527,213,,,,,6526.0,0.0
1,82700,JAMS,6525.0,186.0,,,,,6527,186,,,,,6526.0,0.0
1,82800,JAMS,6526.0,56.0,6525.0,150.0,,,6527,206,,,,,6526.5,0.0
1,82900,JAMS,6526.0,3.0,6525.0,191.0,,,6527,191,,,,,6526.5,0.0
1,83000,JAMS,6525.0,189.0,,,,,6527,189,,,,,6526.0,0.0
1,83100,JAMS,6526.0,63.0,6525.0,167.0,,,6527,63,6528.0,167.0,,,6526.5,0.0
1,83200,JAMS,6526.0,247.0,,,,,6528,247,,,,,6527.0,0.0
1,83300,JAMS,6526.0,183.0,,,,,6528,183,,,,,6527.0,0.0
1,83400,JAMS,6527.0,207.0,,,,,6528,55,6529.0,152.0,,,6527.5,0.0
1,83500,JAMS,6527.0,83.0,6526.0,104.0,,,6528,83,6529.0,104.0,,,6527.5,0.0
1,83600,JAMS,6526.0,92.0,6525.0,165.0,,,6527,92,6528.0,165.0,,,6526.5,0.0
1,83700,JAMS,6524.0,206.0,,,,,6526,206,,,,,6525.0,0.0
1,83800,JAMS,6525.0,84.0,6524.0,197.0,,,6526,84,6527.0,197.0,,,6525.5,0.0
1,83900,JAMS,6524.0,220.0,,,,,6526,220,,,,,6525.0,0.0
1,84000,JAMS,6525.0,50.0,6524.0,101.0,,,6526,50,6527.0,101.0,,,6525.5,0.0
1,84100,JAMS,6526.0,60.0,6525.0,141.0,,,6527,60,6528.0,141.0,,,6526.5,0.0
1,84200,JAMS,6526.0,240.0,,,,,6527,70,6528.0,170.0,,,6526.5,0.0
1,84300,JAMS,6526.0,283.0,,,,,6528,283,,,,,6527.0,0.0
1,84400,JAMS,6526.0,245.0,,,,,6528,245,,,,,6527.0,0.0
1,84500,JAMS,6526.0,260.0,,,,,6528,260,,,,,6527.0,0.0
1,84600,JAMS,6526.0,155.0,,,,,6528,155,,,,,6527.0,0.0
1,84700,JAMS,6526.0,251.0,,,,,6527,65,6528.0,186.0,,,6526.5,0.0
1,84800,JAMS,6526.0,57.0,6525.0,140.0,,,6527,57,6528.0,140.0,,,6526.5,0.0
1,84900,JAMS,6526.0,62.0,6525.0,147.0,,,6527,62,6528.0,147.0,,,6526.5,0.0
1,85000,JAMS,6525.0,177.0,,,,,6527,177,,,,,6526.0,0.0
1,85100,JAMS,6525.0,210.0,,,,,6527,210,,,,,6526.0,0.0
1,85200,JAMS,6525.0,203.0,,,,,6527,203,,,,,6526.0,0.0
1,85300,JAMS,6525.0,226.0,,,,,6527,226,,,,,6526.0,0.0
1,85400,JAMS,6525.0,258.0,,,,,6527,258,,,,,6526.0,0.0
1,85500,JAMS,6525.0,202.0,,,,,6527,202,,,,,6526.0,0.0
1,85600,JAMS,6525.0,198.0,,,,,6527,198,,,,,6526.0,0.0
1,85700,JAMS,6525.0,181.0,,,,,6527,181,,,,,6526.0,0.0
1,85800,JAMS,6525.0,100.0,6524.0,107.0,,,6526,100,6527.0,107.0,,,6525.5,0.0
1,85900,JAMS,6524.0,186.0,,,,,6526,186,,,,,6525.0,0.0
1,86000,JAMS,6525.0,10.0,6524.0,209.0,,,6526,209,,,,,6525.5,0.0
1,86100,JAMS,6524.0,53.0,6523.0,102.0,,,6525,53,6526.0,102.0,,,6524.5,0.0
1,86200,JAMS,6523.0,177.0,,,,,6525,177,,,,,6524.0,0.0
1,86300,JAMS,6523.0,243.0,,,,,6525,243,,,,,6524.0,0.0
1,86400,JAMS,6523.0,205.0,,,,,6525,205,,,,,6524.0,0.0
1,86500,JAMS,6523.0,273.0,,,,,6525,269,,,,,6524.0,0.0
1,86600,JAMS,6522.0,255.0,,,,,6524,255,,,,,6523.0,0.0
1,86700,JAMS,6522.0,169.0,,,,,6524,169,,,,,6523.0,0.0
1,86800,JAMS,6522.0,175.0,,,,,6524,175,,,,,6523.0,0.0
1,86900,JAMS,6523.0,56.0,6522.0,184.0,,,6524,56,6525.0,184.0,,,6523.5,0.0
1,87000,JAMS,6523.0,79.0,6522.0,137.0,,,6524,79,6525.0,137.0,,,6523.5,0.0
1,87100,JAMS,6522.0,232.0,,,,,6524,232,,,,,6523.0,0.0
1,87200,JAMS,6522.0,285.0,,,,,6524,285,,,,,6523.0,0.0
1,87300,JAMS,6521.0,229.0,,,,,6522,10,6523.0,229.0,,,6521.5,0.0
1,87400,JAMS,6521.0,212.0,,,,,6523,212,,,,,6522.0,0.0
1,87500,JAMS,6521.0,255.0,,,,,6523,250,,,,,6522.0,0.0
1,87600,JAMS,6521.0,246.0,,,,,6523,246,,,,,6522.0,0.0
1,87700,JAMS,6521.0,222.0,,,,,6523,222,,,,,6522.0,0.0
1,87800,JAMS,6522.0,64.0,6521.0,199.0,,,6523,64,6524.0,199.0,,,6522.5,0.0
1,87900,JAMS,6522.0,88.0,6521.0,145.0,,,6523,88,6524.0,145.0,,,6522.5,0.0
1,88000,JAMS,6522.0,67.0,6521.0,165.0,,,6523,64,6524.0,165.0,,,6522.5,0.0
1,88100,JAMS,6522.0,68.0,6521.0,104.0,,,6523,68,6524.0,104.0,,,6522.5,0.0
1,88200,JAMS,6522.0,262.0,,,,,6524,262,,,,,6523.0,0.0
1,88300,JAMS,6522.0,242.0,,,,,6524,242,,,,,6523.0,0.0
1,88400,JAMS,6522.0,218.0,,,,,6524,218,,,,,6523.0,0.0
1,88500,JAMS,6522.0,236.0,,,,,6524,236,,,,,6523.0,0.0
1,88600,JAMS,6522.0,276.0,,,,,6524,276,,,,,6523.0,0.0
1,88700,JAMS,6522.0,227.0,,,,,6524,227,,,,,6523.0,0.0
1,88800,JAMS,6522.0,195.0,,,,,6524,195,,,,,6523.0,0.0
1,88900,JAMS,6522.0,181.0,,,,,6524,190,,,,,6523.0,0.0
1,89000,JAMS,6522.0,265.0,,,,,6524,265,,,,,6523.0,0.0
1,89100,JAMS,6522.0,277.0,,,,,6524,277,,,,,6523.0,0.0
1,89200,JAMS,6522.0,179.0,,,,,6524,179,,,,,6523.0,0.0
1,89300,JAMS,6522.0,158.0,,,,,6524,158,,,,,6523.0,0.0
1,89400,JAMS,6523.0,240.0,,,,,6525,240,,,,,6524.0,0.0
1,89500,JAMS,6523.0,199.0,,,,,6525,199,,,,,6524.0,0.0
1,89600,JAMS,6523.0,209.0,,,,,6525,209,,,,,6524.0,0.0
1,89700,JAMS,6524.0,225.0,,,,,6526,225,,,,,6525.0,0.0
1,89800,JAMS,6524.0,242.0,,,,,6526,242,,,,,6525.0,0.0
1,89900,JAMS,6523.0,206.0,,,,,6525,206,,,,,6524.0,0.0
1,90000,JAMS,6523.0,201.0,,,,,6525,201,,,,,6524.0,0.0
1,90100,JAMS,6523.0,223.0,,,,,6525,223,,,,,6524.0,0.0
1,90200,JAMS,6524.0,258.0,,,,,6526,258,,,,,6525.0,0.0
1,90300,JAMS,6524.0,189.0,,,,,6526,189,,,,,6525.0,0.0
1,90400,JAMS,6524.0,76.0,6523.0,124.0,,,6525,76,6526.0,124.0,,,6524.5,0.0
1,90500,JAMS,6524.0,65.0,6523.0,160.0,,,6525,65,6526.0,160.0,,,6524.5,0.0
1,90600,JAMS,6523.0,211.0,,,,,6525,211,,,,,6524.0,0.0
1,90700,JAMS,6523.0,228.0,,,,,6525,228,,,,,6524.0,0.0
1,90800,JAMS,6523.0,224.0,,,,,6525,224,,,,,6524.0,0.0
1,90900,JAMS,6523.0,62.0,6522.0,153.0,,,6524,62,6525.0,153.0,,,6523.5,0.0
1,91000,JAMS,6523.0,212.0,,,,,6525,203,,,,,6524.0,0.0
1,91100,JAMS,6523.0,89.0,6522.0,121.0,,,6524,89,6525.0,121.0,,,6523.5,0.0
1,91200,JAMS,6522.0,267.0,,,,,6524,267,,,,,6523.0,0.0
1,91300,JAMS,6522.0,269.0,,,,,6524,269,,,,,6523.0,0.0
1,91400,JAMS,6521.0,247.0,,,,,6523,247,,,,,6522.0,0.0
1,91500,JAMS,6521.0,263.0,,,,,6523,263,,,,,6522.0,0.0
1,91600,JAMS,6521.0,228.0,,,,,6523,228,,,,,6522.0,0.0
1,91700,JAMS,6520.0,261.0,,,,,6522,261,,,,,6521.0,0.0
1,91800,JAMS,6520.0,190.0,,,,,6522,190,,,,,6521.0,0.0
1,91900,JAMS,6520.0,174.0,,,,,6522,174,,,,,6521.0,0.0
1,92000,JAMS,6520.0,153.0,,,,,6522,163,,,,,6521.0,0.0
1,92100,JAMS,6520.0,256.0,,,,,6522,256,,,,,6521.0,0.0
1,92200,JAMS,6520.0,246.0,,,,,6522,246,,,,,6521.0,0.0
1,92300,JAMS,6520.0,254.0,,,,,6522,254,,,,,6521.0,0.0
1,92400,JAMS,6520.0,214.0,,,,,6522,214,,,,,6521.0,0.0
1,92500,JAMS,6520.0,189.0,,,,,6522,189,,,,,6521.0,0.0
1,92600,JAMS,6520.0,240.0,,,,,6522,240,,,,,6521.0,0.0
1,92700,JAMS,6520.0,69.0,6519.0,179.0,,,6521,69,6522.0,179.0,,,6520.5,0.0
1,92800,JAMS,6520.0,218.0,,,,,6521,76,6522.0,142.0,,,6520.5,0.0
1,92900,JAMS,6520.0,62.0,6519.0,104.0,,,6521,62,6522.0,104.0,,,6520.5,0.0
1,93000,JAMS,6520.0,66.0,6519.0,105.0,,,6521,66,6522.0,105.0,,,6520.5,0.0
1,93100,JAMS,6520.0,96.0,6519.0,140.0,,,6521,96,6522.0,140.0,,,6520.5,0.0
1,93200,JAMS,6520.0,80.0,6519.0,197.0,,,6521,80,6522.0,197.0,,,6520.5,0.0
1,93300,JAMS,6520.0,182.0,,,,,6522,182,,,,,6521.0,0.0
1,93400,JAMS,6521.0,239.0,,,,,6523,239,,,,,6522.0,0.0
1,93500,JAMS,6521.0,230.0,,,,,6523,230,,,,,6522.0,0.0
1,93600,JAMS,6521.0,265.0,,,,,6522,7,6523.0,265.0,,,6521.5,0.0
1,93700,JAMS,6522.0,226.0,,,,,6524,226,,,,,6523.0,0.0
1,93800,JAMS,6522.0,247.0,,,,,6523,64,6524.0,183.0,,,6522.5,0.0
1,93900,JAMS,6522.0,97.0,6521.0,104.0,,,6523,97,6524.0,104.0,,,6522.5,0.0
1,94000,JAMS,6521.0,199.0,,,,,6523,199,,,,,6522.0,0.0
1,94100,JAMS,6521.0,191.0,,,,,6523,191,,,,,6522.0,0.0
1,94200,JAMS,6521.0,260.0,,,,,6523,260,,,,,6522.0,0.0
1,94300,JAMS,6522.0,178.0,,,,,6524,178,,,,,6523.0,0.0
1,94400,JAMS,6522.0,54.0,6521.0,197.0,,,6523,54,6524.0,197.0,,,6522.5,0.0
1,94500,JAMS,6522.0,242.0,,,,,6523,91,6524.0,151.0,,,6522.5,0.0
1,94600,JAMS,6522.0,60.0,6521.0,199.0,,,6523,60,6524.0,199.0,,,6522.5,0.0
1,94700,JAMS,6521.0,254.0,,,,,6523,254,,,,,6522.0,0.0
1,94800,JAMS,6521.0,224.0,,,,,6523,224,,,,,6522.0,0.0
1,94900,JAMS,6521.0,259.0,,,,,6523,271,,,,,6522.0,0.0
1,95000,JAMS,6521.0,98.0,6520.0,114.0,,,6522,98,6523.0,114.0,,,6521.5,0.0
1,95100,JAMS,6521.0,84.0,6520.0,186.0,,,6522,91,6523.0,186.0,,,6521.5,0.0
1,95200,JAMS,6521.0,66.0,6520.0,178.0,,,6522,66,6523.0,178.0,,,6521.5,0.0
1,95300,JAMS,6520.0,71.0,6519.0,149.0,,,6521,71,6522.0,149.0,,,6520.5,0.0
1,95400,JAMS,6520.0,94.0,6519.0,171.0,,,6521,94,6522.0,171.0,,,6520.5,0.0
1,95500,JAMS,6520.0,75.0,6519.0,142.0,,,6521,75,6522.0,142.0,,,6520.5,0.0
1,95600,JAMS,6520.0,90.0,6519.0,100.0,,,6521,90,6522.0,100.0,,,6520.5,0.0
1,95700,JAMS,6519.0,51.0,6518.0,103.0,,,6520,51,6521.0,103.0,,,6519.5,0.0
1,95800,JAMS,6519.0,87.0,6518.0,151.0,,,6520,87,6521.0,151.0,,,6519.5,0.0
1,95900,JAMS,6519.0,72.0,6518.0,143.0,,,6520,72,6521.0,143.0,,,6519.5,0.0
1,96000,JAMS,6518.0,212.0,,,,,6519,5,6520.0,212.0,,,6518.5,0.0
1,96100,JAMS,6518.0,220.0,,,,,6520,220,,,,,6519.0,0.0
1,96200,JAMS,6518.0,279.0,,,,,6520,279,,,,,6519.0,0.0
1,96300,JAMS,6518.0,218.0,,,,,6520,218,,,,,6519.0,0.0
1,96400,JAMS,6518.0,205.0,,,,,6520,205,,,,,6519.0,0.0
1,96500,JAMS,6518.0,100.0,6517.0,163.0,,,6519,100,6520.0,163.0,,,6518.5,0.0
1,96600,JAMS,6517.0,250.0,,,,,6519,250,,,,,6518.0,0.0
1,96700,JAMS,6517.0,72.0,6516.0,168.0,,,6518,72,6519.0,168.0,,,6517.5,0.0
1,96800,JAMS,6517.0,55.0,6516.0,188.0,,,6518,55,6519.0,188.0,,,6517.5,0.0
1,96900,JAMS,6517.0,88.0,6516.0,123.0,,,6518,88,6519.0,123.0,,,6517.5,0.0
1,97000,JAMS,6517.0,154.0,,,,,6518,54,6519.0,100.0,,,6517.5,0.0
1,97100,JAMS,6517.0,180.0,,,,,6518,70,6519.0,117.0,,,6517.5,0.0
1,97200,JAMS,6517.0,249.0,,,,,6519,249,,,,,6518.0,0.0
1,97300,JAMS,6518.0,202.0,,,,,6520,202,,,,,6519.0,0.0
1,97400,JAMS,6519.0,249.0,,,,,6521,249,,,,,6520.0,0.0
1,97500,JAMS,6519.0,214.0,,,,,6521,205,,,,,6520.0,0.0
1,97600,JAMS,6519.0,251.0,,,,,6521,257,,,,,6520.0,0.0
1,97700,JAMS,6518.0,246.0,,,,,6520,246,,,,,6519.0,0.0
1,97800,JAMS,6518.0,191.0,,,,,6520,191,,,,,6519.0,0.0
1,97900,JAMS,6518.0,211.0,,,,,6520,211,,,,,6519.0,0.0
1,98000,JAMS,6518.0,51.0,6517.0,181.0,,,6519,232,,,,,6518.5,0.0
1,98100,JAMS,6518.0,56.0,6517.0,147.0,,,6519,56,6520.0,147.0,,,6518.5,0.0
1,98200,JAMS,6518.0,52.0,6517.0,110.0,,,6519,52,6520.0,110.0,,,6518.5,0.0
1,98300,JAMS,6518.0,72.0,6517.0,176.0,,,6519,72,6520.0,176.0,,,6518.5,0.0
1,98400,JAMS,6518.0,234.0,,,,,6520,234,,,,,6519.0,0.0
1,98500,JAMS,6518.0,83.0,6517.0,200.0,,,6519,83,6520.0,200.0,,,6518.5,0.0
1,98600,JAMS,6518.0,94.0,6517.0,199.0,,,6519,94,6520.0,199.0,,,6518.5,0.0
1,98700,JAMS,6517.0,235.0,,,,,6519,235,,,,,6518.0,0.0
1,98800,JAMS,6519.0,244.0,,,,,6521,244,,,,,6520.0,0.0
1,98900,JAMS,6519.0,205.0,,,,,6521,205,,,,,6520.0,0.0
1,99000,JAMS,6519.0,213.0,,,,,6521,213,,,,,6520.0,0.0
1,99100,JAMS,6519.0,181.0,,,,,6521,181,,,,,6520.0,0.0
1,99200,JAMS,6519.0,202.0,,,,,6521,202,,,,,6520.0,0.0
1,99300,JAMS,6519.0,240.0,,,,,6521,240,,,,,6520.0,0.0
1,99400,JAMS,6518.0,194.0,,,,,6520,203,,,,,6519.0,0.0
1,99500,JAMS,6518.0,55.0,6517.0,160.0,,,6519,55,6520.0,160.0,,,6518.5,0.0
1,99600,JAMS,6517.0,215.0,,,,,6519,215,,,,,6518.0,0.0
1,99700,JAMS,6516.0,171.0,,,,,6518,171,,,,,6517.0,0.0
1,99800,JAMS,6517.0,9.0,6516.0,206.0,,,6518,206,,,,,6517.5,0.0
1,99900,JAMS,6515.0,228.0,,,,,6517,221,,,,,6516.0,0.0
1,100000,JAMS,6515.0,90.0,6514.0,115.0,,,6516,90,6517.0,115.0,,,6515.5,0.0
1,100100,JAMS,6513.0,263.0,,,,,6515,263,,,,,6514.0,0.0
1,100200,JAMS,6514.0,92.0,6513.0,119.0,,,6515,92,6516.0,119.0,,,6514.5,0.0
1,100300,JAMS,6514.0,73.0,6513.0,133.0,,,6515,73,6516.0,133.0,,,6514.5,0.0
1,100400,JAMS,6514.0,234.0,,,,,6516,234,,,,,6515.0,0.0
1,100500,JAMS,6514.0,274.0,,,,,6516,274,,,,,6515.0,0.0
1,100600,JAMS,6514.0,58.0,6513.0,165.0,,,6515,58,6516.0,165.0,,,6514.5,0.0
1,100700,JAMS,6513.0,66.0,6512.0,181.0,,,6514,66,6515.0,181.0,,,6513.5,0.0
1,100800,JAMS,6513.0,278.0,,,,,6515,278,,,,,6514.0,0.0
1,100900,JAMS,6513.0,197.0,,,,,6514,53,6515.0,144.0,,,6513.5,0.0
1,101000,JAMS,6512.0,213.0,,,,,6514,213,,,,,6513.0,0.0
1,101100,JAMS,6512.0,189.0,,,,,6514,189,,,,,6513.0,0.0
1,101200,JAMS,6512.0,171.0,,,,,6514,171,,,,,6513.0,0.0
1,101300,JAMS,6512.0,232.0,,,,,6513,5,6514.0,232.0,,,6512.5,0.0
1,101400,JAMS,6513.0,258.0,,,,,6515,258,,,,,6514.0,0.0
1,101500,JAMS,6515.0,64.0,6514.0,174.0,,,6516,64,6517.0,174.0,,,6515.5,0.0
1,101600,JAMS,6515.0,64.0,6514.0,148.0,,,6516,64,6517.0,148.0,,,6515.5,0.0
1,101700,JAMS,6514.0,94.0,6513.0,199.0,,,6515,94,6516.0,199.0,,,6514.5,0.0
1,101800,JAMS,6513.0,199.0,,,,,6515,199,,,,,6514.0,0.0
1,101900,JAMS,6514.0,160.0,,,,,6516,160,,,,,6515.0,0.0
1,102000,JAMS,6514.0,215.0,,,,,6516,215,,,,,6515.0,0.0
1,102100,JAMS,6514.0,281.0,,,,,6516,281,,,,,6515.0,0.0
1,102200,JAMS,6515.0,67.0,6514.0,116.0,,,6516,183,,,,,6515.5,0.0
1,102300,JAMS,6513.0,234.0,,,,,6515,234,,,,,6514.0,0.0
1,102400,JAMS,6513.0,252.0,,,,,6515,252,,,,,6514.0,0.0
1,102500,JAMS,6514.0,191.0,,,,,6516,191,,,,,6515.0,0.0
1,102600,JAMS,6513.0,53.0,6512.0,115.0,,,6514,53,6515.0,115.0,,,6513.5,0.0
1,102700,JAMS,6513.0,84.0,6512.0,146.0,,,6514,84,6515.0,146.0,,,6513.5,0.0
1,102800,JAMS,6512.0,188.0,,,,,6514,188,,,,,6513.0,0.0
1,102900,JAMS,6512.0,255.0,,,,,6514,255,,,,,6513.0,0.0
1,103000,JAMS,6512.0,195.0,,,,,6514,195,,,,,6513.0,0.0
1,103100,JAMS,6511.0,180.0,,,,,6513,180,,,,,6512.0,0.0
1,103200,JAMS,6511.0,219.0,,,,,6513,219,,,,,6512.0,0.0
1,103300,JAMS,6511.0,91.0,6510.0,200.0,,,6512,91,6513.0,200.0,,,6511.5,0.0
1,103400,JAMS,6511.0,93.0,6510.0,151.0,,,6512,93,6513.0,151.0,,,6511.5,0.0
1,103500,JAMS,6511.0,50.0,6510.0,141.0,,,6512,50,6513.0,141.0,,,6511.5,0.0
1,103600,JAMS,6512.0,189.0,,,,,6514,189,,,,,6513.0,0.0
1,103700,JAMS,6512.0,191.0,,,,,6514,191,,,,,6513.0,0.0
1,103800,JAMS,6511.0,220.0,,,,,6513,220,,,,,6512.0,0.0
1,103900,JAMS,6511.0,251.0,,,,,6513,251,,,,,6512.0,0.0
1,104000,JAMS,6512.0,67.0,6511.0,182.0,,,6513,67,6514.0,182.0,,,6512.5,0.0
1,104100,JAMS,6512.0,5.0,6511.0,236.0,,,6513,236,,,,,6512.5,0.0
1,104200,JAMS,6511.0,225.0,,,,,6513,225,,,,,6512.0,0.0
1,104300,JAMS,6512.0,71.0,6511.0,151.0,,,6513,71,6514.0,151.0,,,6512.5,0.0
1,104400,JAMS,6512.0,201.0,,,,,6514,201,,,,,6513.0,0.0
1,104500,JAMS,6512.0,215.0,,,,,6514,215,,,,,6513.0,0.0
1,104600,JAMS,6512.0,198.0,,,,,6514,198,,,,,6513.0,0.0
1,104700,JAMS,6512.0,247.0,,,,,6513,11,6514.0,247.0,,,6512.5,0.0
1,104800,JAMS,6512.0,197.0,,,,,6514,197,,,,,6513.0,0.0
1,104900,JAMS,6512.0,206.0,,,,,6514,206,,,,,6513.0,0.0
1,105000,JAMS,6512.0,86.0,6511.0,133.0,,,6513,86,6514.0,133.0,,,6512.5,0.0
1,105100,JAMS,6511.0,183.0,,,,,6513,183,,,,,6512.0,0.0
1,105200,JAMS,6511.0,54.0,6510.0,157.0,,,6512,54,6513.0,157.0,,,6511.5,0.0
1,105300,JAMS,6510.0,226.0,,,,,6512,226,,,,,6511.0,0.0
1,105400,JAMS,6510.0,283.0,,,,,6512,283,,,,,6511.0,0.0
1,105500,JAMS,6510.0,205.0,,,,,6512,205,,,,,6511.0,0.0
1,105600,JAMS,6510.0,84.0,6509.0,189.0,,,6511,92,6512.0,189.0,,,6510.5,0.0
1,105700,JAMS,6510.0,59.0,6509.0,134.0,,,6511,59,6512.0,134.0,,,6510.5,0.0
1,105800,JAMS,6509.0,209.0,,,,,6511,209,,,,,6510.0,0.0
1,105900,JAMS,6510.0,172.0,,,,,6512,165,,,,,6511.0,0.0
1,106000,JAMS,6511.0,7.0,6510.0,237.0,,,6512,237,,,,,6511.5,0.0
1,106100,JAMS,6510.0,232.0,,,,,6512,232,,,,,6511.0,0.0
1,106200,JAMS,6510.0,212.0,,,,,6512,212,,,,,6511.0,0.0
1,106300,JAMS,6510.0,227.0,,,,,6512,227,,,,,6511.0,0.0
1,106400,JAMS,6510.0,84.0,6509.0,131.0,,,6511,84,6512.0,131.0,,,6510.5,0.0
1,106500,JAMS,6510.0,94.0,6509.0,129.0,,,6511,223,,,,,6510.5,0.0
1,106600,JAMS,6510.0,94.0,6509.0,118.0,,,6511,94,6512.0,118.0,,,6510.5,0.0
1,106700,JAMS,6510.0,83.0,6509.0,170.0,,,6511,83,6512.0,170.0,,,6510.5,0.0
1,106800,JAMS,6510.0,46.0,6509.0,145.0,,,6511,52,6512.0,145.0,,,6510.5,0.0
1,106900,JAMS,6511.0,165.0,,,,,6513,165,,,,,6512.0,0.0
1,107000,JAMS,6511.0,183.0,,,,,6513,183,,,,,6512.0,0.0
1,107100,JAMS,6511.0,208.0,,,,,6513,208,,,,,6512.0,0.0
1,107200,JAMS,6511.0,213.0,,,,,6513,220,,,,,6512.0,0.0
1,107300,JAMS,6512.0,71.0,6511.0,185.0,,,6513,71,6514.0,185.0,,,6512.5,0.0
1,107400,JAMS,6512.0,160.0,,,,,6514,160,,,,,6513.0,0.0
1,107500,JAMS,6512.0,170.0,,,,,6514,170,,,,,6513.0,0.0
1,107600,JAMS,6512.0,87.0,6511.0,104.0,,,6513,87,6514.0,104.0,,,6512.5,0.0
1,107700,JAMS,6511.0,286.0,,,,,6513,286,,,,,6512.0,0.0
1,107800,JAMS,6511.0,278.0,,,,,6513,278,,,,,6512.0,0.0
1,107900,JAMS,6511.0,100.0,6510.0,104.0,,,6512,100,6513.0,104.0,,,6511.5,0.0
1,108000,JAMS,6510.0,51.0,6509.0,119.0,,,6511,61,6512.0,119.0,,,6510.5,0.0
1,108100,JAMS,6509.0,176.0,,,,,6511,176,,,,,6510.0,0.0
1,108200,JAMS,6509.0,190.0,,,,,6511,190,,,,,6510.0,0.0
1,108300,JAMS,6509.0,277.0,,,,,6511,274,,,,,6510.0,0.0
1,108400,JAMS,6510.0,76.0,6509.0,179.0,,,6511,76,6512.0,179.0,,,6510.5,0.0
1,108500,JAMS,6509.0,267.0,,,,,6511,267,,,,,6510.0,0.0
1,108600,JAMS,6509.0,201.0,,,,,6510,3,6511.0,201.0,,,6509.5,0.0
1,108700,JAMS,6509.0,248.0,,,,,6511,248,,,,,6510.0,0.0
1,108800,JAMS,6509.0,54.0,6508.0,174.0,,,6510,54,6511.0,174.0,,,6509.5,0.0
1,108900,JAMS,6509.0,238.0,,,,,6511,238,,,,,6510.0,0.0
1,109000,JAMS,6509.0,258.0,,,,,6511,258,,,,,6510.0,0.0
1,109100,JAMS,6509.0,53.0,6508.0,146.0,,,6510,53,6511.0,146.0,,,6509.5,0.0
1,109200,JAMS,6508.0,181.0,,,,,6510,181,,,,,6509.0,0.0
1,109300,JAMS,6507.0,192.0,,,,,6508,11,6509.0,192.0,,,6507.5,0.0
1,109400,JAMS,6508.0,189.0,,,,,6510,189,,,,,6509.0,0.0
1,109500,JAMS,6509.0,205.0,,,,,6511,205,,,,,6510.0,0.0
1,109600,JAMS,6510.0,245.0,,,,,6512,245,,,,,6511.0,0.0
1,109700,JAMS,6513.0,79.0,6512.0,167.0,,,6514,250,,,,,6513.5,0.0
1,109800,JAMS,6514.0,179.0,,,,,6516,179,,,,,6515.0,0.0
1,109900,JAMS,6513.0,253.0,,,,,6515,253,,,,,6514.0,0.0
1,110000,JAMS,6513.0,82.0,6512.0,109.0,,,6514,82,6515.0,109.0,,,6513.5,0.0
1,110100,JAMS,6514.0,95.0,6513.0,200.0,,,6515,95,6516.0,200.0,,,6514.5,0.0
1,110200,JAMS,6515.0,72.0,6514.0,124.0,,,6516,72,6517.0,124.0,,,6515.5,0.0
1,110300,JAMS,6516.0,83.0,6515.0,104.0,,,6517,83,6518.0,104.0,,,6516.5,0.0
1,110400,JAMS,6516.0,50.0,6515.0,118.0,,,6517,50,6518.0,118.0,,,6516.5,0.0
1,110500,JAMS,6517.0,62.0,6516.0,153.0,,,6518,62,6519.0,153.0,,,6517.5,0.0
1,110600,JAMS,6516.0,230.0,,,,,6518,230,,,,,6517.0,0.0
1,110700,JAMS,6515.0,201.0,,,,,6517,201,,,,,6516.0,0.0
1,110800,JAMS,6515.0,262.0,,,,,6517,262,,,,,6516.0,0.0
1,110900,JAMS,6515.0,260.0,,,,,6517,260,,,,,6516.0,0.0
1,111000,JAMS,6516.0,89.0,6515.0,153.0,,,6517,89,6518.0,153.0,,,6516.5,0.0
1,111100,JAMS,6515.0,207.0,,,,,6517,207,,,,,6516.0,0.0
1,111200,JAMS,6517.0,55.0,6516.0,120.0,,,6518,175,,,,,6517.5,0.0
1,111300,JAMS,6516.0,233.0,,,,,6518,233,,,,,6517.0,0.0
1,111400,JAMS,6517.0,67.0,6516.0,122.0,,,6518,67,6519.0,122.0,,,6517.5,0.0
1,111500,JAMS,6517.0,211.0,,,,,6519,211,,,,,6518.0,0.0
1,111600,JAMS,6517.0,211.0,,,,,6519,211,,,,,6518.0,0.0
1,111700,JAMS,6517.0,214.0,,,,,6519,214,,,,,6518.0,0.0
1,111800,JAMS,6518.0,52.0,6517.0,103.0,,,6519,52,6520.0,103.0,,,6518.5,0.0
1,111900,JAMS,6517.0,205.0,,,,,6519,205,,,,,6518.0,0.0
1,112000,JAMS,6517.0,93.0,6516.0,107.0,,,6518,84,6519.0,107.0,,,6517.5,0.0
1,112100,JAMS,6517.0,72.0,6516.0,106.0,,,6518,72,6519.0,106.0,,,6517.5,0.0
1,112200,JAMS,6517.0,4.0,6516.0,258.0,,,6518,258,,,,,6517.5,0.0
1,112300,JAMS,6515.0,243.0,,,,,6517,243,,,,,6516.0,0.0
1,112400,JAMS,6515.0,180.0,,,,,6517,180,,,,,6516.0,0.0
1,112500,JAMS,6515.0,247.0,,,,,6517,247,,,,,6516.0,0.0
1,112600,JAMS,6515.0,250.0,,,,,6517,250,,,,,6516.0,0.0
1,112700,JAMS,6515.0,200.0,,,,,6517,200,,,,,6516.0,0.0
1,112800,JAMS,6515.0,193.0,,,,,6517,182,,,,,6516.0,0.0
1,112900,JAMS,6515.0,203.0,,,,,6517,203,,,,,6516.0,0.0
1,113000,JAMS,6515.0,240.0,,,,,6517,240,,,,,6516.0,0.0
1,113100,JAMS,6514.0,252.0,,,,,6516,252,,,,,6515.0,0.0
1,113200,JAMS,6514.0,248.0,,,,,6516,248,,,,,6515.0,0.0
1,113300,JAMS,6515.0,11.0,6514.0,233.0,,,6516,233,,,,,6515.5,0.0
1,113400,JAMS,6514.0,289.0,,,,,6516,289,,,,,6515.0,0.0
1,113500,JAMS,6516.0,98.0,6515.0,146.0,,,6517,98,6518.0,146.0,,,6516.5,0.0
1,113600,JAMS,6515.0,273.0,,,,,6517,273,,,,,6516.0,0.0
1,113700,JAMS,6515.0,78.0,6514.0,126.0,,,6516,78,6517.0,126.0,,,6515.5,0.0
1,113800,JAMS,6514.0,173.0,,,,,6516,173,,,,,6515.0,0.0
1,113900,JAMS,6514.0,275.0,,,,,6516,275,,,,,6515.0,0.0
1,114000,JAMS,6514.0,158.0,,,,,6516,158,,,,,6515.0,0.0
1,114100,JAMS,6515.0,75.0,6514.0,173.0,,,6516,75,6517.0,173.0,,,6515.5,0.0
1,114200,JAMS,6515.0,222.0,,,,,6517,222,,,,,6516.0,0.0
1,114300,JAMS,6515.0,186.0,,,,,6517,186,,,,,6516.0,0.0
1,114400,JAMS,6515.0,263.0,,,,,6517,263,,,,,6516.0,0.0
1,114500,JAMS,6516.0,239.0,,,,,6518,239,,,,,6517.0,0.0
1,114600,JAMS,6516.0,206.0,,,,,6518,206,,,,,6517.0,0.0
1,114700,JAMS,6517.0,215.0,,,,,6519,215,,,,,6518.0,0.0
1,114800,JAMS,6517.0,55.0,6516.0,130.0,,,6518,55,6519.0,130.0,,,6517.5,0.0
1,114900,JAMS,6517.0,63.0,6516.0,185.0,,,6518,63,6519.0,185.0,,,6517.5,0.0
1,115000,JAMS,6518.0,68.0,6517.0,117.0,,,6519,68,6520.0,117.0,,,6518.5,0.0
1,115100,JAMS,6517.0,88.0,6516.0,167.0,,,6518,88,6519.0,167.0,,,6517.5,0.0
1,115200,JAMS,6516.0,257.0,,,,,6518,257,,,,,6517.0,0.0
1,115300,JAMS,6517.0,64.0,6516.0,166.0,,,6518,64,6519.0,166.0,,,6517.5,0.0
1,115400,JAMS,6517.0,166.0,,,,,6519,166,,,,,6518.0,0.0
1,115500,JAMS,6517.0,206.0,,,,,6518,3,6519.0,206.0,,,6517.5,0.0
1,115600,JAMS,6517.0,220.0,,,,,6519,220,,,,,6518.0,0.0
1,115700,JAMS,6517.0,253.0,,,,,6519,253,,,,,6518.0,0.0
1,115800,JAMS,6516.0,177.0,,,,,6518,177,,,,,6517.0,0.0
1,115900,JAMS,6516.0,177.0,,,,,6518,177,,,,,6517.0,0.0
1,116000,JAMS,6517.0,66.0,6516.0,186.0,,,6518,66,6519.0,186.0,,,6517.5,0.0
1,116100,JAMS,6517.0,73.0,6516.0,157.0,,,6518,73,6519.0,157.0,,,6517.5,0.0
1,116200,JAMS,6517.0,84.0,6516.0,112.0,,,6518,84,6519.0,112.0,,,6517.5,0.0
1,116300,JAMS,6517.0,243.0,,,,,6519,243,,,,,6518.0,0.0
1,116400,JAMS,6517.0,222.0,,,,,6519,222,,,,,6518.0,0.0
1,116500,JAMS,6517.0,190.0,,,,,6519,190,,,,,6518.0,0.0
1,116600,JAMS,6518.0,248.0,,,,,6520,248,,,,,6519.0,0.0
1,116700,JAMS,6519.0,55.0,6518.0,132.0,,,6520,55,6521.0,132.0,,,6519.5,0.0
1,116800,JAMS,6518.0,198.0,,,,,6520,198,,,,,6519.0,0.0
1,116900,JAMS,6518.0,216.0,,,,,6520,216,,,,,6519.0,0.0
1,117000,JAMS,6518.0,176.0,,,,,6520,176,,,,,6519.0,0.0
1,117100,JAMS,6518.0,210.0,,,,,6520,210,,,,,6519.0,0.0
1,117200,JAMS,6518.0,151.0,,,,,6520,151,,,,,6519.0,0.0
1,117300,JAMS,6517.0,255.0,,,,,6519,255,,,,,6518.0,0.0
1,117400,JAMS,6517.0,259.0,,,,,6519,259,,,,,6518.0,0.0
1,117500,JAMS,6517.0,266.0,,,,,6519,266,,,,,6518.0,0.0
1,117600,JAMS,6517.0,77.0,6516.0,150.0,,,6518,77,6519.0,150.0,,,6517.5,0.0
1,117700,JAMS,6517.0,195.0,,,,,6519,195,,,,,6518.0,0.0
1,117800,JAMS,6519.0,83.0,6518.0,149.0,,,6520,83,6521.0,149.0,,,6519.5,0.0
1,117900,JAMS,6518.0,75.0,6517.0,145.0,,,6519,75,6520.0,145.0,,,6518.5,0.0
1,118000,JAMS,6518.0,51.0,6517.0,142.0,,,6519,51,6520.0,142.0,,,6518.5,0.0
1,118100,JAMS,6518.0,232.0,,,,,6520,232,,,,,6519.0,0.0
1,118200,JAMS,6518.0,255.0,,,,,6520,255,,,,,6519.0,0.0
1,118300,JAMS,6518.0,217.0,,,,,6520,217,,,,,6519.0,0.0
1,118400,JAMS,6518.0,287.0,,,,,6520,287,,,,,6519.0,0.0
1,118500,JAMS,6518.0,90.0,6517.0,172.0,,,6519,90,6520.0,172.0,,,6518.5,0.0
1,118600,JAMS,6518.0,51.0,6517.0,198.0,,,6519,51,6520.0,198.0,,,6518.5,0.0
1,118700,JAMS,6518.0,82.0,6517.0,148.0,,,6519,82,6520.0,148.0,,,6518.5,0.0
1,118800,JAMS,6518.0,70.0,6517.0,125.0,,,6519,70,6520.0,125.0,,,6518.5,0.0
1,118900,JAMS,6517.0,261.0,,,,,6519,261,,,,,6518.0,0.0
1,119000,JAMS,6517.0,88.0,6516.0,190.0,,,6518,88,6519.0,190.0,,,6517.5,0.0
1,119100,JAMS,6517.0,264.0,,,,,6519,264,,,,,6518.0,0.0
1,119200,JAMS,6517.0,246.0,,,,,6519,246,,,,,6518.0,0.0
1,119300,JAMS,6516.0,277.0,,,,,6518,277,,,,,6517.0,0.0
1,119400,JAMS,6516.0,220.0,,,,,6518,220,,,,,6517.0,0.0
1,119500,JAMS,6517.0,73.0,6516.0,195.0,,,6518,73,6519.0,195.0,,,6517.5,0.0
1,119600,JAMS,6517.0,58.0,6516.0,196.0,,,6518,58,6519.0,196.0,,,6517.5,0.0
1,119700,JAMS,6517.0,92.0,6516.0,142.0,,,6518,92,6519.0,142.0,,,6517.5,0.0
1,119800,JAMS,6516.0,278.0,,,,,6518,278,,,,,6517.0,0.0
1,119900,JAMS,6516.0,187.0,,,,,6518,187,,,,,6517.0,0.0
1,120000,JAMS,6516.0,237.0,,,,,6518,237,,,,,6517.0,0.0
1,120100,JAMS,6516.0,162.0,,,,,6518,162,,,,,6517.0,0.0
1,120200,JAMS,6516.0,265.0,,,,,6518,265,,,,,6517.0,0.0
1,120300,JAMS,6516.0,190.0,,,,,6518,190,,,,,6517.0,0.0
1,120400,JAMS,6516.0,241.0,,,,,6518,241,,,,,6517.0,0.0
1,120500,JAMS,6515.0,232.0,,,,,6517,232,,,,,6516.0,0.0
1,120600,JAMS,6516.0,54.0,6515.0,152.0,,,6517,54,6518.0,152.0,,,6516.5,0.0
1,120700,JAMS,6516.0,228.0,,,,,6518,221,,,,,6517.0,0.0
1,120800,JAMS,6516.0,90.0,6515.0,151.0,,,6517,90,6518.0,151.0,,,6516.5,0.0
1,120900,JAMS,6515.0,211.0,,,,,6517,211,,,,,6516.0,0.0
1,121000,JAMS,6516.0,100.0,6515.0,156.0,,,6517,100,6518.0,156.0,,,6516.5,0.0
1,121100,JAMS,6516.0,84.0,6515.0,122.0,,,6517,84,6518.0,122.0,,,6516.5,0.0
1,121200,JAMS,6517.0,7.0,6516.0,173.0,,,6518,173,,,,,6517.5,0.0
1,121300,JAMS,6516.0,60.0,6515.0,117.0,,,6517,60,6518.0,117.0,,,6516.5,0.0
1,121400,JAMS,6515.0,226.0,,,,,6517,226,,,,,6516.0,0.0
1,121500,JAMS,6515.0,229.0,,,,,6517,229,,,,,6516.0,0.0
1,121600,JAMS,6515.0,213.0,,,,,6517,213,,,,,6516.0,0.0
1,121700,JAMS,6515.0,237.0,,,,,6517,237,,,,,6516.0,0.0
1,121800,JAMS,6514.0,283.0,,,,,6516,283,,,,,6515.0,0.0
1,121900,JAMS,6514.0,189.0,,,,,6516,189,,,,,6515.0,0.0
1,122000,JAMS,6514.0,197.0,,,,,6516,197,,,,,6515.0,0.0
1,122100,JAMS,6515.0,98.0,6514.0,171.0,,,6516,98,6517.0,171.0,,,6515.5,0.0
1,122200,JAMS,6515.0,181.0,,,,,6517,181,,,,,6516.0,0.0
1,122300,JAMS,6516.0,94.0,6515.0,178.0,,,6517,94,6518.0,178.0,,,6516.5,0.0
1,122400,JAMS,6515.0,87.0,6514.0,191.0,,,6516,87,6517.0,191.0,,,6515.5,0.0
1,122500,JAMS,6515.0,254.0,,,,,6517,254,,,,,6516.0,0.0
1,122600,JAMS,6515.0,87.0,6514.0,157.0,,,6516,87,6517.0,157.0,,,6515.5,0.0
1,122700,JAMS,6514.0,228.0,,,,,6516,228,,,,,6515.0,0.0
1,122800,JAMS,6514.0,228.0,,,,,6516,228,,,,,6515.0,0.0
1,122900,JAMS,6514.0,191.0,,,,,6516,191,,,,,6515.0,0.0
1,123000,JAMS,6514.0,225.0,,,,,6516,225,,,,,6515.0,0.0
1,123100,JAMS,6514.0,241.0,,,,,6516,245,,,,,6515.0,0.0
1,123200,JAMS,6514.0,260.0,,,,,6516,260,,,,,6515.0,0.0
1,123300,JAMS,6514.0,213.0,,,,,6516,213,,,,,6515.0,0.0
1,123400,JAMS,6514.0,208.0,,,,,6516,208,,,,,6515.0,0.0
1,123500,JAMS,6514.0,241.0,,,,,6515,9,6516.0,241.0,,,6514.5,0.0
1,123600,JAMS,6514.0,179.0,,,,,6516,179,,,,,6515.0,0.0
1,123700,JAMS,6514.0,241.0,,,,,6516,241,,,,,6515.0,0.0
1,123800,JAMS,6516.0,269.0,,,,,6518,269,,,,,6517.0,0.0
1,123900,JAMS,6516.0,88.0,6515.0,149.0,,,6517,88,6518.0,149.0,,,6516.5,0.0
1,124000,JAMS,6517.0,226.0,,,,,6518,4,6519.0,226.0,,,6517.5,0.0
1,124100,JAMS,6518.0,77.0,6517.0,189.0,,,6519,71,6520.0,189.0,,,6518.5,0.0
1,124200,JAMS,6517.0,232.0,,,,,6519,232,,,,,6518.0,0.0
1,124300,JAMS,6517.0,62.0,6516.0,192.0,,,6518,62,6519.0,192.0,,,6517.5,0.0
1,124400,JAMS,6517.0,223.0,,,,,6519,223,,,,,6518.0,0.0
1,124500,JAMS,6517.0,240.0,,,,,6519,240,,,,,6518.0,0.0
1,124600,JAMS,6517.0,199.0,,,,,6519,199,,,,,6518.0,0.0
1,124700,JAMS,6516.0,184.0,,,,,6518,184,,,,,6517.0,0.0
1,124800,JAMS,6516.0,243.0,,,,,6518,243,,,,,6517.0,0.0
1,124900,JAMS,6517.0,76.0,6516.0,193.0,,,6518,76,6519.0,193.0,,,6517.5,0.0
1,125000,JAMS,6517.0,51.0,6516.0,134.0,,,6518,51,6519.0,134.0,,,6517.5,0.0
1,125100,JAMS,6517.0,65.0,6516.0,131.0,,,6518,196,,,,,6517.5,0.0
1,125200,JAMS,6516.0,222.0,,,,,6518,222,,,,,6517.0,0.0
1,125300,JAMS,6517.0,53.0,6516.0,127.0,,,6518,53,6519.0,127.0,,,6517.5,0.0
1,125400,JAMS,6519.0,93.0,6518.0,146.0,,,6520,93,6521.0,146.0,,,6519.5,0.0
1,125500,JAMS,6519.0,172.0,,,,,6521,172,,,,,6520.0,0.0
1,125600,JAMS,6519.0,236.0,,,,,6521,236,,,,,6520.0,0.0
1,125700,JAMS,6520.0,92.0,6519.0,130.0,,,6521,92,6522.0,130.0,,,6520.5,0.0
1,125800,JAMS,6520.0,6.0,6519.0,239.0,,,6521,239,,,,,6520.5,0.0
1,125900,JAMS,6520.0,97.0,6519.0,113.0,,,6521,210,,,,,6520.5,0.0
1,126000,JAMS,6518.0,211.0,,,,,6520,211,,,,,6519.0,0.0
1,126100,JAMS,6519.0,294.0,,,,,6521,294,,,,,6520.0,0.0
1,126200,JAMS,6519.0,266.0,,,,,6521,266,,,,,6520.0,0.0
1,126300,JAMS,6520.0,5.0,6519.0,261.0,,,6521,261,,,,,6520.5,0.0
1,126400,JAMS,6520.0,265.0,,,,,6522,265,,,,,6521.0,0.0
1,126500,JAMS,6520.0,85.0,6519.0,142.0,,,6521,92,6522.0,142.0,,,6520.5,0.0
1,126600,JAMS,6520.0,77.0,6519.0,176.0,,,6521,77,6522.0,176.0,,,6520.5,0.0
1,126700,JAMS,6520.0,59.0,6519.0,188.0,,,6521,59,6522.0,188.0,,,6520.5,0.0
1,126800,JAMS,6521.0,63.0,6520.0,170.0,,,6522,63,6523.0,170.0,,,6521.5,0.0
1,126900,JAMS,6520.0,277.0,,,,,6522,277,,,,,6521.0,0.0
1,127000,JAMS,6520.0,74.0,6519.0,137.0,,,6521,74,6522.0,137.0,,,6520.5,0.0
1,127100,JAMS,6520.0,59.0,6519.0,101.0,,,6521,59,6522.0,101.0,,,6520.5,0.0
1,127200,JAMS,6519.0,191.0,,,,,6521,191,,,,,6520.0,0.0
1,127300,JAMS,6520.0,78.0,6519.0,190.0,,,6521,78,6522.0,190.0,,,6520.5,0.0
1,127400,JAMS,6521.0,196.0,,,,,6523,196,,,,,6522.0,0.0
1,127500,JAMS,6522.0,269.0,,,,,6524,269,,,,,6523.0,0.0
1,127600,JAMS,6522.0,88.0,6521.0,189.0,,,6523,88,6524.0,189.0,,,6522.5,0.0
1,127700,JAMS,6522.0,85.0,6521.0,161.0,,,6523,85,6524.0,161.0,,,6522.5,0.0
1,127800,JAMS,6522.0,258.0,,,,,6524,258,,,,,6523.0,0.0
1,127900,JAMS,6523.0,254.0,,,,,6525,254,,,,,6524.0,0.0
1,128000,JAMS,6523.0,246.0,,,,,6525,246,,,,,6524.0,0.0
1,128100,JAMS,6523.0,67.0,6522.0,171.0,,,6524,67,6525.0,171.0,,,6523.5,0.0
1,128200,JAMS,6523.0,274.0,,,,,6525,274,,,,,6524.0,0.0
1,128300,JAMS,6523.0,251.0,,,,,6525,251,,,,,6524.0,0.0
1,128400,JAMS,6526.0,69.0,6525.0,108.0,,,6527,69,6528.0,108.0,,,6526.5,0.0
1,128500,JAMS,6526.0,179.0,,,,,6528,179,,,,,6527.0,0.0
1,128600,JAMS,6526.0,50.0,6525.0,178.0,,,6527,50,6528.0,178.0,,,6526.5,0.0
1,128700,JAMS,6525.0,228.0,,,,,6527,228,,,,,6526.0,0.0
1,128800,JAMS,6526.0,270.0,,,,,6528,270,,,,,6527.0,0.0
1,128900,JAMS,6526.0,279.0,,,,,6528,279,,,,,6527.0,0.0
1,129000,JAMS,6526.0,157.0,,,,,6527,55,6528.0,102.0,,,6526.5,0.0
1,129100,JAMS,6526.0,45.0,6525.0,134.0,,,6527,190,,,,,6526.5,0.0
1,129200,JAMS,6525.0,186.0,,,,,6527,186,,,,,6526.0,0.0
1,129300,JAMS,6525.0,263.0,,,,,6527,263,,,,,6526.0,0.0
1,129400,JAMS,6525.0,56.0,6524.0,144.0,,,6526,60,6527.0,144.0,,,6525.5,0.0
1,129500,JAMS,6524.0,73.0,6523.0,161.0,,,6525,73,6526.0,161.0,,,6524.5,0.0
1,129600,JAMS,6522.0,218.0,,,,,6524,218,,,,,6523.0,0.0
1,129700,JAMS,6523.0,80.0,6522.0,184.0,,,6524,80,6525.0,184.0,,,6523.5,0.0
1,129800,JAMS,6523.0,215.0,,,,,6524,74,6525.0,141.0,,,6523.5,0.0
1,129900,JAMS,6522.0,231.0,,,,,6524,231,,,,,6523.0,0.0
1,130000,JAMS,6524.0,276.0,,,,,6526,276,,,,,6525.0,0.0
1,130100,JAMS,6525.0,87.0,6524.0,128.0,,,6526,87,6527.0,128.0,,,6525.5,0.0
1,130200,JAMS,6525.0,88.0,6524.0,187.0,,,6526,88,6527.0,187.0,,,6525.5,0.0
1,130300,JAMS,6524.0,93.0,6523.0,187.0,,,6525,93,6526.0,187.0,,,6524.5,0.0
1,130400,JAMS,6524.0,234.0,,,,,6526,234,,,,,6525.0,0.0
1,130500,JAMS,6524.0,255.0,,,,,6526,255,,,,,6525.0,0.0
1,130600,JAMS,6524.0,233.0,,,,,6526,233,,,,,6525.0,0.0
1,130700,JAMS,6524.0,280.0,,,,,6526,280,,,,,6525.0,0.0
1,130800,JAMS,6524.0,231.0,,,,,6526,231,,,,,6525.0,0.0
1,130900,JAMS,6524.0,215.0,,,,,6526,215,,,,,6525.0,0.0
1,131000,JAMS,6524.0,214.0,,,,,6526,214,,,,,6525.0,0.0
1,131100,JAMS,6524.0,268.0,,,,,6525,94,6526.0,174.0,,,6524.5,0.0
1,131200,JAMS,6524.0,246.0,,,,,6526,246,,,,,6525.0,0.0
1,131300,JAMS,6524.0,204.0,,,,,6526,204,,,,,6525.0,0.0
1,131400,JAMS,6525.0,3.0,6524.0,200.0,,,6526,200,,,,,6525.5,0.0
1,131500,JAMS,6524.0,271.0,,,,,6526,271,,,,,6525.0,0.0
1,131600,JAMS,6524.0,256.0,,,,,6526,256,,,,,6525.0,0.0
1,131700,JAMS,6525.0,90.0,6524.0,198.0,,,6526,90,6527.0,198.0,,,6525.5,0.0
1,131800,JAMS,6524.0,227.0,,,,,6526,227,,,,,6525.0,0.0
1,131900,JAMS,6524.0,245.0,,,,,6526,245,,,,,6525.0,0.0
1,132000,JAMS,6524.0,243.0,,,,,6525,10,6526.0,243.0,,,6524.5,0.0
1,132100,JAMS,6524.0,220.0,,,,,6526,220,,,,,6525.0,0.0
1,132200,JAMS,6523.0,195.0,,,,,6525,195,,,,,6524.0,0.0
1,132300,JAMS,6522.0,259.0,,,,,6524,259,,,,,6523.0,0.0
1,132400,JAMS,6521.0,229.0,,,,,6523,229,,,,,6522.0,0.0
1,132500,JAMS,6521.0,207.0,,,,,6522,10,6523.0,207.0,,,6521.5,0.0
1,132600,JAMS,6521.0,218.0,,,,,6523,218,,,,,6522.0,0.0
1,132700,JAMS,6521.0,166.0,,,,,6523,166,,,,,6522.0,0.0
1,132800,JAMS,6522.0,54.0,6521.0,167.0,,,6523,54,6524.0,167.0,,,6522.5,0.0
1,132900,JAMS,6521.0,230.0,,,,,6523,230,,,,,6522.0,0.0
1,133000,JAMS,6522.0,246.0,,,,,6524,246,,,,,6523.0,0.0
1,133100,JAMS,6522.0,224.0,,,,,6524,224,,,,,6523.0,0.0
1,133200,JAMS,6522.0,51.0,6521.0,175.0,,,6523,51,6524.0,175.0,,,6522.5,0.0
1,133300,JAMS,6522.0,83.0,6521.0,129.0,,,6523,83,6524.0,129.0,,,6522.5,0.0
1,133400,JAMS,6522.0,83.0,6521.0,141.0,,,6523,83,6524.0,141.0,,,6522.5,0.0
1,133500,JAMS,6522.0,64.0,6521.0,158.0,,,6523,64,6524.0,158.0,,,6522.5,0.0
1,133600,JAMS,6522.0,91.0,6521.0,177.0,,,6523,91,6524.0,177.0,,,6522.5,0.0
1,133700,JAMS,6522.0,68.0,6521.0,173.0,,,6523,68,6524.0,173.0,,,6522.5,0.0
1,133800,JAMS,6522.0,77.0,6521.0,183.0,,,6523,77,6524.0,183.0,,,6522.5,0.0
1,133900,JAMS,6522.0,59.0,6521.0,133.0,,,6523,192,,,,,6522.5,0.0
1,134000,JAMS,6521.0,88.0,6520.0,108.0,,,6522,88,6523.0,108.0,,,6521.5,0.0
1,134100,JAMS,6521.0,100.0,6520.0,167.0,,,6522,93,6523.0,167.0,,,6521.5,0.0
1,134200,JAMS,6519.0,192.0,,,,,6521,192,,,,,6520.0,0.0
1,134300,JAMS,6520.0,283.0,,,,,6522,283,,,,,6521.0,0.0
1,134400,JAMS,6519.0,163.0,,,,,6521,163,,,,,6520.0,0.0
1,134500,JAMS,6519.0,202.0,,,,,6520,66,6521.0,147.0,,,6519.5,0.0
1,134600,JAMS,6519.0,177.0,,,,,6521,177,,,,,6520.0,0.0
1,134700,JAMS,6519.0,198.0,,,,,6521,198,,,,,6520.0,0.0
1,134800,JAMS,6519.0,94.0,6518.0,196.0,,,6520,94,6521.0,196.0,,,6519.5,0.0
1,134900,JAMS,6519.0,72.0,6518.0,165.0,,,6520,72,6521.0,165.0,,,6519.5,0.0
1,135000,JAMS,6518.0,231.0,,,,,6520,231,,,,,6519.0,0.0
1,135100,JAMS,6518.0,197.0,,,,,6520,197,,,,,6519.0,0.0
1,135200,JAMS,6518.0,274.0,,,,,6520,274,,,,,6519.0,0.0
1,135300,JAMS,6518.0,178.0,,,,,6520,178,,,,,6519.0,0.0
1,135400,JAMS,6519.0,71.0,6518.0,123.0,,,6520,71,6521.0,123.0,,,6519.5,0.0
1,135500,JAMS,6518.0,220.0,,,,,6520,220,,,,,6519.0,0.0
1,135600,JAMS,6518.0,268.0,,,,,6520,268,,,,,6519.0,0.0
1,135700,JAMS,6518.0,214.0,,,,,6520,214,,,,,6519.0,0.0
1,135800,JAMS,6518.0,221.0,,,,,6520,221,,,,,6519.0,0.0
1,135900,JAMS,6517.0,296.0,,,,,6519,296,,,,,6518.0,0.0
1,136000,JAMS,6519.0,90.0,6518.0,181.0,,,6520,90,6521.0,181.0,,,6519.5,0.0
1,136100,JAMS,6519.0,97.0,6518.0,146.0,,,6520,97,6521.0,146.0,,,6519.5,0.0
1,136200,JAMS,6519.0,211.0,,,,,6521,203,,,,,6520.0,0.0
1,136300,JAMS,6519.0,91.0,6518.0,118.0,,,6520,91,6521.0,118.0,,,6519.5,0.0
1,136400,JAMS,6519.0,97.0,6518.0,146.0,,,6520,97,6521.0,146.0,,,6519.5,0.0
1,136500,JAMS,6518.0,210.0,,,,,6520,210,,,,,6519.0,0.0
1,136600,JAMS,6518.0,268.0,,,,,6520,268,,,,,6519.0,0.0
1,136700,JAMS,6519.0,98.0,6518.0,154.0,,,6520,98,6521.0,154.0,,,6519.5,0.0
1,136800,JAMS,6519.0,258.0,,,,,6521,258,,,,,6520.0,0.0
1,136900,JAMS,6519.0,97.0,6518.0,122.0,,,6520,97,6521.0,122.0,,,6519.5,0.0
1,137000,JAMS,6518.0,189.0,,,,,6520,189,,,,,6519.0,0.0
1,137100,JAMS,6518.0,227.0,,,,,6520,227,,,,,6519.0,0.0
1,137200,JAMS,6518.0,281.0,,,,,6520,281,,,,,6519.0,0.0
1,137300,JAMS,6518.0,263.0,,,,,6520,263,,,,,6519.0,0.0
1,137400,JAMS,6518.0,219.0,,,,,6520,219,,,,,6519.0,0.0
1,137500,JAMS,6518.0,242.0,,,,,6520,242,,,,,6519.0,0.0
1,137600,JAMS,6518.0,269.0,,,,,6520,269,,,,,6519.0,0.0
1,137700,JAMS,6518.0,58.0,6517.0,141.0,,,6519,58,6520.0,141.0,,,6518.5,0.0
1,137800,JAMS,6520.0,73.0,6519.0,192.0,,,6521,73,6522.0,192.0,,,6520.5,0.0
1,137900,JAMS,6519.0,235.0,,,,,6521,227,,,,,6520.0,0.0
1,138000,JAMS,6519.0,58.0,6518.0,197.0,,,6520,58,6521.0,197.0,,,6519.5,0.0
1,138100,JAMS,6518.0,199.0,,,,,6520,199,,,,,6519.0,0.0
1,138200,JAMS,6518.0,87.0,6517.0,126.0,,,6519,87,6520.0,126.0,,,6518.5,0.0
1,138300,JAMS,6518.0,185.0,,,,,6520,185,,,,,6519.0,0.0
1,138400,JAMS,6518.0,53.0,6517.0,200.0,,,6519,53,6520.0,200.0,,,6518.5,0.0
1,138500,JAMS,6519.0,203.0,,,,,6521,203,,,,,6520.0,0.0
1,138600,JAMS,6518.0,239.0,,,,,6520,239,,,,,6519.0,0.0
1,138700,JAMS,6518.0,192.0,,,,,6520,192,,,,,6519.0,0.0
1,138800,JAMS,6518.0,221.0,,,,,6520,221,,,,,6519.0,0.0
1,138900,JAMS,6518.0,263.0,,,,,6520,263,,,,,6519.0,0.0
1,139000,JAMS,6518.0,232.0,,,,,6520,232,,,,,6519.0,0.0
1,139100,JAMS,6517.0,170.0,,,,,6519,170,,,,,6518.0,0.0
1,139200,JAMS,6518.0,230.0,,,,,6519,100,6520.0,130.0,,,6518.5,0.0
1,139300,JAMS,6518.0,270.0,,,,,6519,8,6520.0,270.0,,,6518.5,0.0
1,139400,JAMS,6518.0,232.0,,,,,6520,232,,,,,6519.0,0.0
1,139500,JAMS,6519.0,100.0,6518.0,121.0,,,6520,97,6521.0,121.0,,,6519.5,0.0
1,139600,JAMS,6519.0,212.0,,,,,6520,55,6521.0,157.0,,,6519.5,0.0
1,139700,JAMS,6522.0,12.0,6521.0,211.0,,,6523,211,,,,,6522.5,0.0
1,139800,JAMS,6520.0,227.0,,,,,6522,227,,,,,6521.0,0.0
1,139900,JAMS,6522.0,100.0,6521.0,189.0,,,6523,100,6524.0,189.0,,,6522.5,0.0
1,140000,JAMS,6521.0,186.0,,,,,6523,186,,,,,6522.0,0.0
1,140100,JAMS,6522.0,195.0,,,,,6524,195,,,,,6523.0,0.0
1,140200,JAMS,6523.0,250.0,,,,,6524,58,6525.0,192.0,,,6523.5,0.0
1,140300,JAMS,6523.0,99.0,6522.0,186.0,,,6524,99,6525.0,186.0,,,6523.5,0.0
1,140400,JAMS,6522.0,248.0,,,,,6524,248,,,,,6523.0,0.0
1,140500,JAMS,6523.0,5.0,6522.0,229.0,,,6524,229,,,,,6523.5,0.0
1,140600,JAMS,6523.0,273.0,,,,,6525,273,,,,,6524.0,0.0
1,140700,JAMS,6523.0,54.0,6522.0,103.0,,,6524,54,6525.0,103.0,,,6523.5,0.0
1,140800,JAMS,6522.0,190.0,,,,,6524,190,,,,,6523.0,0.0
1,140900,JAMS,6522.0,259.0,,,,,6524,259,,,,,6523.0,0.0
1,141000,JAMS,6522.0,218.0,,,,,6524,218,,,,,6523.0,0.0
1,141100,JAMS,6522.0,96.0,6521.0,165.0,,,6523,96,6524.0,165.0,,,6522.5,0.0
1,141200,JAMS,6521.0,193.0,,,,,6523,193,,,,,6522.0,0.0
1,141300,JAMS,6522.0,64.0,6521.0,142.0,,,6523,64,6524.0,142.0,,,6522.5,0.0
1,141400,JAMS,6522.0,213.0,,,,,6524,213,,,,,6523.0,0.0
1,141500,JAMS,6522.0,263.0,,,,,6524,263,,,,,6523.0,0.0
1,141600,JAMS,6522.0,232.0,,,,,6524,232,,,,,6523.0,0.0
1,141700,JAMS,6522.0,98.0,6521.0,122.0,,,6523,98,6524.0,122.0,,,6522.5,0.0
1,141800,JAMS,6522.0,241.0,,,,,6524,241,,,,,6523.0,0.0
1,141900,JAMS,6523.0,198.0,,,,,6525,198,,,,,6524.0,0.0
1,142000,JAMS,6523.0,81.0,6522.0,145.0,,,6524,81,6525.0,145.0,,,6523.5,0.0
1,142100,JAMS,6523.0,233.0,,,,,6525,233,,,,,6524.0,0.0
1,142200,JAMS,6523.0,215.0,,,,,6525,215,,,,,6524.0,0.0
1,142300,JAMS,6523.0,175.0,,,,,6525,168,,,,,6524.0,0.0
1,142400,JAMS,6523.0,62.0,6522.0,184.0,,,6524,62,6525.0,184.0,,,6523.5,0.0
1,142500,JAMS,6523.0,282.0,,,,,6524,91,6525.0,191.0,,,6523.5,0.0
1,142600,JAMS,6523.0,276.0,,,,,6525,276,,,,,6524.0,0.0
1,142700,JAMS,6523.0,93.0,6522.0,117.0,,,6524,93,6525.0,117.0,,,6523.5,0.0
1,142800,JAMS,6523.0,57.0,6522.0,165.0,,,6524,57,6525.0,165.0,,,6523.5,0.0
1,142900,JAMS,6523.0,84.0,6522.0,147.0,,,6524,84,6525.0,147.0,,,6523.5,0.0
1,143000,JAMS,6523.0,225.0,,,,,6525,225,,,,,6524.0,0.0
1,143100,JAMS,6524.0,238.0,,,,,6526,238,,,,,6525.0,0.0
1,143200,JAMS,6524.0,208.0,,,,,6526,208,,,,,6525.0,0.0
1,143300,JAMS,6524.0,216.0,,,,,6526,216,,,,,6525.0,0.0
1,143400,JAMS,6524.0,200.0,,,,,6526,200,,,,,6525.0,0.0
1,143500,JAMS,6524.0,257.0,,,,,6526,257,,,,,6525.0,0.0
1,143600,JAMS,6524.0,96.0,6523.0,193.0,,,6525,96,6526.0,193.0,,,6524.5,0.0
1,143700,JAMS,6524.0,97.0,6523.0,134.0,,,6525,97,6526.0,134.0,,,6524.5,0.0
1,143800,JAMS,6524.0,59.0,6523.0,130.0,,,6525,59,6526.0,130.0,,,6524.5,0.0
1,143900,JAMS,6523.0,267.0,,,,,6525,267,,,,,6524.0,0.0
1,144000,JAMS,6523.0,235.0,,,,,6525,235,,,,,6524.0,0.0
1,144100,JAMS,6523.0,231.0,,,,,6525,231,,,,,6524.0,0.0
1,144200,JAMS,6523.0,195.0,,,,,6525,195,,,,,6524.0,0.0
1,144300,JAMS,6523.0,217.0,,,,,6525,217,,,,,6524.0,0.0
1,144400,JAMS,6523.0,282.0,,,,,6525,282,,,,,6524.0,0.0
1,144500,JAMS,6523.0,201.0,,,,,6525,201,,,,,6524.0,0.0
1,144600,JAMS,6523.0,64.0,6522.0,136.0,,,6524,64,6525.0,136.0,,,6523.5,0.0
1,144700,JAMS,6522.0,192.0,,,,,6524,192,,,,,6523.0,0.0
1,144800,JAMS,6522.0,273.0,,,,,6523,86,6524.0,187.0,,,6522.5,0.0
1,144900,JAMS,6522.0,247.0,,,,,6524,247,,,,,6523.0,0.0
1,145000,JAMS,6522.0,89.0,6521.0,191.0,,,6523,89,6524.0,191.0,,,6522.5,0.0
1,145100,JAMS,6519.0,80.0,6518.0,163.0,,,6520,84,6521.0,163.0,,,6519.5,0.0
1,145200,JAMS,6519.0,224.0,,,,,6521,233,,,,,6520.0,0.0
1,145300,JAMS,6520.0,251.0,,,,,6522,251,,,,,6521.0,0.0
1,145400,JAMS,6520.0,97.0,6519.0,148.0,,,6521,97,6522.0,148.0,,,6520.5,0.0
1,145500,JAMS,6519.0,209.0,,,,,6521,209,,,,,6520.0,0.0
1,145600,JAMS,6520.0,59.0,6519.0,109.0,,,6521,59,6522.0,109.0,,,6520.5,0.0
1,145700,JAMS,6519.0,243.0,,,,,6521,243,,,,,6520.0,0.0
1,145800,JAMS,6521.0,207.0,,,,,6523,207,,,,,6522.0,0.0
1,145900,JAMS,6521.0,212.0,,,,,6523,212,,,,,6522.0,0.0
1,146000,JAMS,6522.0,7.0,6521.0,269.0,,,6523,269,,,,,6522.5,0.0
1,146100,JAMS,6522.0,59.0,6521.0,191.0,,,6523,59,6524.0,191.0,,,6522.5,0.0
1,146200,JAMS,6521.0,259.0,,,,,6523,259,,,,,6522.0,0.0
1,146300,JAMS,6521.0,286.0,,,,,6523,286,,,,,6522.0,0.0
1,146400,JAMS,6521.0,202.0,,,,,6523,202,,,,,6522.0,0.0
1,146500,JAMS,6521.0,183.0,,,,,6523,183,,,,,6522.0,0.0
1,146600,JAMS,6522.0,94.0,6521.0,107.0,,,6523,94,6524.0,107.0,,,6522.5,0.0
1,146700,JAMS,6521.0,235.0,,,,,6523,235,,,,,6522.0,0.0
1,146800,JAMS,6521.0,53.0,6520.0,174.0,,,6522,53,6523.0,174.0,,,6521.5,0.0
1,146900,JAMS,6521.0,212.0,,,,,6523,212,,,,,6522.0,0.0
1,147000,JAMS,6521.0,68.0,6520.0,197.0,,,6522,68,6523.0,197.0,,,6521.5,0.0
1,147100,JAMS,6521.0,237.0,,,,,6523,237,,,,,6522.0,0.0
1,147200,JAMS,6521.0,233.0,,,,,6523,233,,,,,6522.0,0.0
1,147300,JAMS,6521.0,224.0,,,,,6523,224,,,,,6522.0,0.0
1,147400,JAMS,6521.0,204.0,,,,,6523,204,,,,,6522.0,0.0
1,147500,JAMS,6521.0,216.0,,,,,6523,216,,,,,6522.0,0.0
1,147600,JAMS,6522.0,223.0,,,,,6524,223,,,,,6523.0,0.0
1,147700,JAMS,6522.0,241.0,,,,,6524,241,,,,,6523.0,0.0
1,147800,JAMS,6523.0,90.0,6522.0,136.0,,,6524,226,,,,,6523.5,0.0
1,147900,JAMS,6523.0,247.0,,,,,6525,247,,,,,6524.0,0.0
1,148000,JAMS,6522.0,291.0,,,,,6524,291,,,,,6523.0,0.0
1,148100,JAMS,6522.0,227.0,,,,,6524,227,,,,,6523.0,0.0
1,148200,JAMS,6522.0,270.0,,,,,6524,270,,,,,6523.0,0.0
1,148300,JAMS,6522.0,230.0,,,,,6524,230,,,,,6523.0,0.0
1,148400,JAMS,6522.0,194.0,,,,,6524,194,,,,,6523.0,0.0
1,148500,JAMS,6522.0,199.0,,,,,6524,199,,,,,6523.0,0.0
1,148600,JAMS,6522.0,247.0,,,,,6524,247,,,,,6523.0,0.0
1,148700,JAMS,6522.0,216.0,,,,,6524,211,,,,,6523.0,0.0
1,148800,JAMS,6522.0,57.0,6521.0,155.0,,,6523,57,6524.0,155.0,,,6522.5,0.0
1,148900,JAMS,6522.0,203.0,,,,,6523,92,6524.0,111.0,,,6522.5,0.0
1,149000,JAMS,6524.0,239.0,,,,,6526,239,,,,,6525.0,0.0
1,149100,JAMS,6526.0,73.0,6525.0,132.0,,,6527,73,6528.0,132.0,,,6526.5,0.0
1,149200,JAMS,6525.0,181.0,,,,,6527,181,,,,,6526.0,0.0
1,149300,JAMS,6526.0,79.0,6525.0,149.0,,,6527,79,6528.0,149.0,,,6526.5,0.0
1,149400,JAMS,6526.0,255.0,,,,,6528,255,,,,,6527.0,0.0
1,149500,JAMS,6525.0,220.0,,,,,6527,220,,,,,6526.0,0.0
1,149600,JAMS,6525.0,216.0,,,,,6527,216,,,,,6526.0,0.0
1,149700,JAMS,6526.0,213.0,,,,,6527,9,6528.0,213.0,,,6526.5,0.0
1,149800,JAMS,6527.0,75.0,6526.0,102.0,,,6528,75,6529.0,102.0,,,6527.5,0.0
1,149900,JAMS,6527.0,196.0,,,,,6528,57,6529.0,139.0,,,6527.5,0.0
1,150000,JAMS,6527.0,171.0,,,,,6529,171,,,,,6528.0,0.0
1,150100,JAMS,6528.0,69.0,6527.0,119.0,,,6529,69,6530.0,119.0,,,6528.5,0.0
1,150200,JAMS,6527.0,251.0,,,,,6529,251,,,,,6528.0,0.0
1,150300,JAMS,6527.0,254.0,,,,,6529,254,,,,,6528.0,0.0
1,150400,JAMS,6527.0,199.0,,,,,6529,199,,,,,6528.0,0.0
1,150500,JAMS,6527.0,190.0,,,,,6529,190,,,,,6528.0,0.0
1,150600,JAMS,6527.0,72.0,6526.0,115.0,,,6528,187,,,,,6527.5,0.0
1,150700,JAMS,6527.0,64.0,6526.0,130.0,,,6528,64,6529.0,130.0,,,6527.5,0.0
1,150800,JAMS,6527.0,247.0,,,,,6529,247,,,,,6528.0,0.0
1,150900,JAMS,6528.0,93.0,6527.0,127.0,,,6529,215,,,,,6528.5,0.0
1,151000,JAMS,6528.0,71.0,6527.0,121.0,,,6529,71,6530.0,121.0,,,6528.5,0.0
1,151100,JAMS,6528.0,67.0,6527.0,196.0,,,6529,67,6530.0,196.0,,,6528.5,0.0
1,151200,JAMS,6528.0,97.0,6527.0,100.0,,,6529,97,6530.0,100.0,,,6528.5,0.0
1,151300,JAMS,6528.0,198.0,,,,,6530,198,,,,,6529.0,0.0
1,151400,JAMS,6528.0,77.0,6527.0,123.0,,,6529,77,6530.0,123.0,,,6528.5,0.0
1,151500,JAMS,6528.0,85.0,6527.0,166.0,,,6529,85,6530.0,166.0,,,6528.5,0.0
1,151600,JAMS,6527.0,220.0,,,,,6528,8,6529.0,220.0,,,6527.5,0.0
1,151700,JAMS,6527.0,72.0,6526.0,156.0,,,6528,79,6529.0,156.0,,,6527.5,0.0
1,151800,JAMS,6526.0,53.0,6525.0,164.0,,,6527,61,6528.0,164.0,,,6526.5,0.0
1,151900,JAMS,6526.0,217.0,,,,,6527,9,6528.0,217.0,,,6526.5,0.0
1,152000,JAMS,6527.0,207.0,,,,,6529,207,,,,,6528.0,0.0
1,152100,JAMS,6527.0,59.0,6526.0,133.0,,,6528,59,6529.0,133.0,,,6527.5,0.0
1,152200,JAMS,6526.0,230.0,,,,,6528,230,,,,,6527.0,0.0
1,152300,JAMS,6526.0,244.0,,,,,6528,244,,,,,6527.0,0.0
1,152400,JAMS,6526.0,190.0,,,,,6528,197,,,,,6527.0,0.0
1,152500,JAMS,6526.0,218.0,,,,,6528,218,,,,,6527.0,0.0
1,152600,JAMS,6526.0,216.0,,,,,6528,213,,,,,6527.0,0.0
1,152700,JAMS,6526.0,215.0,,,,,6528,215,,,,,6527.0,0.0
1,152800,JAMS,6526.0,189.0,,,,,6528,189,,,,,6527.0,0.0
1,152900,JAMS,6526.0,196.0,,,,,6528,196,,,,,6527.0,0.0
1,153000,JAMS,6527.0,66.0,6526.0,160.0,,,6528,66,6529.0,160.0,,,6527.5,0.0
1,153100,JAMS,6526.0,177.0,,,,,6528,177,,,,,6527.0,0.0
1,153200,JAMS,6526.0,229.0,,,,,6528,229,,,,,6527.0,0.0
1,153300,JAMS,6526.0,237.0,,,,,6528,237,,,,,6527.0,0.0
1,153400,JAMS,6525.0,267.0,,,,,6527,267,,,,,6526.0,0.0
1,153500,JAMS,6525.0,259.0,,,,,6527,259,,,,,6526.0,0.0
1,153600,JAMS,6525.0,261.0,,,,,6527,261,,,,,6526.0,0.0
1,153700,JAMS,6525.0,199.0,,,,,6527,199,,,,,6526.0,0.0
1,153800,JAMS,6526.0,3.0,6525.0,258.0,,,6527,258,,,,,6526.5,0.0
1,153900,JAMS,6526.0,249.0,,,,,6528,249,,,,,6527.0,0.0
1,154000,JAMS,6526.0,200.0,,,,,6528,200,,,,,6527.0,0.0
1,154100,JAMS,6526.0,108.0,6525.0,112.0,,,6527,96,6528.0,112.0,,,6526.5,0.0
1,154200,JAMS,6526.0,82.0,6525.0,190.0,,,6527,82,6528.0,190.0,,,6526.5,0.0
1,154300,JAMS,6526.0,51.0,6525.0,106.0,,,6527,51,6528.0,106.0,,,6526.5,0.0
1,154400,JAMS,6526.0,68.0,6525.0,148.0,,,6527,68,6528.0,148.0,,,6526.5,0.0
1,154500,JAMS,6525.0,201.0,,,,,6527,201,,,,,6526.0,0.0
1,154600,JAMS,6527.0,80.0,6526.0,184.0,,,6528,80,6529.0,184.0,,,6527.5,0.0
1,154700,JAMS,6528.0,99.0,6527.0,177.0,,,6529,99,6530.0,177.0,,,6528.5,0.0
1,154800,JAMS,6528.0,257.0,,,,,6530,269,,,,,6529.0,0.0
1,154900,JAMS,6528.0,64.0,6527.0,134.0,,,6529,64,6530.0,134.0,,,6528.5,0.0
1,155000,JAMS,6528.0,92.0,6527.0,154.0,,,6529,92,6530.0,154.0,,,6528.5,0.0
1,155100,JAMS,6527.0,256.0,,,,,6529,256,,,,,6528.0,0.0
1,155200,JAMS,6528.0,184.0,,,,,6530,184,,,,,6529.0,0.0
1,155300,JAMS,6528.0,182.0,,,,,6530,182,,,,,6529.0,0.0
1,155400,JAMS,6528.0,217.0,,,,,6530,217,,,,,6529.0,0.0
1,155500,JAMS,6527.0,204.0,,,,,6529,204,,,,,6528.0,0.0
1,155600,JAMS,6528.0,74.0,6527.0,187.0,,,6529,85,6530.0,187.0,,,6528.5,0.0
1,155700,JAMS,6527.0,197.0,,,,,6529,197,,,,,6528.0,0.0
1,155800,JAMS,6527.0,182.0,,,,,6529,182,,,,,6528.0,0.0
1,155900,JAMS,6527.0,78.0,6526.0,117.0,,,6528,78,6529.0,117.0,,,6527.5,0.0
1,156000,JAMS,6526.0,174.0,,,,,6528,174,,,,,6527.0,0.0
1,156100,JAMS,6526.0,264.0,,,,,6528,264,,,,,6527.0,0.0
1,156200,JAMS,6525.0,195.0,,,,,6527,195,,,,,6526.0,0.0
1,156300,JAMS,6526.0,84.0,6525.0,175.0,,,6527,84,6528.0,175.0,,,6526.5,0.0
1,156400,JAMS,6526.0,97.0,6525.0,127.0,,,6527,97,6528.0,127.0,,,6526.5,0.0
1,156500,JAMS,6525.0,243.0,,,,,6527,243,,,,,6526.0,0.0
1,156600,JAMS,6526.0,77.0,6525.0,110.0,,,6527,68,6528.0,110.0,,,6526.5,0.0
1,156700,JAMS,6526.0,83.0,6525.0,108.0,,,6527,83,6528.0,108.0,,,6526.5,0.0
1,156800,JAMS,6526.0,51.0,6525.0,102.0,,,6527,51,6528.0,102.0,,,6526.5,0.0
1,156900,JAMS,6526.0,265.0,,,,,6528,265,,,,,6527.0,0.0
1,157000,JAMS,6526.0,210.0,,,,,6528,210,,,,,6527.0,0.0
1,157100,JAMS,6526.0,256.0,,,,,6528,256,,,,,6527.0,0.0
1,157200,JAMS,6526.0,257.0,,,,,6528,257,,,,,6527.0,0.0
1,157300,JAMS,6526.0,283.0,,,,,6527,91,6528.0,192.0,,,6526.5,0.0
1,157400,JAMS,6526.0,63.0,6525.0,159.0,,,6527,63,6528.0,159.0,,,6526.5,0.0
1,157500,JAMS,6526.0,249.0,,,,,6528,249,,,,,6527.0,0.0
1,157600,JAMS,6526.0,99.0,6525.0,136.0,,,6527,99,6528.0,136.0,,,6526.5,0.0
1,157700,JAMS,6526.0,60.0,6525.0,165.0,,,6527,60,6528.0,165.0,,,6526.5,0.0
1,157800,JAMS,6526.0,100.0,6525.0,199.0,,,6527,100,6528.0,199.0,,,6526.5,0.0
1,157900,JAMS,6526.0,96.0,6525.0,179.0,,,6527,91,6528.0,179.0,,,6526.5,0.0
1,158000,JAMS,6526.0,61.0,6525.0,120.0,,,6527,61,6528.0,120.0,,,6526.5,0.0
1,158100,JAMS,6526.0,201.0,,,,,6528,201,,,,,6527.0,0.0
1,158200,JAMS,6526.0,251.0,,,,,6528,251,,,,,6527.0,0.0
1,158300,JAMS,6526.0,188.0,,,,,6528,188,,,,,6527.0,0.0
1,158400,JAMS,6526.0,172.0,,,,,6527,67,6528.0,105.0,,,6526.5,0.0
1,158500,JAMS,6526.0,58.0,6525.0,142.0,,,6527,58,6528.0,142.0,,,6526.5,0.0
1,158600,JAMS,6526.0,232.0,,,,,6528,232,,,,,6527.0,0.0
1,158700,JAMS,6526.0,252.0,,,,,6528,252,,,,,6527.0,0.0
1,158800,JAMS,6526.0,214.0,,,,,6528,214,,,,,6527.0,0.0
1,158900,JAMS,6526.0,87.0,6525.0,184.0,,,6527,87,6528.0,184.0,,,6526.5,0.0
1,159000,JAMS,6526.0,200.0,,,,,6528,200,,,,,6527.0,0.0
1,159100,JAMS,6526.0,239.0,,,,,6528,239,,,,,6527.0,0.0
1,159200,JAMS,6526.0,100.0,6525.0,196.0,,,6527,100,6528.0,196.0,,,6526.5,0.0
1,159300,JAMS,6525.0,286.0,,,,,6527,286,,,,,6526.0,0.0
1,159400,JAMS,6525.0,99.0,6524.0,195.0,,,6526,294,,,,,6525.5,0.0
1,159500,JAMS,6524.0,186.0,,,,,6526,186,,,,,6525.0,0.0
1,159600,JAMS,6524.0,289.0,,,,,6526,289,,,,,6525.0,0.0
1,159700,JAMS,6524.0,207.0,,,,,6526,207,,,,,6525.0,0.0
1,159800,JAMS,6524.0,105.0,6523.0,127.0,,,6525,99,6526.0,127.0,,,6524.5,0.0
1,159900,JAMS,6523.0,262.0,,,,,6525,262,,,,,6524.0,0.0
1,160000,JAMS,6523.0,213.0,,,,,6525,213,,,,,6524.0,0.0
1,160100,JAMS,6521.0,100.0,6520.0,187.0,,,6522,100,6523.0,187.0,,,6521.5,0.0
1,160200,JAMS,6521.0,252.0,,,,,6523,252,,,,,6522.0,0.0
1,160300,JAMS,6521.0,251.0,,,,,6523,251,,,,,6522.0,0.0
1,160400,JAMS,6522.0,181.0,,,,,6524,181,,,,,6523.0,0.0
1,160500,JAMS,6521.0,281.0,,,,,6523,281,,,,,6522.0,0.0
1,160600,JAMS,6522.0,50.0,6521.0,156.0,,,6523,50,6524.0,156.0,,,6522.5,0.0
1,160700,JAMS,6521.0,280.0,,,,,6523,280,,,,,6522.0,0.0
1,160800,JAMS,6522.0,66.0,6521.0,145.0,,,6523,211,,,,,6522.5,0.0
1,160900,JAMS,6521.0,280.0,,,,,6523,280,,,,,6522.0,0.0
1,161000,JAMS,6521.0,56.0,6520.0,168.0,,,6522,56,6523.0,168.0,,,6521.5,0.0
1,161100,JAMS,6520.0,254.0,,,,,6522,254,,,,,6521.0,0.0
1,161200,JAMS,6521.0,79.0,6520.0,194.0,,,6522,79,6523.0,194.0,,,6521.5,0.0
1,161300,JAMS,6521.0,50.0,6520.0,199.0,,,6522,249,,,,,6521.5,0.0
1,161400,JAMS,6520.0,184.0,,,,,6521,50,6522.0,134.0,,,6520.5,0.0
1,161500,JAMS,6520.0,79.0,6519.0,153.0,,,6521,79,6522.0,153.0,,,6520.5,0.0
1,161600,JAMS,6520.0,88.0,6519.0,145.0,,,6521,88,6522.0,145.0,,,6520.5,0.0
1,161700,JAMS,6520.0,57.0,6519.0,113.0,,,6521,60,6522.0,113.0,,,6520.5,0.0
1,161800,JAMS,6520.0,82.0,6519.0,112.0,,,6521,82,6522.0,112.0,,,6520.5,0.0
1,161900,JAMS,6520.0,59.0,6519.0,115.0,,,6521,55,6522.0,115.0,,,6520.5,0.0
1,162000,JAMS,6519.0,184.0,,,,,6521,184,,,,,6520.0,0.0
1,162100,JAMS,6519.0,199.0,,,,,6521,204,,,,,6520.0,0.0
1,162200,JAMS,6519.0,254.0,,,,,6521,254,,,,,6520.0,0.0
