day,timestamp,product,bid_price_1,bid_volume_1,bid_price_2,bid_volume_2,bid_price_3,bid_volume_3,ask_price_1,ask_volume_1,ask_price_2,ask_volume_2,ask_price_3,ask_volume_3,mid_price,profit_and_loss
1,0,PICNIC_BASKET2,30252.0,12.0,30251.0,27.0,,,30258,39,,,,,30255.0,0.0
1,100,PICNIC_BASKET2,30255.0,13.0,30254.0,20.0,,,30260,1,30261.0,32.0,,,30257.5,0.0
1,200,PICNIC_BASKET2,30256.0,1.0,30255.0,41.0,,,30261,16,30262.0,26.0,,,30258.5,0.0
1,300,PICNIC_BASKET2,30256.0,30.0,,,,,30262,14,30263.0,16.0,,,30259.0,0.0
1,400,PICNIC_BASKET2,30255.0,18.0,30254.0,15.0,,,30261,33,,,,,30258.0,0.0
1,500,PICNIC_BASKET2,30257.0,1.0,30256.0,36.0,,,30262,17,30263.0,20.0,,,30259.5,0.0
1,600,PICNIC_BASKET2,30256.0,37.0,,,,,30262,19,30263.0,18.0,,,30259.0,0.0
1,700,PICNIC_BASKET2,30251.0,1.0,30250.0,41.0,,,30256,12,30257.0,30.0,,,30253.5,0.0
1,800,PICNIC_BASKET2,30251.0,1.0,30250.0,41.0,,,30256,1,30257.0,41.0,,,30253.5,0.0
1,900,PICNIC_BASKET2,30249.0,1.0,30248.0,32.0,,,30254,1,30255.0,32.0,,,30251.5,0.0
1,1000,PICNIC_BASKET2,30256.0,1.0,30255.0,45.0,,,30261,20,30262.0,26.0,,,30258.5,0.0
1,1100,PICNIC_BASKET2,30252.0,15.0,30251.0,23.0,,,30257,1,30258.0,37.0,,,30254.5,0.0
1,1200,PICNIC_BASKET2,30252.0,1.0,30251.0,33.0,,,30257,1,30258.0,33.0,,,30254.5,0.0
1,1300,PICNIC_BASKET2,30245.0,41.0,,,,,30251,12,30252.0,29.0,,,30248.0,0.0
1,1400,PICNIC_BASKET2,30244.0,44.0,,,,,30250,15,30251.0,29.0,,,30247.0,0.0
1,1500,PICNIC_BASKET2,30244.0,49.0,,,,,30250,19,30251.0,30.0,,,30247.0,0.0
1,1600,PICNIC_BASKET2,30246.0,2.0,30245.0,32.0,,,30251,2,30252.0,32.0,,,30248.5,0.0
1,1700,PICNIC_BASKET2,30245.0,33.0,,,,,30251,11,30252.0,22.0,,,30248.0,0.0
1,1800,PICNIC_BASKET2,30244.0,10.0,30243.0,30.0,,,30250,40,,,,,30247.0,0.0
1,1900,PICNIC_BASKET2,30243.0,20.0,30242.0,29.0,,,30249,20,30250.0,29.0,,,30246.0,0.0
1,2000,PICNIC_BASKET2,30244.0,2.0,30243.0,45.0,,,30249,22,30250.0,25.0,,,30246.5,0.0
1,2100,PICNIC_BASKET2,30244.0,2.0,30243.0,38.0,,,30249,19,30250.0,21.0,,,30246.5,0.0
1,2200,PICNIC_BASKET2,30243.0,41.0,,,,,30249,15,30250.0,26.0,,,30246.0,0.0
1,2300,PICNIC_BASKET2,30237.0,43.0,,,,,30243,22,30244.0,24.0,,,30240.0,0.0
1,2400,PICNIC_BASKET2,30236.0,2.0,30235.0,27.0,,,30241,12,30242.0,17.0,,,30238.5,0.0
1,2500,PICNIC_BASKET2,30237.0,18.0,30236.0,21.0,,,30242,2,30243.0,37.0,,,30239.5,0.0
1,2600,PICNIC_BASKET2,30238.0,17.0,30237.0,16.0,,,30243,1,30244.0,32.0,,,30240.5,0.0
1,2700,PICNIC_BASKET2,30238.0,2.0,30237.0,33.0,,,30243,2,30244.0,33.0,,,30240.5,0.0
1,2800,PICNIC_BASKET2,30241.0,17.0,30240.0,23.0,,,30247,40,,,,,30244.0,0.0
1,2900,PICNIC_BASKET2,30243.0,16.0,30242.0,25.0,,,30248,2,30249.0,39.0,,,30245.5,0.0
1,3000,PICNIC_BASKET2,30247.0,14.0,30246.0,16.0,,,30252,1,30253.0,29.0,,,30249.5,0.0
1,3100,PICNIC_BASKET2,30250.0,5.0,30248.0,1.0,30247.0,36.0,30253,1,30254.0,36.0,,,30251.5,0.0
1,3200,PICNIC_BASKET2,30252.0,5.0,30249.0,48.0,,,30255,19,30256.0,29.0,,,30253.5,0.0
1,3300,PICNIC_BASKET2,30248.0,1.0,30247.0,26.0,,,30253,11,30254.0,16.0,,,30250.5,0.0
1,3400,PICNIC_BASKET2,30246.0,12.0,30245.0,19.0,,,30251,2,30252.0,29.0,,,30248.5,0.0
1,3500,PICNIC_BASKET2,30247.0,46.0,,,,,30253,18,30254.0,28.0,,,30250.0,0.0
1,3600,PICNIC_BASKET2,30244.0,40.0,,,,,30250,11,30251.0,29.0,,,30247.0,0.0
1,3700,PICNIC_BASKET2,30243.0,43.0,,,,,30249,17,30250.0,26.0,,,30246.0,0.0
1,3800,PICNIC_BASKET2,30248.0,5.0,30245.0,44.0,,,30251,17,30252.0,27.0,,,30249.5,0.0
1,3900,PICNIC_BASKET2,30241.0,12.0,30240.0,27.0,,,30246,2,30247.0,37.0,,,30243.5,0.0
1,4000,PICNIC_BASKET2,30245.0,1.0,30244.0,32.0,,,30250,1,30251.0,32.0,,,30247.5,0.0
1,4100,PICNIC_BASKET2,30243.0,22.0,30242.0,26.0,,,30249,48,,,,,30246.0,0.0
1,4200,PICNIC_BASKET2,30243.0,1.0,30242.0,39.0,,,30248,14,30249.0,26.0,,,30245.5,0.0
1,4300,PICNIC_BASKET2,30245.0,18.0,30244.0,16.0,,,30251,34,,,,,30248.0,0.0
1,4400,PICNIC_BASKET2,30246.0,20.0,30245.0,16.0,,,30252,36,,,,,30249.0,0.0
1,4500,PICNIC_BASKET2,30245.0,49.0,,,,,30252,49,,,,,30248.5,0.0
1,4600,PICNIC_BASKET2,30245.0,12.0,30244.0,23.0,,,30251,12,30252.0,23.0,,,30248.0,0.0
1,4700,PICNIC_BASKET2,30240.0,36.0,,,,,30246,18,30247.0,18.0,,,30243.0,0.0
1,4800,PICNIC_BASKET2,30240.0,1.0,30239.0,40.0,,,30245,1,30246.0,40.0,,,30242.5,0.0
1,4900,PICNIC_BASKET2,30239.0,12.0,30238.0,27.0,,,30244,2,30245.0,37.0,,,30241.5,0.0
1,5000,PICNIC_BASKET2,30240.0,1.0,30238.0,18.0,30237.0,15.0,30243,1,30244.0,32.0,,,30241.5,0.0
1,5100,PICNIC_BASKET2,30235.0,17.0,30234.0,29.0,,,30241,46,,,,,30238.0,0.0
1,5200,PICNIC_BASKET2,30234.0,2.0,30233.0,41.0,,,30239,18,30240.0,25.0,,,30236.5,0.0
1,5300,PICNIC_BASKET2,30235.0,12.0,30234.0,28.0,,,30241,40,,,,,30238.0,0.0
1,5400,PICNIC_BASKET2,30236.0,37.0,,,,,30242,12,30243.0,25.0,,,30239.0,0.0
1,5500,PICNIC_BASKET2,30234.0,19.0,30233.0,21.0,,,30236,8,30239.0,1.0,30240.0,39.0,30235.0,0.0
1,5600,PICNIC_BASKET2,30233.0,2.0,30232.0,26.0,,,30238,2,30239.0,26.0,,,30235.5,0.0
1,5700,PICNIC_BASKET2,30232.0,1.0,30231.0,48.0,,,30237,20,30238.0,29.0,,,30234.5,0.0
1,5800,PICNIC_BASKET2,30234.0,2.0,30233.0,46.0,,,30236,3,30239.0,2.0,30240.0,46.0,30235.0,0.0
1,5900,PICNIC_BASKET2,30230.0,19.0,30229.0,17.0,,,30235,2,30236.0,34.0,,,30232.5,0.0
1,6000,PICNIC_BASKET2,30231.0,7.0,30229.0,18.0,30228.0,23.0,30235,41,,,,,30233.0,0.0
1,6100,PICNIC_BASKET2,30231.0,20.0,30230.0,19.0,,,30237,39,,,,,30234.0,0.0
1,6200,PICNIC_BASKET2,30231.0,1.0,30230.0,34.0,,,30236,12,30237.0,23.0,,,30233.5,0.0
1,6300,PICNIC_BASKET2,30233.0,15.0,30232.0,22.0,,,30239,37,,,,,30236.0,0.0
1,6400,PICNIC_BASKET2,30235.0,18.0,30234.0,24.0,,,30240,1,30241.0,41.0,,,30237.5,0.0
1,6500,PICNIC_BASKET2,30232.0,27.0,,,,,30238,12,30239.0,15.0,,,30235.0,0.0
1,6600,PICNIC_BASKET2,30230.0,40.0,,,,,30236,17,30237.0,23.0,,,30233.0,0.0
1,6700,PICNIC_BASKET2,30228.0,12.0,30227.0,17.0,,,30233,1,30234.0,28.0,,,30230.5,0.0
1,6800,PICNIC_BASKET2,30232.0,15.0,30231.0,26.0,,,30238,15,30239.0,26.0,,,30235.0,0.0
1,6900,PICNIC_BASKET2,30236.0,2.0,30235.0,39.0,,,30241,21,30242.0,20.0,,,30238.5,0.0
1,7000,PICNIC_BASKET2,30234.0,1.0,30233.0,38.0,,,30239,1,30240.0,38.0,,,30236.5,0.0
1,7100,PICNIC_BASKET2,30231.0,15.0,30230.0,26.0,,,30237,41,,,,,30234.0,0.0
1,7200,PICNIC_BASKET2,30231.0,13.0,30230.0,15.0,,,30237,28,,,,,30234.0,0.0
1,7300,PICNIC_BASKET2,30230.0,21.0,30229.0,22.0,,,30235,1,30236.0,42.0,,,30232.5,0.0
1,7400,PICNIC_BASKET2,30232.0,30.0,,,,,30239,30,,,,,30235.5,0.0
1,7500,PICNIC_BASKET2,30227.0,41.0,,,,,30233,19,30234.0,22.0,,,30230.0,0.0
1,7600,PICNIC_BASKET2,30224.0,13.0,30223.0,25.0,,,30230,38,,,,,30227.0,0.0
1,7700,PICNIC_BASKET2,30227.0,14.0,30226.0,20.0,,,30232,1,30233.0,33.0,,,30229.5,0.0
1,7800,PICNIC_BASKET2,30225.0,11.0,30224.0,20.0,,,30231,31,,,,,30228.0,0.0
1,7900,PICNIC_BASKET2,30227.0,6.0,30225.0,2.0,30224.0,39.0,30230,13,30231.0,28.0,,,30228.5,0.0
1,8000,PICNIC_BASKET2,30222.0,2.0,30221.0,30.0,,,30227,2,30228.0,30.0,,,30224.5,0.0
1,8100,PICNIC_BASKET2,30220.0,17.0,30219.0,23.0,,,30226,40,,,,,30223.0,0.0
1,8200,PICNIC_BASKET2,30220.0,17.0,30219.0,15.0,,,30226,32,,,,,30223.0,0.0
1,8300,PICNIC_BASKET2,30219.0,46.0,,,,,30225,19,30226.0,27.0,,,30222.0,0.0
1,8400,PICNIC_BASKET2,30219.0,49.0,,,,,30226,49,,,,,30222.5,0.0
1,8500,PICNIC_BASKET2,30221.0,43.0,,,,,30227,16,30228.0,27.0,,,30224.0,0.0
1,8600,PICNIC_BASKET2,30226.0,2.0,30225.0,38.0,,,30231,20,30232.0,20.0,,,30228.5,0.0
1,8700,PICNIC_BASKET2,30227.0,7.0,30224.0,46.0,,,30230,20,30231.0,26.0,,,30228.5,0.0
1,8800,PICNIC_BASKET2,30222.0,12.0,30221.0,24.0,,,30227,1,30228.0,35.0,,,30224.5,0.0
1,8900,PICNIC_BASKET2,30219.0,26.0,,,,,30225,11,30226.0,15.0,,,30222.0,0.0
1,9000,PICNIC_BASKET2,30220.0,12.0,30219.0,20.0,,,30226,12,30227.0,20.0,,,30223.0,0.0
1,9100,PICNIC_BASKET2,30223.0,26.0,,,,,30229,10,30230.0,16.0,,,30226.0,0.0
1,9200,PICNIC_BASKET2,30227.0,12.0,30226.0,20.0,,,30232,2,30233.0,30.0,,,30229.5,0.0
1,9300,PICNIC_BASKET2,30223.0,1.0,30222.0,40.0,,,30228,17,30229.0,24.0,,,30225.5,0.0
1,9400,PICNIC_BASKET2,30225.0,12.0,30224.0,19.0,,,30230,2,30231.0,29.0,,,30227.5,0.0
1,9500,PICNIC_BASKET2,30224.0,2.0,30223.0,32.0,,,30229,12,30230.0,22.0,,,30226.5,0.0
1,9600,PICNIC_BASKET2,30225.0,1.0,30224.0,32.0,,,30230,11,30231.0,22.0,,,30227.5,0.0
1,9700,PICNIC_BASKET2,30222.0,13.0,30221.0,27.0,,,30227,1,30228.0,39.0,,,30224.5,0.0
1,9800,PICNIC_BASKET2,30222.0,18.0,30221.0,29.0,,,30227,2,30228.0,45.0,,,30224.5,0.0
1,9900,PICNIC_BASKET2,30225.0,13.0,30224.0,26.0,,,30231,39,,,,,30228.0,0.0
1,10000,PICNIC_BASKET2,30224.0,33.0,,,,,30230,18,30231.0,15.0,,,30227.0,0.0
1,10100,PICNIC_BASKET2,30225.0,38.0,,,,,30228,6,30231.0,11.0,30232.0,27.0,30226.5,0.0
1,10200,PICNIC_BASKET2,30227.0,43.0,,,,,30233,17,30234.0,26.0,,,30230.0,0.0
1,10300,PICNIC_BASKET2,30227.0,14.0,30226.0,22.0,,,30232,1,30233.0,35.0,,,30229.5,0.0
1,10400,PICNIC_BASKET2,30230.0,36.0,,,,,30236,11,30237.0,25.0,,,30233.0,0.0
1,10500,PICNIC_BASKET2,30232.0,17.0,30231.0,16.0,,,30234,5,30238.0,33.0,,,30233.0,0.0
1,10600,PICNIC_BASKET2,30229.0,33.0,,,,,30236,33,,,,,30232.5,0.0
1,10700,PICNIC_BASKET2,30228.0,16.0,30227.0,16.0,,,30234,32,,,,,30231.0,0.0
1,10800,PICNIC_BASKET2,30227.0,18.0,30226.0,20.0,,,30233,38,,,,,30230.0,0.0
1,10900,PICNIC_BASKET2,30232.0,1.0,30231.0,40.0,,,30237,1,30238.0,40.0,,,30234.5,0.0
1,11000,PICNIC_BASKET2,30229.0,12.0,30228.0,25.0,,,30234,1,30235.0,36.0,,,30231.5,0.0
1,11100,PICNIC_BASKET2,30228.0,1.0,30227.0,38.0,,,30233,1,30234.0,38.0,,,30230.5,0.0
1,11200,PICNIC_BASKET2,30228.0,2.0,30227.0,29.0,,,30233,14,30234.0,17.0,,,30230.5,0.0
1,11300,PICNIC_BASKET2,30231.0,2.0,30230.0,30.0,,,30236,2,30237.0,30.0,,,30233.5,0.0
1,11400,PICNIC_BASKET2,30233.0,42.0,,,,,30239,20,30240.0,22.0,,,30236.0,0.0
1,11500,PICNIC_BASKET2,30234.0,19.0,30233.0,16.0,,,30239,1,30240.0,34.0,,,30236.5,0.0
1,11600,PICNIC_BASKET2,30236.0,50.0,,,,,30242,22,30243.0,28.0,,,30239.0,0.0
1,11700,PICNIC_BASKET2,30241.0,2.0,30240.0,41.0,,,30246,15,30247.0,28.0,,,30243.5,0.0
1,11800,PICNIC_BASKET2,30241.0,19.0,30240.0,19.0,,,30246,1,30247.0,37.0,,,30243.5,0.0
1,11900,PICNIC_BASKET2,30238.0,15.0,30237.0,30.0,,,30244,45,,,,,30241.0,0.0
1,12000,PICNIC_BASKET2,30239.0,1.0,30238.0,30.0,,,30244,15,30245.0,16.0,,,30241.5,0.0
1,12100,PICNIC_BASKET2,30235.0,2.0,30234.0,29.0,,,30240,12,30241.0,19.0,,,30237.5,0.0
1,12200,PICNIC_BASKET2,30238.0,2.0,30237.0,47.0,,,30243,22,30244.0,27.0,,,30240.5,0.0
1,12300,PICNIC_BASKET2,30236.0,1.0,30235.0,38.0,,,30241,15,30242.0,24.0,,,30238.5,0.0
1,12400,PICNIC_BASKET2,30234.0,11.0,30233.0,22.0,,,30240,33,,,,,30237.0,0.0
1,12500,PICNIC_BASKET2,30231.0,1.0,30230.0,26.0,,,30236,1,30237.0,26.0,,,30233.5,0.0
1,12600,PICNIC_BASKET2,30224.0,16.0,30223.0,29.0,,,30230,16,30231.0,29.0,,,30227.0,0.0
1,12700,PICNIC_BASKET2,30226.0,19.0,30225.0,23.0,,,30231,1,30232.0,41.0,,,30228.5,0.0
1,12800,PICNIC_BASKET2,30231.0,43.0,,,,,30237,13,30238.0,30.0,,,30234.0,0.0
1,12900,PICNIC_BASKET2,30232.0,15.0,30231.0,27.0,,,30237,2,30238.0,40.0,,,30234.5,0.0
1,13000,PICNIC_BASKET2,30231.0,14.0,30230.0,15.0,,,30236,2,30237.0,27.0,,,30233.5,0.0
1,13100,PICNIC_BASKET2,30231.0,11.0,30230.0,29.0,,,30237,40,,,,,30234.0,0.0
1,13200,PICNIC_BASKET2,30228.0,2.0,30227.0,32.0,,,30233,2,30234.0,32.0,,,30230.5,0.0
1,13300,PICNIC_BASKET2,30227.0,14.0,30226.0,23.0,,,30232,1,30233.0,36.0,,,30229.5,0.0
1,13400,PICNIC_BASKET2,30230.0,17.0,30229.0,18.0,,,30232,1,30236.0,35.0,,,30231.0,0.0
1,13500,PICNIC_BASKET2,30226.0,1.0,30225.0,30.0,,,30231,1,30232.0,30.0,,,30228.5,0.0
1,13600,PICNIC_BASKET2,30226.0,2.0,30225.0,42.0,,,30231,20,30232.0,24.0,,,30228.5,0.0
1,13700,PICNIC_BASKET2,30225.0,34.0,,,,,30228,5,30231.0,18.0,30232.0,16.0,30226.5,0.0
1,13800,PICNIC_BASKET2,30226.0,33.0,,,,,30232,12,30233.0,23.0,,,30229.0,0.0
1,13900,PICNIC_BASKET2,30225.0,21.0,30224.0,23.0,,,30230,1,30231.0,43.0,,,30227.5,0.0
1,14000,PICNIC_BASKET2,30227.0,1.0,30226.0,39.0,,,30232,17,30233.0,23.0,,,30229.5,0.0
1,14100,PICNIC_BASKET2,30229.0,2.0,30228.0,39.0,,,30234,19,30235.0,22.0,,,30231.5,0.0
1,14200,PICNIC_BASKET2,30227.0,36.0,,,,,30233,19,30234.0,17.0,,,30230.0,0.0
1,14300,PICNIC_BASKET2,30231.0,1.0,30230.0,32.0,,,30236,16,30237.0,17.0,,,30233.5,0.0
1,14400,PICNIC_BASKET2,30227.0,16.0,30226.0,29.0,,,30232,2,30233.0,43.0,,,30229.5,0.0
1,14500,PICNIC_BASKET2,30227.0,12.0,30226.0,25.0,,,30232,1,30233.0,36.0,,,30229.5,0.0
1,14600,PICNIC_BASKET2,30225.0,20.0,30224.0,28.0,,,30227,1,30231.0,48.0,,,30226.0,0.0
1,14700,PICNIC_BASKET2,30225.0,11.0,30224.0,19.0,,,30230,1,30231.0,29.0,,,30227.5,0.0
1,14800,PICNIC_BASKET2,30228.0,13.0,30227.0,15.0,,,30233,1,30234.0,27.0,,,30230.5,0.0
1,14900,PICNIC_BASKET2,30227.0,13.0,30226.0,22.0,,,30232,1,30233.0,34.0,,,30229.5,0.0
1,15000,PICNIC_BASKET2,30226.0,48.0,,,,,30232,19,30233.0,29.0,,,30229.0,0.0
1,15100,PICNIC_BASKET2,30229.0,1.0,30228.0,46.0,,,30234,21,30235.0,26.0,,,30231.5,0.0
1,15200,PICNIC_BASKET2,30230.0,2.0,30229.0,26.0,,,30235,12,30236.0,16.0,,,30232.5,0.0
1,15300,PICNIC_BASKET2,30228.0,2.0,30227.0,31.0,,,30233,16,30234.0,17.0,,,30230.5,0.0
1,15400,PICNIC_BASKET2,30226.0,40.0,,,,,30233,40,,,,,30229.5,0.0
1,15500,PICNIC_BASKET2,30224.0,34.0,,,,,30230,18,30231.0,16.0,,,30227.0,0.0
1,15600,PICNIC_BASKET2,30228.0,1.0,30227.0,38.0,,,30233,18,30234.0,21.0,,,30230.5,0.0
1,15700,PICNIC_BASKET2,30229.0,2.0,30228.0,38.0,,,30234,2,30235.0,38.0,,,30231.5,0.0
1,15800,PICNIC_BASKET2,30226.0,40.0,,,,,30232,12,30233.0,28.0,,,30229.0,0.0
1,15900,PICNIC_BASKET2,30227.0,14.0,30226.0,18.0,,,30232,1,30233.0,31.0,,,30229.5,0.0
1,16000,PICNIC_BASKET2,30229.0,2.0,30228.0,37.0,,,30234,14,30235.0,25.0,,,30231.5,0.0
1,16100,PICNIC_BASKET2,30227.0,5.0,30225.0,1.0,30224.0,35.0,30230,13,30231.0,23.0,,,30228.5,0.0
1,16200,PICNIC_BASKET2,30222.0,17.0,30221.0,19.0,,,30228,36,,,,,30225.0,0.0
1,16300,PICNIC_BASKET2,30223.0,38.0,,,,,30229,20,30230.0,18.0,,,30226.0,0.0
1,16400,PICNIC_BASKET2,30225.0,2.0,30224.0,47.0,,,30227,7,30230.0,19.0,30231.0,30.0,30226.0,0.0
1,16500,PICNIC_BASKET2,30223.0,16.0,30222.0,17.0,,,30229,16,30230.0,17.0,,,30226.0,0.0
1,16600,PICNIC_BASKET2,30225.0,20.0,30224.0,25.0,,,30231,45,,,,,30228.0,0.0
1,16700,PICNIC_BASKET2,30225.0,18.0,30224.0,15.0,,,30231,33,,,,,30228.0,0.0
1,16800,PICNIC_BASKET2,30226.0,12.0,30225.0,20.0,,,30231,2,30232.0,30.0,,,30228.5,0.0
1,16900,PICNIC_BASKET2,30224.0,20.0,30223.0,30.0,,,30230,50,,,,,30227.0,0.0
1,17000,PICNIC_BASKET2,30226.0,38.0,,,,,30232,12,30233.0,26.0,,,30229.0,0.0
1,17100,PICNIC_BASKET2,30228.0,1.0,30227.0,29.0,,,30233,11,30234.0,19.0,,,30230.5,0.0
1,17200,PICNIC_BASKET2,30227.0,1.0,30226.0,40.0,,,30232,1,30233.0,40.0,,,30229.5,0.0
1,17300,PICNIC_BASKET2,30226.0,29.0,,,,,30232,11,30233.0,18.0,,,30229.0,0.0
1,17400,PICNIC_BASKET2,30227.0,15.0,30226.0,19.0,,,30233,34,,,,,30230.0,0.0
1,17500,PICNIC_BASKET2,30228.0,18.0,30227.0,27.0,,,30234,45,,,,,30231.0,0.0
1,17600,PICNIC_BASKET2,30229.0,11.0,30228.0,16.0,,,30234,1,30235.0,26.0,,,30231.5,0.0
1,17700,PICNIC_BASKET2,30230.0,11.0,30229.0,29.0,,,30236,40,,,,,30233.0,0.0
1,17800,PICNIC_BASKET2,30230.0,13.0,30229.0,25.0,,,30235,2,30236.0,36.0,,,30232.5,0.0
1,17900,PICNIC_BASKET2,30232.0,17.0,30231.0,29.0,,,30238,46,,,,,30235.0,0.0
1,18000,PICNIC_BASKET2,30232.0,20.0,30231.0,28.0,,,30238,48,,,,,30235.0,0.0
1,18100,PICNIC_BASKET2,30235.0,19.0,30234.0,17.0,,,30240,2,30241.0,34.0,,,30237.5,0.0
1,18200,PICNIC_BASKET2,30233.0,22.0,30232.0,27.0,,,30238,2,30239.0,47.0,,,30235.5,0.0
1,18300,PICNIC_BASKET2,30230.0,14.0,30229.0,21.0,,,30236,35,,,,,30233.0,0.0
1,18400,PICNIC_BASKET2,30229.0,17.0,30228.0,16.0,,,30234,1,30235.0,32.0,,,30231.5,0.0
1,18500,PICNIC_BASKET2,30229.0,12.0,30228.0,17.0,,,30234,2,30235.0,27.0,,,30231.5,0.0
1,18600,PICNIC_BASKET2,30228.0,1.0,30227.0,41.0,,,30233,1,30234.0,41.0,,,30230.5,0.0
1,18700,PICNIC_BASKET2,30224.0,20.0,30223.0,17.0,,,30230,37,,,,,30227.0,0.0
1,18800,PICNIC_BASKET2,30222.0,19.0,30221.0,26.0,,,30228,45,,,,,30225.0,0.0
1,18900,PICNIC_BASKET2,30223.0,15.0,30222.0,26.0,,,30229,41,,,,,30226.0,0.0
1,19000,PICNIC_BASKET2,30221.0,1.0,30220.0,45.0,,,30226,1,30227.0,45.0,,,30223.5,0.0
1,19100,PICNIC_BASKET2,30222.0,22.0,30221.0,30.0,,,30227,2,30228.0,50.0,,,30224.5,0.0
1,19200,PICNIC_BASKET2,30221.0,49.0,,,,,30227,19,30228.0,30.0,,,30224.0,0.0
1,19300,PICNIC_BASKET2,30223.0,2.0,30222.0,32.0,,,30228,12,30229.0,22.0,,,30225.5,0.0
1,19400,PICNIC_BASKET2,30222.0,2.0,30221.0,38.0,,,30227,22,30228.0,18.0,,,30224.5,0.0
1,19500,PICNIC_BASKET2,30219.0,33.0,,,,,30226,33,,,,,30222.5,0.0
1,19600,PICNIC_BASKET2,30220.0,17.0,30219.0,24.0,,,30226,41,,,,,30223.0,0.0
1,19700,PICNIC_BASKET2,30226.0,7.0,30223.0,27.0,,,30229,12,30230.0,15.0,,,30227.5,0.0
1,19800,PICNIC_BASKET2,30222.0,16.0,30221.0,25.0,,,30227,2,30228.0,39.0,,,30224.5,0.0
1,19900,PICNIC_BASKET2,30223.0,15.0,30222.0,29.0,,,30225,7,30228.0,1.0,30229.0,43.0,30224.0,0.0
1,20000,PICNIC_BASKET2,30226.0,30.0,,,,,30232,11,30233.0,19.0,,,30229.0,0.0
1,20100,PICNIC_BASKET2,30228.0,13.0,30227.0,18.0,,,30233,1,30234.0,30.0,,,30230.5,0.0
1,20200,PICNIC_BASKET2,30231.0,8.0,30228.0,34.0,,,30235,34,,,,,30233.0,0.0
1,20300,PICNIC_BASKET2,30226.0,17.0,30225.0,27.0,,,30232,44,,,,,30229.0,0.0
1,20400,PICNIC_BASKET2,30222.0,19.0,30221.0,27.0,,,30228,46,,,,,30225.0,0.0
1,20500,PICNIC_BASKET2,30221.0,1.0,30220.0,39.0,,,30226,1,30227.0,39.0,,,30223.5,0.0
1,20600,PICNIC_BASKET2,30227.0,1.0,30226.0,38.0,,,30232,1,30233.0,38.0,,,30229.5,0.0
1,20700,PICNIC_BASKET2,30231.0,38.0,,,,,30237,11,30238.0,27.0,,,30234.0,0.0
1,20800,PICNIC_BASKET2,30235.0,21.0,30234.0,17.0,,,30241,38,,,,,30238.0,0.0
1,20900,PICNIC_BASKET2,30238.0,2.0,30237.0,43.0,,,30243,19,30244.0,26.0,,,30240.5,0.0
1,21000,PICNIC_BASKET2,30239.0,1.0,30238.0,37.0,,,30244,1,30245.0,37.0,,,30241.5,0.0
1,21100,PICNIC_BASKET2,30236.0,32.0,,,,,30239,6,30242.0,11.0,30243.0,21.0,30237.5,0.0
1,21200,PICNIC_BASKET2,30235.0,41.0,,,,,30241,12,30242.0,29.0,,,30238.0,0.0
1,21300,PICNIC_BASKET2,30235.0,14.0,30234.0,21.0,,,30241,39,,,,,30238.0,0.0
1,21400,PICNIC_BASKET2,30232.0,1.0,30231.0,36.0,,,30237,1,30238.0,36.0,,,30234.5,0.0
1,21500,PICNIC_BASKET2,30233.0,21.0,30232.0,24.0,,,30239,45,,,,,30236.0,0.0
1,21600,PICNIC_BASKET2,30235.0,3.0,30233.0,2.0,30232.0,41.0,30238,18,30239.0,25.0,,,30236.5,0.0
1,21700,PICNIC_BASKET2,30231.0,2.0,30230.0,43.0,,,30236,18,30237.0,27.0,,,30233.5,0.0
1,21800,PICNIC_BASKET2,30232.0,38.0,,,,,30238,18,30239.0,20.0,,,30235.0,0.0
1,21900,PICNIC_BASKET2,30232.0,14.0,30231.0,18.0,,,30238,32,,,,,30235.0,0.0
1,22000,PICNIC_BASKET2,30238.0,8.0,30236.0,19.0,30235.0,28.0,30242,47,,,,,30240.0,0.0
1,22100,PICNIC_BASKET2,30237.0,19.0,30236.0,28.0,,,30243,47,,,,,30240.0,0.0
1,22200,PICNIC_BASKET2,30233.0,19.0,30232.0,29.0,,,30239,48,,,,,30236.0,0.0
1,22300,PICNIC_BASKET2,30238.0,3.0,30236.0,22.0,30235.0,20.0,30242,22,30243.0,20.0,,,30240.0,0.0
1,22400,PICNIC_BASKET2,30240.0,3.0,30237.0,42.0,,,30243,21,30244.0,21.0,,,30241.5,0.0
1,22500,PICNIC_BASKET2,30237.0,30.0,,,,,30243,12,30244.0,18.0,,,30240.0,0.0
1,22600,PICNIC_BASKET2,30235.0,13.0,30234.0,20.0,,,30240,1,30241.0,32.0,,,30237.5,0.0
1,22700,PICNIC_BASKET2,30234.0,11.0,30233.0,21.0,,,30239,1,30240.0,31.0,,,30236.5,0.0
1,22800,PICNIC_BASKET2,30230.0,18.0,30229.0,26.0,,,30235,1,30236.0,43.0,,,30232.5,0.0
1,22900,PICNIC_BASKET2,30230.0,1.0,30229.0,37.0,,,30235,1,30236.0,37.0,,,30232.5,0.0
1,23000,PICNIC_BASKET2,30226.0,42.0,,,,,30232,18,30233.0,24.0,,,30229.0,0.0
1,23100,PICNIC_BASKET2,30226.0,2.0,30225.0,38.0,,,30228,1,30231.0,2.0,30232.0,38.0,30227.0,0.0
1,23200,PICNIC_BASKET2,30227.0,34.0,,,,,30233,19,30234.0,15.0,,,30230.0,0.0
1,23300,PICNIC_BASKET2,30227.0,2.0,30226.0,39.0,,,30232,2,30233.0,39.0,,,30229.5,0.0
1,23400,PICNIC_BASKET2,30227.0,38.0,,,,,30233,15,30234.0,23.0,,,30230.0,0.0
1,23500,PICNIC_BASKET2,30230.0,17.0,30229.0,23.0,,,30235,1,30236.0,39.0,,,30232.5,0.0
1,23600,PICNIC_BASKET2,30234.0,2.0,30233.0,40.0,,,30239,15,30240.0,27.0,,,30236.5,0.0
1,23700,PICNIC_BASKET2,30233.0,1.0,30232.0,33.0,,,30238,1,30239.0,33.0,,,30235.5,0.0
1,23800,PICNIC_BASKET2,30235.0,33.0,,,,,30242,33,,,,,30238.5,0.0
1,23900,PICNIC_BASKET2,30234.0,37.0,,,,,30240,12,30241.0,25.0,,,30237.0,0.0
1,24000,PICNIC_BASKET2,30235.0,42.0,,,,,30241,18,30242.0,24.0,,,30238.0,0.0
1,24100,PICNIC_BASKET2,30242.0,5.0,30237.0,19.0,30236.0,23.0,30243,19,30244.0,23.0,,,30242.5,0.0
1,24200,PICNIC_BASKET2,30237.0,1.0,30236.0,38.0,,,30242,1,30243.0,38.0,,,30239.5,0.0
1,24300,PICNIC_BASKET2,30239.0,37.0,,,,,30245,17,30246.0,20.0,,,30242.0,0.0
1,24400,PICNIC_BASKET2,30241.0,14.0,30240.0,26.0,,,30247,14,30248.0,26.0,,,30244.0,0.0
1,24500,PICNIC_BASKET2,30242.0,20.0,30241.0,26.0,,,30248,46,,,,,30245.0,0.0
1,24600,PICNIC_BASKET2,30240.0,37.0,,,,,30246,17,30247.0,20.0,,,30243.0,0.0
1,24700,PICNIC_BASKET2,30241.0,15.0,30240.0,26.0,,,30243,8,30246.0,2.0,30247.0,39.0,30242.0,0.0
1,24800,PICNIC_BASKET2,30241.0,30.0,,,,,30247,12,30248.0,18.0,,,30244.0,0.0
1,24900,PICNIC_BASKET2,30240.0,37.0,,,,,30246,14,30247.0,23.0,,,30243.0,0.0
1,25000,PICNIC_BASKET2,30238.0,1.0,30237.0,31.0,,,30243,1,30244.0,31.0,,,30240.5,0.0
1,25100,PICNIC_BASKET2,30237.0,1.0,30236.0,43.0,,,30242,16,30243.0,28.0,,,30239.5,0.0
1,25200,PICNIC_BASKET2,30240.0,20.0,30239.0,20.0,,,30245,2,30246.0,38.0,,,30242.5,0.0
1,25300,PICNIC_BASKET2,30239.0,12.0,30238.0,16.0,,,30241,1,30244.0,1.0,30245.0,27.0,30240.0,0.0
1,25400,PICNIC_BASKET2,30241.0,2.0,30240.0,40.0,,,30246,12,30247.0,30.0,,,30243.5,0.0
1,25500,PICNIC_BASKET2,30239.0,1.0,30238.0,47.0,,,30244,20,30245.0,28.0,,,30241.5,0.0
1,25600,PICNIC_BASKET2,30235.0,33.0,,,,,30241,11,30242.0,22.0,,,30238.0,0.0
1,25700,PICNIC_BASKET2,30236.0,1.0,30235.0,30.0,,,30241,1,30242.0,30.0,,,30238.5,0.0
1,25800,PICNIC_BASKET2,30238.0,2.0,30237.0,37.0,,,30243,22,30244.0,17.0,,,30240.5,0.0
1,25900,PICNIC_BASKET2,30238.0,32.0,,,,,30244,13,30245.0,19.0,,,30241.0,0.0
1,26000,PICNIC_BASKET2,30236.0,37.0,,,,,30243,37,,,,,30239.5,0.0
1,26100,PICNIC_BASKET2,30236.0,1.0,30235.0,40.0,,,30241,14,30242.0,27.0,,,30238.5,0.0
1,26200,PICNIC_BASKET2,30236.0,15.0,30235.0,30.0,,,30242,15,30243.0,30.0,,,30239.0,0.0
1,26300,PICNIC_BASKET2,30234.0,17.0,30233.0,20.0,,,30240,17,30241.0,20.0,,,30237.0,0.0
1,26400,PICNIC_BASKET2,30237.0,5.0,30235.0,19.0,30234.0,15.0,30241,34,,,,,30239.0,0.0
1,26500,PICNIC_BASKET2,30236.0,45.0,,,,,30242,17,30243.0,28.0,,,30239.0,0.0
1,26600,PICNIC_BASKET2,30238.0,17.0,30237.0,17.0,,,30243,2,30244.0,32.0,,,30240.5,0.0
1,26700,PICNIC_BASKET2,30235.0,30.0,,,,,30241,14,30242.0,16.0,,,30238.0,0.0
1,26800,PICNIC_BASKET2,30236.0,15.0,30235.0,20.0,,,30242,15,30243.0,20.0,,,30239.0,0.0
1,26900,PICNIC_BASKET2,30236.0,15.0,30235.0,16.0,,,30242,31,,,,,30239.0,0.0
1,27000,PICNIC_BASKET2,30239.0,1.0,30238.0,30.0,,,30244,1,30245.0,30.0,,,30241.5,0.0
1,27100,PICNIC_BASKET2,30240.0,18.0,30239.0,28.0,,,30245,2,30246.0,44.0,,,30242.5,0.0
1,27200,PICNIC_BASKET2,30240.0,2.0,30239.0,44.0,,,30245,17,30246.0,29.0,,,30242.5,0.0
1,27300,PICNIC_BASKET2,30243.0,41.0,,,,,30249,13,30250.0,28.0,,,30246.0,0.0
1,27400,PICNIC_BASKET2,30246.0,18.0,30245.0,23.0,,,30251,1,30252.0,40.0,,,30248.5,0.0
1,27500,PICNIC_BASKET2,30249.0,15.0,30248.0,18.0,,,30255,33,,,,,30252.0,0.0
1,27600,PICNIC_BASKET2,30246.0,20.0,30245.0,26.0,,,30251,2,30252.0,44.0,,,30248.5,0.0
1,27700,PICNIC_BASKET2,30239.0,20.0,30238.0,24.0,,,30245,44,,,,,30242.0,0.0
1,27800,PICNIC_BASKET2,30240.0,19.0,30239.0,29.0,,,30245,2,30246.0,46.0,,,30242.5,0.0
1,27900,PICNIC_BASKET2,30239.0,34.0,,,,,30245,14,30246.0,20.0,,,30242.0,0.0
1,28000,PICNIC_BASKET2,30241.0,14.0,30240.0,20.0,,,30247,34,,,,,30244.0,0.0
1,28100,PICNIC_BASKET2,30239.0,11.0,30238.0,29.0,,,30244,1,30245.0,39.0,,,30241.5,0.0
1,28200,PICNIC_BASKET2,30241.0,15.0,30240.0,18.0,,,30247,33,,,,,30244.0,0.0
1,28300,PICNIC_BASKET2,30239.0,13.0,30238.0,22.0,,,30244,2,30245.0,33.0,,,30241.5,0.0
1,28400,PICNIC_BASKET2,30239.0,38.0,,,,,30245,13,30246.0,25.0,,,30242.0,0.0
1,28500,PICNIC_BASKET2,30235.0,18.0,30234.0,16.0,,,30240,2,30241.0,32.0,,,30237.5,0.0
1,28600,PICNIC_BASKET2,30234.0,14.0,30233.0,21.0,,,30239,2,30240.0,33.0,,,30236.5,0.0
1,28700,PICNIC_BASKET2,30235.0,13.0,30234.0,29.0,,,30240,2,30241.0,40.0,,,30237.5,0.0
1,28800,PICNIC_BASKET2,30230.0,10.0,30229.0,26.0,,,30236,36,,,,,30233.0,0.0
1,28900,PICNIC_BASKET2,30229.0,1.0,30228.0,44.0,,,30234,1,30235.0,44.0,,,30231.5,0.0
1,29000,PICNIC_BASKET2,30230.0,2.0,30229.0,32.0,,,30235,18,30236.0,16.0,,,30232.5,0.0
1,29100,PICNIC_BASKET2,30232.0,15.0,30231.0,18.0,,,30238,33,,,,,30235.0,0.0
1,29200,PICNIC_BASKET2,30233.0,1.0,30232.0,37.0,,,30238,19,30239.0,19.0,,,30235.5,0.0
1,29300,PICNIC_BASKET2,30237.0,1.0,30236.0,40.0,,,30242,1,30243.0,40.0,,,30239.5,0.0
1,29400,PICNIC_BASKET2,30235.0,13.0,30234.0,21.0,,,30240,2,30241.0,32.0,,,30237.5,0.0
1,29500,PICNIC_BASKET2,30236.0,47.0,,,,,30242,19,30243.0,28.0,,,30239.0,0.0
1,29600,PICNIC_BASKET2,30236.0,1.0,30235.0,41.0,,,30241,14,30242.0,28.0,,,30238.5,0.0
1,29700,PICNIC_BASKET2,30231.0,1.0,30230.0,36.0,,,30236,18,30237.0,19.0,,,30233.5,0.0
1,29800,PICNIC_BASKET2,30230.0,15.0,30229.0,23.0,,,30236,38,,,,,30233.0,0.0
1,29900,PICNIC_BASKET2,30231.0,2.0,30230.0,40.0,,,30236,12,30237.0,30.0,,,30233.5,0.0
1,30000,PICNIC_BASKET2,30229.0,21.0,30228.0,15.0,,,30231,2,30234.0,2.0,30235.0,34.0,30230.0,0.0
1,30100,PICNIC_BASKET2,30229.0,1.0,30228.0,40.0,,,30234,17,30235.0,24.0,,,30231.5,0.0
1,30200,PICNIC_BASKET2,30225.0,21.0,30224.0,27.0,,,30231,21,30232.0,27.0,,,30228.0,0.0
1,30300,PICNIC_BASKET2,30226.0,17.0,30225.0,29.0,,,30231,2,30232.0,44.0,,,30228.5,0.0
1,30400,PICNIC_BASKET2,30226.0,2.0,30224.0,18.0,30223.0,25.0,30230,43,,,,,30228.0,0.0
1,30500,PICNIC_BASKET2,30222.0,14.0,30221.0,17.0,,,30228,14,30229.0,17.0,,,30225.0,0.0
1,30600,PICNIC_BASKET2,30227.0,15.0,30226.0,15.0,,,30232,2,30233.0,28.0,,,30229.5,0.0
1,30700,PICNIC_BASKET2,30228.0,19.0,30227.0,22.0,,,30233,2,30234.0,39.0,,,30230.5,0.0
1,30800,PICNIC_BASKET2,30233.0,2.0,30232.0,36.0,,,30238,17,30239.0,21.0,,,30235.5,0.0
1,30900,PICNIC_BASKET2,30236.0,40.0,,,,,30243,40,,,,,30239.5,0.0
1,31000,PICNIC_BASKET2,30238.0,20.0,30237.0,27.0,,,30244,47,,,,,30241.0,0.0
1,31100,PICNIC_BASKET2,30239.0,15.0,30238.0,30.0,,,30241,4,30245.0,45.0,,,30240.0,0.0
1,31200,PICNIC_BASKET2,30244.0,1.0,30243.0,40.0,,,30249,19,30250.0,22.0,,,30246.5,0.0
1,31300,PICNIC_BASKET2,30241.0,2.0,30240.0,38.0,,,30246,18,30247.0,22.0,,,30243.5,0.0
1,31400,PICNIC_BASKET2,30238.0,14.0,30237.0,22.0,,,30244,36,,,,,30241.0,0.0
1,31500,PICNIC_BASKET2,30240.0,21.0,30239.0,25.0,,,30245,1,30246.0,45.0,,,30242.5,0.0
1,31600,PICNIC_BASKET2,30248.0,14.0,30247.0,19.0,,,30254,33,,,,,30251.0,0.0
1,31700,PICNIC_BASKET2,30249.0,33.0,,,,,30255,15,30256.0,18.0,,,30252.0,0.0
1,31800,PICNIC_BASKET2,30252.0,13.0,30251.0,26.0,,,30257,2,30258.0,37.0,,,30254.5,0.0
1,31900,PICNIC_BASKET2,30249.0,2.0,30248.0,34.0,,,30254,21,30255.0,15.0,,,30251.5,0.0
1,32000,PICNIC_BASKET2,30245.0,2.0,30244.0,34.0,,,30250,12,30251.0,24.0,,,30247.5,0.0
1,32100,PICNIC_BASKET2,30243.0,50.0,,,,,30249,20,30250.0,30.0,,,30246.0,0.0
1,32200,PICNIC_BASKET2,30244.0,1.0,30243.0,45.0,,,30249,1,30250.0,45.0,,,30246.5,0.0
1,32300,PICNIC_BASKET2,30244.0,22.0,30243.0,29.0,,,30250,22,30251.0,29.0,,,30247.0,0.0
1,32400,PICNIC_BASKET2,30242.0,43.0,,,,,30245,1,30248.0,16.0,30249.0,27.0,30243.5,0.0
1,32500,PICNIC_BASKET2,30243.0,20.0,30242.0,27.0,,,30248,2,30249.0,45.0,,,30245.5,0.0
1,32600,PICNIC_BASKET2,30242.0,35.0,,,,,30248,15,30249.0,20.0,,,30245.0,0.0
1,32700,PICNIC_BASKET2,30244.0,2.0,30243.0,41.0,,,30246,1,30249.0,2.0,30250.0,41.0,30245.0,0.0
1,32800,PICNIC_BASKET2,30244.0,43.0,,,,,30250,14,30251.0,29.0,,,30247.0,0.0
1,32900,PICNIC_BASKET2,30247.0,1.0,30246.0,31.0,,,30249,1,30252.0,17.0,30253.0,15.0,30248.0,0.0
1,33000,PICNIC_BASKET2,30245.0,34.0,,,,,30251,16,30252.0,18.0,,,30248.0,0.0
1,33100,PICNIC_BASKET2,30248.0,42.0,,,,,30254,18,30255.0,24.0,,,30251.0,0.0
1,33200,PICNIC_BASKET2,30248.0,1.0,30247.0,38.0,,,30253,1,30254.0,38.0,,,30250.5,0.0
1,33300,PICNIC_BASKET2,30250.0,20.0,30249.0,23.0,,,30255,1,30256.0,42.0,,,30252.5,0.0
1,33400,PICNIC_BASKET2,30243.0,34.0,,,,,30250,34,,,,,30246.5,0.0
1,33500,PICNIC_BASKET2,30237.0,13.0,30236.0,20.0,,,30242,2,30243.0,31.0,,,30239.5,0.0
1,33600,PICNIC_BASKET2,30238.0,18.0,30237.0,20.0,,,30240,2,30244.0,38.0,,,30239.0,0.0
1,33700,PICNIC_BASKET2,30241.0,32.0,,,,,30247,17,30248.0,15.0,,,30244.0,0.0
1,33800,PICNIC_BASKET2,30240.0,32.0,,,,,30246,10,30247.0,22.0,,,30243.0,0.0
1,33900,PICNIC_BASKET2,30241.0,16.0,30240.0,24.0,,,30246,1,30247.0,39.0,,,30243.5,0.0
1,34000,PICNIC_BASKET2,30241.0,22.0,30240.0,19.0,,,30246,2,30247.0,39.0,,,30243.5,0.0
1,34100,PICNIC_BASKET2,30242.0,28.0,,,,,30248,13,30249.0,15.0,,,30245.0,0.0
1,34200,PICNIC_BASKET2,30239.0,16.0,30238.0,20.0,,,30245,36,,,,,30242.0,0.0
1,34300,PICNIC_BASKET2,30241.0,18.0,30240.0,15.0,,,30247,33,,,,,30244.0,0.0
1,34400,PICNIC_BASKET2,30244.0,2.0,30243.0,32.0,,,30249,18,30250.0,16.0,,,30246.5,0.0
1,34500,PICNIC_BASKET2,30244.0,22.0,30243.0,24.0,,,30249,2,30250.0,44.0,,,30246.5,0.0
1,34600,PICNIC_BASKET2,30247.0,29.0,,,,,30254,29,,,,,30250.5,0.0
1,34700,PICNIC_BASKET2,30250.0,2.0,30249.0,43.0,,,30255,2,30256.0,43.0,,,30252.5,0.0
1,34800,PICNIC_BASKET2,30249.0,2.0,30248.0,42.0,,,30254,18,30255.0,26.0,,,30251.5,0.0
1,34900,PICNIC_BASKET2,30250.0,26.0,,,,,30256,10,30257.0,16.0,,,30253.0,0.0
1,35000,PICNIC_BASKET2,30253.0,14.0,30252.0,21.0,,,30255,1,30259.0,35.0,,,30254.0,0.0
1,35100,PICNIC_BASKET2,30254.0,19.0,30253.0,27.0,,,30259,2,30260.0,44.0,,,30256.5,0.0
1,35200,PICNIC_BASKET2,30255.0,38.0,,,,,30261,13,30262.0,25.0,,,30258.0,0.0
1,35300,PICNIC_BASKET2,30254.0,12.0,30253.0,27.0,,,30260,39,,,,,30257.0,0.0
1,35400,PICNIC_BASKET2,30251.0,22.0,30250.0,23.0,,,30256,2,30257.0,43.0,,,30253.5,0.0
1,35500,PICNIC_BASKET2,30250.0,22.0,30249.0,26.0,,,30255,2,30256.0,46.0,,,30252.5,0.0
1,35600,PICNIC_BASKET2,30253.0,46.0,,,,,30259,20,30260.0,26.0,,,30256.0,0.0
1,35700,PICNIC_BASKET2,30254.0,15.0,30253.0,27.0,,,30259,2,30260.0,40.0,,,30256.5,0.0
1,35800,PICNIC_BASKET2,30256.0,7.0,30254.0,16.0,30253.0,18.0,30259,2,30260.0,32.0,,,30257.5,0.0
1,35900,PICNIC_BASKET2,30253.0,21.0,30252.0,16.0,,,30258,2,30259.0,35.0,,,30255.5,0.0
1,36000,PICNIC_BASKET2,30255.0,10.0,30254.0,26.0,,,30261,10,30262.0,26.0,,,30258.0,0.0
1,36100,PICNIC_BASKET2,30255.0,22.0,30254.0,26.0,,,30261,48,,,,,30258.0,0.0
1,36200,PICNIC_BASKET2,30256.0,1.0,30255.0,42.0,,,30261,17,30262.0,26.0,,,30258.5,0.0
1,36300,PICNIC_BASKET2,30255.0,1.0,30254.0,33.0,,,30260,11,30261.0,23.0,,,30257.5,0.0
1,36400,PICNIC_BASKET2,30254.0,1.0,30253.0,39.0,,,30259,1,30260.0,39.0,,,30256.5,0.0
1,36500,PICNIC_BASKET2,30255.0,2.0,30254.0,38.0,,,30260,2,30261.0,38.0,,,30257.5,0.0
1,36600,PICNIC_BASKET2,30254.0,13.0,30253.0,27.0,,,30259,1,30260.0,39.0,,,30256.5,0.0
1,36700,PICNIC_BASKET2,30252.0,20.0,30251.0,24.0,,,30257,1,30258.0,43.0,,,30254.5,0.0
1,36800,PICNIC_BASKET2,30255.0,16.0,30254.0,20.0,,,30260,2,30261.0,34.0,,,30257.5,0.0
1,36900,PICNIC_BASKET2,30254.0,44.0,,,,,30260,16,30261.0,28.0,,,30257.0,0.0
1,37000,PICNIC_BASKET2,30254.0,2.0,30253.0,31.0,,,30259,13,30260.0,20.0,,,30256.5,0.0
1,37100,PICNIC_BASKET2,30251.0,15.0,30250.0,18.0,,,30254,5,30257.0,15.0,30258.0,18.0,30252.5,0.0
1,37200,PICNIC_BASKET2,30255.0,46.0,,,,,30261,17,30262.0,29.0,,,30258.0,0.0
1,37300,PICNIC_BASKET2,30256.0,1.0,30255.0,40.0,,,30261,17,30262.0,24.0,,,30258.5,0.0
1,37400,PICNIC_BASKET2,30260.0,4.0,30255.0,30.0,,,30261,13,30262.0,17.0,,,30260.5,0.0
1,37500,PICNIC_BASKET2,30260.0,1.0,30259.0,29.0,,,30265,15,30266.0,15.0,,,30262.5,0.0
1,37600,PICNIC_BASKET2,30262.0,1.0,30261.0,45.0,,,30267,1,30268.0,45.0,,,30264.5,0.0
1,37700,PICNIC_BASKET2,30264.0,4.0,30261.0,38.0,,,30267,10,30268.0,28.0,,,30265.5,0.0
1,37800,PICNIC_BASKET2,30259.0,18.0,30258.0,16.0,,,30265,34,,,,,30262.0,0.0
1,37900,PICNIC_BASKET2,30260.0,2.0,30259.0,45.0,,,30265,22,30266.0,25.0,,,30262.5,0.0
1,38000,PICNIC_BASKET2,30263.0,20.0,30262.0,23.0,,,30269,20,30270.0,23.0,,,30266.0,0.0
1,38100,PICNIC_BASKET2,30262.0,1.0,30261.0,27.0,,,30267,11,30268.0,17.0,,,30264.5,0.0
1,38200,PICNIC_BASKET2,30265.0,18.0,30264.0,29.0,,,30271,47,,,,,30268.0,0.0
1,38300,PICNIC_BASKET2,30264.0,15.0,30263.0,25.0,,,30270,40,,,,,30267.0,0.0
1,38400,PICNIC_BASKET2,30264.0,20.0,30263.0,19.0,,,30269,2,30270.0,37.0,,,30266.5,0.0
1,38500,PICNIC_BASKET2,30259.0,20.0,30258.0,27.0,,,30264,2,30265.0,45.0,,,30261.5,0.0
1,38600,PICNIC_BASKET2,30260.0,30.0,,,,,30266,15,30267.0,15.0,,,30263.0,0.0
1,38700,PICNIC_BASKET2,30263.0,2.0,30262.0,27.0,,,30268,12,30269.0,17.0,,,30265.5,0.0
1,38800,PICNIC_BASKET2,30258.0,12.0,30257.0,24.0,,,30263,2,30264.0,34.0,,,30260.5,0.0
1,38900,PICNIC_BASKET2,30260.0,8.0,30258.0,2.0,30257.0,34.0,30263,2,30264.0,34.0,,,30261.5,0.0
1,39000,PICNIC_BASKET2,30257.0,16.0,30256.0,24.0,,,30262,1,30263.0,39.0,,,30259.5,0.0
1,39100,PICNIC_BASKET2,30257.0,18.0,30256.0,28.0,,,30262,2,30263.0,44.0,,,30259.5,0.0
1,39200,PICNIC_BASKET2,30257.0,43.0,,,,,30263,15,30264.0,28.0,,,30260.0,0.0
1,39300,PICNIC_BASKET2,30257.0,11.0,30256.0,26.0,,,30263,37,,,,,30260.0,0.0
1,39400,PICNIC_BASKET2,30262.0,7.0,30260.0,11.0,30259.0,23.0,30266,34,,,,,30264.0,0.0
1,39500,PICNIC_BASKET2,30262.0,19.0,30261.0,19.0,,,30268,38,,,,,30265.0,0.0
1,39600,PICNIC_BASKET2,30265.0,20.0,30264.0,22.0,,,30271,42,,,,,30268.0,0.0
1,39700,PICNIC_BASKET2,30265.0,12.0,30264.0,27.0,,,30271,39,,,,,30268.0,0.0
1,39800,PICNIC_BASKET2,30265.0,15.0,30264.0,17.0,,,30270,2,30271.0,30.0,,,30267.5,0.0
1,39900,PICNIC_BASKET2,30269.0,1.0,30268.0,36.0,,,30274,20,30275.0,17.0,,,30271.5,0.0
1,40000,PICNIC_BASKET2,30271.0,20.0,30270.0,19.0,,,30276,1,30277.0,38.0,,,30273.5,0.0
1,40100,PICNIC_BASKET2,30273.0,36.0,,,,,30280,36,,,,,30276.5,0.0
1,40200,PICNIC_BASKET2,30275.0,1.0,30274.0,32.0,,,30280,17,30281.0,16.0,,,30277.5,0.0
1,40300,PICNIC_BASKET2,30273.0,21.0,30272.0,25.0,,,30278,1,30279.0,45.0,,,30275.5,0.0
1,40400,PICNIC_BASKET2,30273.0,2.0,30272.0,45.0,,,30278,22,30279.0,25.0,,,30275.5,0.0
1,40500,PICNIC_BASKET2,30273.0,15.0,30272.0,27.0,,,30278,1,30279.0,41.0,,,30275.5,0.0
1,40600,PICNIC_BASKET2,30273.0,38.0,,,,,30279,12,30280.0,26.0,,,30276.0,0.0
1,40700,PICNIC_BASKET2,30275.0,1.0,30274.0,38.0,,,30280,16,30281.0,23.0,,,30277.5,0.0
1,40800,PICNIC_BASKET2,30276.0,18.0,30275.0,29.0,,,30282,47,,,,,30279.0,0.0
1,40900,PICNIC_BASKET2,30275.0,16.0,30274.0,27.0,,,30281,43,,,,,30278.0,0.0
1,41000,PICNIC_BASKET2,30274.0,39.0,,,,,30280,17,30281.0,22.0,,,30277.0,0.0
1,41100,PICNIC_BASKET2,30275.0,21.0,30274.0,22.0,,,30281,43,,,,,30278.0,0.0
1,41200,PICNIC_BASKET2,30278.0,36.0,,,,,30285,36,,,,,30281.5,0.0
1,41300,PICNIC_BASKET2,30280.0,49.0,,,,,30286,20,30287.0,29.0,,,30283.0,0.0
1,41400,PICNIC_BASKET2,30283.0,20.0,30282.0,27.0,,,30289,20,30290.0,27.0,,,30286.0,0.0
1,41500,PICNIC_BASKET2,30281.0,18.0,30280.0,16.0,,,30286,2,30287.0,32.0,,,30283.5,0.0
1,41600,PICNIC_BASKET2,30281.0,29.0,,,,,30288,29,,,,,30284.5,0.0
1,41700,PICNIC_BASKET2,30278.0,42.0,,,,,30284,19,30285.0,23.0,,,30281.0,0.0
1,41800,PICNIC_BASKET2,30279.0,1.0,30278.0,45.0,,,30284,20,30285.0,26.0,,,30281.5,0.0
1,41900,PICNIC_BASKET2,30278.0,43.0,,,,,30285,43,,,,,30281.5,0.0
1,42000,PICNIC_BASKET2,30279.0,12.0,30278.0,30.0,,,30285,42,,,,,30282.0,0.0
1,42100,PICNIC_BASKET2,30279.0,15.0,30278.0,18.0,,,30285,33,,,,,30282.0,0.0
1,42200,PICNIC_BASKET2,30279.0,49.0,,,,,30285,19,30286.0,30.0,,,30282.0,0.0
1,42300,PICNIC_BASKET2,30279.0,36.0,,,,,30285,17,30286.0,19.0,,,30282.0,0.0
1,42400,PICNIC_BASKET2,30282.0,2.0,30281.0,42.0,,,30287,18,30288.0,26.0,,,30284.5,0.0
1,42500,PICNIC_BASKET2,30281.0,38.0,,,,,30287,13,30288.0,25.0,,,30284.0,0.0
1,42600,PICNIC_BASKET2,30283.0,16.0,30282.0,17.0,,,30289,33,,,,,30286.0,0.0
1,42700,PICNIC_BASKET2,30282.0,14.0,30281.0,19.0,,,30288,14,30289.0,19.0,,,30285.0,0.0
1,42800,PICNIC_BASKET2,30278.0,38.0,,,,,30285,38,,,,,30281.5,0.0
1,42900,PICNIC_BASKET2,30276.0,32.0,,,,,30283,32,,,,,30279.5,0.0
1,43000,PICNIC_BASKET2,30273.0,1.0,30272.0,34.0,,,30278,1,30279.0,34.0,,,30275.5,0.0
1,43100,PICNIC_BASKET2,30270.0,14.0,30269.0,24.0,,,30272,7,30275.0,1.0,30276.0,37.0,30271.0,0.0
1,43200,PICNIC_BASKET2,30268.0,2.0,30267.0,37.0,,,30273,2,30274.0,37.0,,,30270.5,0.0
1,43300,PICNIC_BASKET2,30267.0,17.0,30266.0,22.0,,,30273,39,,,,,30270.0,0.0
1,43400,PICNIC_BASKET2,30268.0,2.0,30267.0,34.0,,,30273,17,30274.0,19.0,,,30270.5,0.0
1,43500,PICNIC_BASKET2,30267.0,1.0,30266.0,37.0,,,30272,14,30273.0,24.0,,,30269.5,0.0
1,43600,PICNIC_BASKET2,30270.0,3.0,30265.0,11.0,30264.0,18.0,30271,29,,,,,30270.5,0.0
1,43700,PICNIC_BASKET2,30272.0,1.0,30271.0,48.0,,,30277,19,30278.0,30.0,,,30274.5,0.0
1,43800,PICNIC_BASKET2,30269.0,18.0,30268.0,23.0,,,30274,1,30275.0,40.0,,,30271.5,0.0
1,43900,PICNIC_BASKET2,30268.0,28.0,,,,,30274,13,30275.0,15.0,,,30271.0,0.0
1,44000,PICNIC_BASKET2,30265.0,18.0,30264.0,16.0,,,30270,2,30271.0,32.0,,,30267.5,0.0
1,44100,PICNIC_BASKET2,30267.0,2.0,30266.0,41.0,,,30272,15,30273.0,28.0,,,30269.5,0.0
1,44200,PICNIC_BASKET2,30266.0,43.0,,,,,30272,14,30273.0,29.0,,,30269.0,0.0
1,44300,PICNIC_BASKET2,30264.0,12.0,30263.0,27.0,,,30269,2,30270.0,37.0,,,30266.5,0.0
1,44400,PICNIC_BASKET2,30259.0,1.0,30258.0,29.0,,,30264,14,30265.0,16.0,,,30261.5,0.0
1,44500,PICNIC_BASKET2,30260.0,42.0,,,,,30267,42,,,,,30263.5,0.0
1,44600,PICNIC_BASKET2,30263.0,5.0,30258.0,21.0,30257.0,23.0,30264,21,30265.0,23.0,,,30263.5,0.0
1,44700,PICNIC_BASKET2,30258.0,2.0,30257.0,38.0,,,30263,15,30264.0,25.0,,,30260.5,0.0
1,44800,PICNIC_BASKET2,30254.0,34.0,,,,,30260,10,30261.0,24.0,,,30257.0,0.0
1,44900,PICNIC_BASKET2,30256.0,6.0,30254.0,22.0,30253.0,24.0,30259,2,30260.0,44.0,,,30257.5,0.0
1,45000,PICNIC_BASKET2,30253.0,1.0,30252.0,35.0,,,30258,20,30259.0,16.0,,,30255.5,0.0
1,45100,PICNIC_BASKET2,30254.0,20.0,30253.0,16.0,,,30260,36,,,,,30257.0,0.0
1,45200,PICNIC_BASKET2,30256.0,8.0,30254.0,1.0,30253.0,32.0,30259,14,30260.0,19.0,,,30257.5,0.0
1,45300,PICNIC_BASKET2,30256.0,40.0,,,,,30262,15,30263.0,25.0,,,30259.0,0.0
1,45400,PICNIC_BASKET2,30260.0,45.0,,,,,30266,17,30267.0,28.0,,,30263.0,0.0
1,45500,PICNIC_BASKET2,30261.0,1.0,30260.0,41.0,,,30266,13,30267.0,29.0,,,30263.5,0.0
1,45600,PICNIC_BASKET2,30262.0,1.0,30261.0,44.0,,,30264,4,30267.0,1.0,30268.0,44.0,30263.0,0.0
1,45700,PICNIC_BASKET2,30263.0,13.0,30262.0,29.0,,,30268,2,30269.0,40.0,,,30265.5,0.0
1,45800,PICNIC_BASKET2,30263.0,19.0,30262.0,15.0,,,30269,19,30270.0,15.0,,,30266.0,0.0
1,45900,PICNIC_BASKET2,30263.0,17.0,30262.0,15.0,,,30268,1,30269.0,31.0,,,30265.5,0.0
1,46000,PICNIC_BASKET2,30262.0,46.0,,,,,30268,16,30269.0,30.0,,,30265.0,0.0
1,46100,PICNIC_BASKET2,30261.0,13.0,30260.0,27.0,,,30267,40,,,,,30264.0,0.0
1,46200,PICNIC_BASKET2,30260.0,15.0,30259.0,19.0,,,30266,34,,,,,30263.0,0.0
1,46300,PICNIC_BASKET2,30260.0,34.0,,,,,30266,13,30267.0,21.0,,,30263.0,0.0
1,46400,PICNIC_BASKET2,30262.0,40.0,,,,,30268,12,30269.0,28.0,,,30265.0,0.0
1,46500,PICNIC_BASKET2,30263.0,1.0,30262.0,40.0,,,30268,1,30269.0,40.0,,,30265.5,0.0
1,46600,PICNIC_BASKET2,30266.0,20.0,30265.0,21.0,,,30272,41,,,,,30269.0,0.0
1,46700,PICNIC_BASKET2,30268.0,1.0,30267.0,35.0,,,30273,15,30274.0,21.0,,,30270.5,0.0
1,46800,PICNIC_BASKET2,30266.0,3.0,30263.0,41.0,,,30269,12,30270.0,29.0,,,30267.5,0.0
1,46900,PICNIC_BASKET2,30268.0,1.0,30267.0,44.0,,,30273,18,30274.0,27.0,,,30270.5,0.0
1,47000,PICNIC_BASKET2,30270.0,1.0,30269.0,36.0,,,30275,21,30276.0,16.0,,,30272.5,0.0
1,47100,PICNIC_BASKET2,30269.0,45.0,,,,,30275,15,30276.0,30.0,,,30272.0,0.0
1,47200,PICNIC_BASKET2,30270.0,2.0,30269.0,46.0,,,30275,21,30276.0,27.0,,,30272.5,0.0
1,47300,PICNIC_BASKET2,30271.0,41.0,,,,,30274,3,30277.0,19.0,30278.0,22.0,30272.5,0.0
1,47400,PICNIC_BASKET2,30274.0,20.0,30273.0,29.0,,,30280,49,,,,,30277.0,0.0
1,47500,PICNIC_BASKET2,30276.0,7.0,30274.0,12.0,30273.0,17.0,30279,1,30280.0,28.0,,,30277.5,0.0
1,47600,PICNIC_BASKET2,30274.0,15.0,30273.0,29.0,,,30280,44,,,,,30277.0,0.0
1,47700,PICNIC_BASKET2,30276.0,15.0,30275.0,22.0,,,30282,37,,,,,30279.0,0.0
1,47800,PICNIC_BASKET2,30277.0,20.0,30276.0,25.0,,,30283,45,,,,,30280.0,0.0
1,47900,PICNIC_BASKET2,30278.0,14.0,30277.0,28.0,,,30284,42,,,,,30281.0,0.0
1,48000,PICNIC_BASKET2,30275.0,21.0,30274.0,17.0,,,30281,38,,,,,30278.0,0.0
1,48100,PICNIC_BASKET2,30275.0,13.0,30274.0,20.0,,,30281,33,,,,,30278.0,0.0
1,48200,PICNIC_BASKET2,30276.0,1.0,30275.0,40.0,,,30281,1,30282.0,40.0,,,30278.5,0.0
1,48300,PICNIC_BASKET2,30276.0,1.0,30275.0,40.0,,,30281,18,30282.0,23.0,,,30278.5,0.0
1,48400,PICNIC_BASKET2,30276.0,22.0,30275.0,15.0,,,30281,2,30282.0,35.0,,,30278.5,0.0
1,48500,PICNIC_BASKET2,30274.0,48.0,,,,,30280,19,30281.0,29.0,,,30277.0,0.0
1,48600,PICNIC_BASKET2,30279.0,4.0,30277.0,19.0,30276.0,25.0,30283,44,,,,,30281.0,0.0
1,48700,PICNIC_BASKET2,30278.0,14.0,30277.0,19.0,,,30283,1,30284.0,32.0,,,30280.5,0.0
1,48800,PICNIC_BASKET2,30279.0,20.0,30278.0,26.0,,,30285,46,,,,,30282.0,0.0
1,48900,PICNIC_BASKET2,30279.0,13.0,30278.0,16.0,,,30285,29,,,,,30282.0,0.0
1,49000,PICNIC_BASKET2,30279.0,20.0,30278.0,27.0,,,30284,1,30285.0,46.0,,,30281.5,0.0
1,49100,PICNIC_BASKET2,30279.0,19.0,30278.0,16.0,,,30285,35,,,,,30282.0,0.0
1,49200,PICNIC_BASKET2,30276.0,20.0,30275.0,25.0,,,30281,1,30282.0,44.0,,,30278.5,0.0
1,49300,PICNIC_BASKET2,30276.0,37.0,,,,,30283,37,,,,,30279.5,0.0
1,49400,PICNIC_BASKET2,30279.0,15.0,30278.0,15.0,,,30285,30,,,,,30282.0,0.0
1,49500,PICNIC_BASKET2,30277.0,27.0,,,,,30283,12,30284.0,15.0,,,30280.0,0.0
1,49600,PICNIC_BASKET2,30274.0,17.0,30273.0,21.0,,,30276,1,30279.0,2.0,30280.0,36.0,30275.0,0.0
1,49700,PICNIC_BASKET2,30272.0,32.0,,,,,30278,15,30279.0,17.0,,,30275.0,0.0
1,49800,PICNIC_BASKET2,30272.0,45.0,,,,,30278,15,30279.0,30.0,,,30275.0,0.0
1,49900,PICNIC_BASKET2,30274.0,41.0,,,,,30277,3,30280.0,17.0,30281.0,24.0,30275.5,0.0
1,50000,PICNIC_BASKET2,30273.0,2.0,30272.0,36.0,,,30278,18,30279.0,20.0,,,30275.5,0.0
1,50100,PICNIC_BASKET2,30274.0,2.0,30273.0,36.0,,,30279,2,30280.0,36.0,,,30276.5,0.0
1,50200,PICNIC_BASKET2,30276.0,7.0,30274.0,15.0,30273.0,28.0,30279,1,30280.0,42.0,,,30277.5,0.0
1,50300,PICNIC_BASKET2,30272.0,40.0,,,,,30278,11,30279.0,29.0,,,30275.0,0.0
1,50400,PICNIC_BASKET2,30272.0,2.0,30271.0,41.0,,,30277,20,30278.0,23.0,,,30274.5,0.0
1,50500,PICNIC_BASKET2,30266.0,19.0,30265.0,19.0,,,30271,1,30272.0,37.0,,,30268.5,0.0
1,50600,PICNIC_BASKET2,30265.0,13.0,30264.0,30.0,,,30270,2,30271.0,41.0,,,30267.5,0.0
1,50700,PICNIC_BASKET2,30268.0,26.0,,,,,30275,26,,,,,30271.5,0.0
1,50800,PICNIC_BASKET2,30273.0,2.0,30272.0,34.0,,,30278,21,30279.0,15.0,,,30275.5,0.0
1,50900,PICNIC_BASKET2,30274.0,32.0,,,,,30280,13,30281.0,19.0,,,30277.0,0.0
1,51000,PICNIC_BASKET2,30277.0,2.0,30276.0,44.0,,,30282,2,30283.0,44.0,,,30279.5,0.0
1,51100,PICNIC_BASKET2,30275.0,13.0,30274.0,16.0,,,30281,29,,,,,30278.0,0.0
1,51200,PICNIC_BASKET2,30280.0,37.0,,,,,30283,6,30286.0,16.0,30287.0,21.0,30281.5,0.0
1,51300,PICNIC_BASKET2,30282.0,38.0,,,,,30288,18,30289.0,20.0,,,30285.0,0.0
1,51400,PICNIC_BASKET2,30287.0,5.0,30285.0,1.0,30284.0,43.0,30290,17,30291.0,27.0,,,30288.5,0.0
1,51500,PICNIC_BASKET2,30290.0,14.0,30289.0,25.0,,,30296,39,,,,,30293.0,0.0
1,51600,PICNIC_BASKET2,30291.0,2.0,30287.0,2.0,30286.0,36.0,30292,12,30293.0,26.0,,,30291.5,0.0
1,51700,PICNIC_BASKET2,30290.0,20.0,30289.0,22.0,,,30295,2,30296.0,40.0,,,30292.5,0.0
1,51800,PICNIC_BASKET2,30284.0,46.0,,,,,30291,46,,,,,30287.5,0.0
1,51900,PICNIC_BASKET2,30284.0,2.0,30283.0,39.0,,,30289,12,30290.0,29.0,,,30286.5,0.0
1,52000,PICNIC_BASKET2,30277.0,45.0,,,,,30283,16,30284.0,29.0,,,30280.0,0.0
1,52100,PICNIC_BASKET2,30274.0,13.0,30273.0,25.0,,,30279,1,30280.0,37.0,,,30276.5,0.0
1,52200,PICNIC_BASKET2,30269.0,41.0,,,,,30276,41,,,,,30272.5,0.0
1,52300,PICNIC_BASKET2,30269.0,43.0,,,,,30275,13,30276.0,30.0,,,30272.0,0.0
1,52400,PICNIC_BASKET2,30272.0,21.0,30271.0,28.0,,,30277,1,30278.0,48.0,,,30274.5,0.0
1,52500,PICNIC_BASKET2,30267.0,19.0,30266.0,23.0,,,30272,2,30273.0,40.0,,,30269.5,0.0
1,52600,PICNIC_BASKET2,30269.0,17.0,30268.0,28.0,,,30275,45,,,,,30272.0,0.0
1,52700,PICNIC_BASKET2,30270.0,8.0,30268.0,1.0,30267.0,34.0,30273,20,30274.0,15.0,,,30271.5,0.0
1,52800,PICNIC_BASKET2,30265.0,17.0,30264.0,30.0,,,30267,6,30271.0,47.0,,,30266.0,0.0
1,52900,PICNIC_BASKET2,30269.0,11.0,30268.0,23.0,,,30274,1,30275.0,33.0,,,30271.5,0.0
1,53000,PICNIC_BASKET2,30269.0,1.0,30268.0,40.0,,,30274,20,30275.0,21.0,,,30271.5,0.0
1,53100,PICNIC_BASKET2,30270.0,6.0,30266.0,2.0,30265.0,42.0,30271,2,30272.0,42.0,,,30270.5,0.0
1,53200,PICNIC_BASKET2,30265.0,50.0,,,,,30271,20,30272.0,30.0,,,30268.0,0.0
1,53300,PICNIC_BASKET2,30264.0,6.0,30261.0,32.0,,,30267,17,30268.0,15.0,,,30265.5,0.0
1,53400,PICNIC_BASKET2,30263.0,16.0,30262.0,21.0,,,30269,37,,,,,30266.0,0.0
1,53500,PICNIC_BASKET2,30263.0,33.0,,,,,30269,13,30270.0,20.0,,,30266.0,0.0
1,53600,PICNIC_BASKET2,30264.0,1.0,30263.0,38.0,,,30269,1,30270.0,38.0,,,30266.5,0.0
1,53700,PICNIC_BASKET2,30265.0,45.0,,,,,30271,19,30272.0,26.0,,,30268.0,0.0
1,53800,PICNIC_BASKET2,30265.0,38.0,,,,,30271,15,30272.0,23.0,,,30268.0,0.0
1,53900,PICNIC_BASKET2,30262.0,15.0,30261.0,30.0,,,30267,1,30268.0,44.0,,,30264.5,0.0
1,54000,PICNIC_BASKET2,30262.0,13.0,30261.0,30.0,,,30268,43,,,,,30265.0,0.0
1,54100,PICNIC_BASKET2,30265.0,1.0,30264.0,44.0,,,30270,18,30271.0,27.0,,,30267.5,0.0
1,54200,PICNIC_BASKET2,30265.0,1.0,30264.0,42.0,,,30270,13,30271.0,30.0,,,30267.5,0.0
1,54300,PICNIC_BASKET2,30273.0,8.0,30271.0,18.0,30270.0,29.0,30276,2,30277.0,45.0,,,30274.5,0.0
1,54400,PICNIC_BASKET2,30273.0,15.0,30272.0,27.0,,,30279,15,30280.0,27.0,,,30276.0,0.0
1,54500,PICNIC_BASKET2,30276.0,2.0,30275.0,29.0,,,30281,14,30282.0,17.0,,,30278.5,0.0
1,54600,PICNIC_BASKET2,30277.0,1.0,30276.0,34.0,,,30282,18,30283.0,17.0,,,30279.5,0.0
1,54700,PICNIC_BASKET2,30275.0,1.0,30274.0,49.0,,,30280,1,30281.0,49.0,,,30277.5,0.0
1,54800,PICNIC_BASKET2,30275.0,7.0,30273.0,2.0,30272.0,41.0,30278,14,30279.0,29.0,,,30276.5,0.0
1,54900,PICNIC_BASKET2,30271.0,2.0,30270.0,43.0,,,30276,2,30277.0,43.0,,,30273.5,0.0
1,55000,PICNIC_BASKET2,30270.0,40.0,,,,,30276,20,30277.0,20.0,,,30273.0,0.0
1,55100,PICNIC_BASKET2,30267.0,2.0,30266.0,31.0,,,30272,15,30273.0,18.0,,,30269.5,0.0
1,55200,PICNIC_BASKET2,30269.0,1.0,30268.0,41.0,,,30274,14,30275.0,28.0,,,30271.5,0.0
1,55300,PICNIC_BASKET2,30269.0,11.0,30268.0,15.0,,,30275,26,,,,,30272.0,0.0
1,55400,PICNIC_BASKET2,30269.0,1.0,30268.0,36.0,,,30274,1,30275.0,36.0,,,30271.5,0.0
1,55500,PICNIC_BASKET2,30274.0,1.0,30270.0,2.0,30269.0,26.0,30275,12,30276.0,16.0,,,30274.5,0.0
1,55600,PICNIC_BASKET2,30270.0,28.0,,,,,30276,11,30277.0,17.0,,,30273.0,0.0
1,55700,PICNIC_BASKET2,30270.0,1.0,30269.0,41.0,,,30275,19,30276.0,23.0,,,30272.5,0.0
1,55800,PICNIC_BASKET2,30275.0,11.0,30274.0,20.0,,,30280,1,30281.0,30.0,,,30277.5,0.0
1,55900,PICNIC_BASKET2,30276.0,8.0,30274.0,20.0,30273.0,28.0,30280,48,,,,,30278.0,0.0
1,56000,PICNIC_BASKET2,30276.0,46.0,,,,,30282,18,30283.0,28.0,,,30279.0,0.0
1,56100,PICNIC_BASKET2,30277.0,1.0,30276.0,38.0,,,30282,11,30283.0,28.0,,,30279.5,0.0
1,56200,PICNIC_BASKET2,30278.0,1.0,30277.0,31.0,,,30283,12,30284.0,20.0,,,30280.5,0.0
1,56300,PICNIC_BASKET2,30276.0,13.0,30275.0,19.0,,,30282,13,30283.0,19.0,,,30279.0,0.0
1,56400,PICNIC_BASKET2,30274.0,35.0,,,,,30280,15,30281.0,20.0,,,30277.0,0.0
1,56500,PICNIC_BASKET2,30272.0,34.0,,,,,30278,12,30279.0,22.0,,,30275.0,0.0
1,56600,PICNIC_BASKET2,30275.0,22.0,30274.0,17.0,,,30280,2,30281.0,37.0,,,30277.5,0.0
1,56700,PICNIC_BASKET2,30274.0,43.0,,,,,30281,43,,,,,30277.5,0.0
1,56800,PICNIC_BASKET2,30277.0,28.0,,,,,30284,28,,,,,30280.5,0.0
1,56900,PICNIC_BASKET2,30277.0,1.0,30276.0,33.0,,,30282,15,30283.0,19.0,,,30279.5,0.0
1,57000,PICNIC_BASKET2,30274.0,22.0,30273.0,18.0,,,30280,40,,,,,30277.0,0.0
1,57100,PICNIC_BASKET2,30272.0,40.0,,,,,30278,19,30279.0,21.0,,,30275.0,0.0
1,57200,PICNIC_BASKET2,30276.0,12.0,30275.0,19.0,,,30281,1,30282.0,30.0,,,30278.5,0.0
1,57300,PICNIC_BASKET2,30278.0,15.0,30277.0,22.0,,,30283,1,30284.0,36.0,,,30280.5,0.0
1,57400,PICNIC_BASKET2,30278.0,15.0,30277.0,17.0,,,30283,1,30284.0,31.0,,,30280.5,0.0
1,57500,PICNIC_BASKET2,30277.0,11.0,30276.0,28.0,,,30283,39,,,,,30280.0,0.0
1,57600,PICNIC_BASKET2,30279.0,22.0,30278.0,28.0,,,30284,2,30285.0,48.0,,,30281.5,0.0
1,57700,PICNIC_BASKET2,30277.0,1.0,30276.0,37.0,,,30282,1,30283.0,37.0,,,30279.5,0.0
1,57800,PICNIC_BASKET2,30276.0,2.0,30275.0,30.0,,,30281,14,30282.0,18.0,,,30278.5,0.0
1,57900,PICNIC_BASKET2,30276.0,2.0,30275.0,44.0,,,30281,18,30282.0,28.0,,,30278.5,0.0
1,58000,PICNIC_BASKET2,30275.0,19.0,30274.0,15.0,,,30281,19,30282.0,15.0,,,30278.0,0.0
1,58100,PICNIC_BASKET2,30271.0,13.0,30270.0,23.0,,,30277,36,,,,,30274.0,0.0
1,58200,PICNIC_BASKET2,30271.0,21.0,30270.0,17.0,,,30276,2,30277.0,36.0,,,30273.5,0.0
1,58300,PICNIC_BASKET2,30271.0,2.0,30270.0,37.0,,,30276,12,30277.0,27.0,,,30273.5,0.0
1,58400,PICNIC_BASKET2,30270.0,28.0,,,,,30276,13,30277.0,15.0,,,30273.0,0.0
1,58500,PICNIC_BASKET2,30268.0,19.0,30267.0,28.0,,,30273,2,30274.0,45.0,,,30270.5,0.0
1,58600,PICNIC_BASKET2,30269.0,14.0,30268.0,26.0,,,30275,40,,,,,30272.0,0.0
1,58700,PICNIC_BASKET2,30268.0,20.0,30267.0,15.0,,,30273,1,30274.0,34.0,,,30270.5,0.0
1,58800,PICNIC_BASKET2,30268.0,19.0,30267.0,16.0,,,30273,1,30274.0,34.0,,,30270.5,0.0
1,58900,PICNIC_BASKET2,30266.0,2.0,30265.0,30.0,,,30271,17,30272.0,15.0,,,30268.5,0.0
1,59000,PICNIC_BASKET2,30274.0,6.0,30270.0,1.0,30269.0,47.0,30275,19,30276.0,29.0,,,30274.5,0.0
1,59100,PICNIC_BASKET2,30270.0,12.0,30269.0,15.0,,,30275,1,30276.0,26.0,,,30272.5,0.0
1,59200,PICNIC_BASKET2,30273.0,2.0,30272.0,45.0,,,30278,2,30279.0,45.0,,,30275.5,0.0
1,59300,PICNIC_BASKET2,30273.0,14.0,30272.0,26.0,,,30279,40,,,,,30276.0,0.0
1,59400,PICNIC_BASKET2,30273.0,34.0,,,,,30279,17,30280.0,17.0,,,30276.0,0.0
1,59500,PICNIC_BASKET2,30276.0,14.0,30275.0,26.0,,,30281,2,30282.0,38.0,,,30278.5,0.0
1,59600,PICNIC_BASKET2,30277.0,12.0,30276.0,29.0,,,30283,12,30284.0,29.0,,,30280.0,0.0
1,59700,PICNIC_BASKET2,30277.0,1.0,30276.0,39.0,,,30282,17,30283.0,23.0,,,30279.5,0.0
1,59800,PICNIC_BASKET2,30276.0,37.0,,,,,30282,13,30283.0,24.0,,,30279.0,0.0
1,59900,PICNIC_BASKET2,30277.0,35.0,,,,,30283,12,30284.0,23.0,,,30280.0,0.0
1,60000,PICNIC_BASKET2,30275.0,1.0,30274.0,42.0,,,30280,1,30281.0,42.0,,,30277.5,0.0
1,60100,PICNIC_BASKET2,30276.0,11.0,30275.0,22.0,,,30281,1,30282.0,32.0,,,30278.5,0.0
1,60200,PICNIC_BASKET2,30279.0,12.0,30278.0,21.0,,,30285,12,30286.0,21.0,,,30282.0,0.0
1,60300,PICNIC_BASKET2,30284.0,20.0,30283.0,29.0,,,30290,20,30291.0,29.0,,,30287.0,0.0
1,60400,PICNIC_BASKET2,30285.0,2.0,30284.0,36.0,,,30290,2,30291.0,36.0,,,30287.5,0.0
1,60500,PICNIC_BASKET2,30284.0,20.0,30283.0,28.0,,,30290,48,,,,,30287.0,0.0
1,60600,PICNIC_BASKET2,30286.0,1.0,30284.0,1.0,30283.0,38.0,30289,13,30290.0,26.0,,,30287.5,0.0
1,60700,PICNIC_BASKET2,30281.0,41.0,,,,,30288,41,,,,,30284.5,0.0
1,60800,PICNIC_BASKET2,30284.0,19.0,30283.0,15.0,,,30289,2,30290.0,32.0,,,30286.5,0.0
1,60900,PICNIC_BASKET2,30286.0,43.0,,,,,30292,13,30293.0,30.0,,,30289.0,0.0
1,61000,PICNIC_BASKET2,30289.0,1.0,30288.0,41.0,,,30294,1,30295.0,41.0,,,30291.5,0.0
1,61100,PICNIC_BASKET2,30292.0,2.0,30291.0,40.0,,,30297,2,30298.0,40.0,,,30294.5,0.0
1,61200,PICNIC_BASKET2,30295.0,44.0,,,,,30302,44,,,,,30298.5,0.0
1,61300,PICNIC_BASKET2,30293.0,11.0,30292.0,15.0,,,30299,26,,,,,30296.0,0.0
1,61400,PICNIC_BASKET2,30293.0,40.0,,,,,30300,40,,,,,30296.5,0.0
1,61500,PICNIC_BASKET2,30293.0,19.0,30292.0,15.0,,,30299,34,,,,,30296.0,0.0
1,61600,PICNIC_BASKET2,30289.0,12.0,30288.0,15.0,,,30295,12,30296.0,15.0,,,30292.0,0.0
1,61700,PICNIC_BASKET2,30287.0,2.0,30286.0,43.0,,,30292,22,30293.0,23.0,,,30289.5,0.0
1,61800,PICNIC_BASKET2,30286.0,2.0,30285.0,35.0,,,30291,13,30292.0,24.0,,,30288.5,0.0
1,61900,PICNIC_BASKET2,30288.0,38.0,,,,,30295,38,,,,,30291.5,0.0
1,62000,PICNIC_BASKET2,30292.0,32.0,,,,,30298,20,30299.0,15.0,,,30295.0,0.0
1,62100,PICNIC_BASKET2,30293.0,21.0,30292.0,22.0,,,30299,43,,,,,30296.0,0.0
1,62200,PICNIC_BASKET2,30293.0,19.0,30292.0,16.0,,,30299,19,30300.0,16.0,,,30296.0,0.0
1,62300,PICNIC_BASKET2,30292.0,6.0,30291.0,16.0,,,30298,13,30299.0,16.0,,,30295.0,0.0
1,62400,PICNIC_BASKET2,30290.0,44.0,,,,,30296,16,30297.0,28.0,,,30293.0,0.0
1,62500,PICNIC_BASKET2,30288.0,19.0,30287.0,24.0,,,30293,2,30294.0,41.0,,,30290.5,0.0
1,62600,PICNIC_BASKET2,30283.0,13.0,30282.0,21.0,,,30288,1,30289.0,33.0,,,30285.5,0.0
1,62700,PICNIC_BASKET2,30281.0,39.0,,,,,30287,15,30288.0,24.0,,,30284.0,0.0
1,62800,PICNIC_BASKET2,30284.0,37.0,,,,,30291,37,,,,,30287.5,0.0
1,62900,PICNIC_BASKET2,30285.0,15.0,30284.0,25.0,,,30290,2,30291.0,38.0,,,30287.5,0.0
1,63000,PICNIC_BASKET2,30279.0,32.0,,,,,30285,12,30286.0,20.0,,,30282.0,0.0
1,63100,PICNIC_BASKET2,30281.0,37.0,,,,,30287,17,30288.0,20.0,,,30284.0,0.0
1,63200,PICNIC_BASKET2,30284.0,16.0,30283.0,24.0,,,30290,16,30291.0,24.0,,,30287.0,0.0
1,63300,PICNIC_BASKET2,30280.0,39.0,,,,,30286,13,30287.0,26.0,,,30283.0,0.0
1,63400,PICNIC_BASKET2,30285.0,1.0,30283.0,2.0,30282.0,38.0,30288,2,30289.0,38.0,,,30286.5,0.0
1,63500,PICNIC_BASKET2,30283.0,40.0,,,,,30289,10,30290.0,30.0,,,30286.0,0.0
1,63600,PICNIC_BASKET2,30284.0,18.0,30283.0,28.0,,,30290,46,,,,,30287.0,0.0
1,63700,PICNIC_BASKET2,30281.0,14.0,30280.0,21.0,,,30287,35,,,,,30284.0,0.0
1,63800,PICNIC_BASKET2,30286.0,19.0,30285.0,17.0,,,30292,19,30293.0,17.0,,,30289.0,0.0
1,63900,PICNIC_BASKET2,30289.0,35.0,,,,,30295,20,30296.0,15.0,,,30292.0,0.0
1,64000,PICNIC_BASKET2,30291.0,47.0,,,,,30297,19,30298.0,28.0,,,30294.0,0.0
1,64100,PICNIC_BASKET2,30292.0,36.0,,,,,30298,21,30299.0,15.0,,,30295.0,0.0
1,64200,PICNIC_BASKET2,30292.0,2.0,30291.0,33.0,,,30297,2,30298.0,33.0,,,30294.5,0.0
1,64300,PICNIC_BASKET2,30290.0,2.0,30289.0,38.0,,,30295,15,30296.0,25.0,,,30292.5,0.0
1,64400,PICNIC_BASKET2,30289.0,18.0,30288.0,18.0,,,30294,2,30295.0,34.0,,,30291.5,0.0
1,64500,PICNIC_BASKET2,30288.0,2.0,30287.0,41.0,,,30293,2,30294.0,41.0,,,30290.5,0.0
1,64600,PICNIC_BASKET2,30285.0,15.0,30284.0,18.0,,,30291,33,,,,,30288.0,0.0
1,64700,PICNIC_BASKET2,30282.0,12.0,30281.0,23.0,,,30287,1,30288.0,34.0,,,30284.5,0.0
1,64800,PICNIC_BASKET2,30279.0,17.0,30278.0,19.0,,,30284,1,30285.0,35.0,,,30281.5,0.0
1,64900,PICNIC_BASKET2,30277.0,17.0,30276.0,24.0,,,30283,41,,,,,30280.0,0.0
1,65000,PICNIC_BASKET2,30278.0,1.0,30277.0,47.0,,,30283,21,30284.0,27.0,,,30280.5,0.0
1,65100,PICNIC_BASKET2,30278.0,1.0,30277.0,32.0,,,30283,1,30284.0,32.0,,,30280.5,0.0
1,65200,PICNIC_BASKET2,30280.0,1.0,30279.0,37.0,,,30285,14,30286.0,24.0,,,30282.5,0.0
1,65300,PICNIC_BASKET2,30283.0,20.0,30282.0,20.0,,,30289,40,,,,,30286.0,0.0
1,65400,PICNIC_BASKET2,30282.0,12.0,30281.0,20.0,,,30288,32,,,,,30285.0,0.0
1,65500,PICNIC_BASKET2,30279.0,13.0,30278.0,22.0,,,30285,13,30286.0,22.0,,,30282.0,0.0
1,65600,PICNIC_BASKET2,30278.0,19.0,30277.0,29.0,,,30284,19,30285.0,29.0,,,30281.0,0.0
1,65700,PICNIC_BASKET2,30277.0,43.0,,,,,30280,6,30283.0,14.0,30284.0,29.0,30278.5,0.0
1,65800,PICNIC_BASKET2,30275.0,11.0,30274.0,24.0,,,30281,35,,,,,30278.0,0.0
1,65900,PICNIC_BASKET2,30272.0,22.0,30271.0,20.0,,,30278,42,,,,,30275.0,0.0
1,66000,PICNIC_BASKET2,30278.0,1.0,30277.0,36.0,,,30283,13,30284.0,24.0,,,30280.5,0.0
1,66100,PICNIC_BASKET2,30277.0,2.0,30276.0,32.0,,,30282,2,30283.0,32.0,,,30279.5,0.0
1,66200,PICNIC_BASKET2,30276.0,1.0,30275.0,44.0,,,30281,17,30282.0,28.0,,,30278.5,0.0
1,66300,PICNIC_BASKET2,30274.0,38.0,,,,,30280,13,30281.0,25.0,,,30277.0,0.0
1,66400,PICNIC_BASKET2,30280.0,2.0,30278.0,2.0,30277.0,41.0,30283,2,30284.0,41.0,,,30281.5,0.0
1,66500,PICNIC_BASKET2,30278.0,1.0,30277.0,35.0,,,30283,11,30284.0,25.0,,,30280.5,0.0
1,66600,PICNIC_BASKET2,30276.0,41.0,,,,,30282,20,30283.0,21.0,,,30279.0,0.0
1,66700,PICNIC_BASKET2,30274.0,17.0,30273.0,15.0,,,30279,1,30280.0,31.0,,,30276.5,0.0
1,66800,PICNIC_BASKET2,30274.0,1.0,30273.0,30.0,,,30276,7,30279.0,15.0,30280.0,16.0,30275.0,0.0
1,66900,PICNIC_BASKET2,30274.0,37.0,,,,,30280,11,30281.0,26.0,,,30277.0,0.0
1,67000,PICNIC_BASKET2,30276.0,15.0,30275.0,30.0,,,30281,2,30282.0,43.0,,,30278.5,0.0
1,67100,PICNIC_BASKET2,30277.0,1.0,30276.0,36.0,,,30282,1,30283.0,36.0,,,30279.5,0.0
1,67200,PICNIC_BASKET2,30277.0,45.0,,,,,30283,17,30284.0,28.0,,,30280.0,0.0
1,67300,PICNIC_BASKET2,30279.0,41.0,,,,,30285,13,30286.0,28.0,,,30282.0,0.0
1,67400,PICNIC_BASKET2,30279.0,13.0,30278.0,21.0,,,30284,1,30285.0,33.0,,,30281.5,0.0
1,67500,PICNIC_BASKET2,30279.0,14.0,30278.0,24.0,,,30285,38,,,,,30282.0,0.0
1,67600,PICNIC_BASKET2,30276.0,20.0,30275.0,18.0,,,30281,1,30282.0,37.0,,,30278.5,0.0
1,67700,PICNIC_BASKET2,30276.0,2.0,30275.0,34.0,,,30281,2,30282.0,34.0,,,30278.5,0.0
1,67800,PICNIC_BASKET2,30279.0,12.0,30278.0,22.0,,,30284,2,30285.0,32.0,,,30281.5,0.0
1,67900,PICNIC_BASKET2,30281.0,41.0,,,,,30287,14,30288.0,27.0,,,30284.0,0.0
1,68000,PICNIC_BASKET2,30284.0,40.0,,,,,30290,20,30291.0,20.0,,,30287.0,0.0
1,68100,PICNIC_BASKET2,30286.0,18.0,30285.0,23.0,,,30291,1,30292.0,40.0,,,30288.5,0.0
1,68200,PICNIC_BASKET2,30285.0,1.0,30284.0,46.0,,,30290,19,30291.0,28.0,,,30287.5,0.0
1,68300,PICNIC_BASKET2,30285.0,20.0,30284.0,22.0,,,30291,20,30292.0,22.0,,,30288.0,0.0
1,68400,PICNIC_BASKET2,30285.0,11.0,30284.0,18.0,,,30290,1,30291.0,28.0,,,30287.5,0.0
1,68500,PICNIC_BASKET2,30274.0,20.0,30273.0,17.0,,,30280,20,30281.0,17.0,,,30277.0,0.0
1,68600,PICNIC_BASKET2,30273.0,38.0,,,,,30274,5,30280.0,38.0,,,30273.5,0.0
1,68700,PICNIC_BASKET2,30276.0,18.0,30275.0,25.0,,,30281,2,30282.0,41.0,,,30278.5,0.0
1,68800,PICNIC_BASKET2,30277.0,13.0,30276.0,21.0,,,30279,1,30282.0,1.0,30283.0,33.0,30278.0,0.0
1,68900,PICNIC_BASKET2,30275.0,18.0,30274.0,19.0,,,30281,37,,,,,30278.0,0.0
1,69000,PICNIC_BASKET2,30269.0,1.0,30268.0,33.0,,,30274,1,30275.0,33.0,,,30271.5,0.0
1,69100,PICNIC_BASKET2,30265.0,1.0,30264.0,39.0,,,30270,17,30271.0,23.0,,,30267.5,0.0
1,69200,PICNIC_BASKET2,30265.0,2.0,30263.0,1.0,30262.0,42.0,30268,16,30269.0,27.0,,,30266.5,0.0
1,69300,PICNIC_BASKET2,30264.0,1.0,30263.0,31.0,,,30269,16,30270.0,16.0,,,30266.5,0.0
1,69400,PICNIC_BASKET2,30265.0,37.0,,,,,30271,14,30272.0,23.0,,,30268.0,0.0
1,69500,PICNIC_BASKET2,30264.0,1.0,30263.0,47.0,,,30269,19,30270.0,29.0,,,30266.5,0.0
1,69600,PICNIC_BASKET2,30260.0,2.0,30259.0,39.0,,,30265,22,30266.0,19.0,,,30262.5,0.0
1,69700,PICNIC_BASKET2,30257.0,19.0,30256.0,27.0,,,30262,2,30263.0,44.0,,,30259.5,0.0
1,69800,PICNIC_BASKET2,30256.0,1.0,30255.0,30.0,,,30261,12,30262.0,19.0,,,30258.5,0.0
1,69900,PICNIC_BASKET2,30254.0,18.0,30253.0,25.0,,,30259,2,30260.0,41.0,,,30256.5,0.0
1,70000,PICNIC_BASKET2,30253.0,2.0,30252.0,44.0,,,30258,20,30259.0,26.0,,,30255.5,0.0
1,70100,PICNIC_BASKET2,30256.0,35.0,,,,,30262,18,30263.0,17.0,,,30259.0,0.0
1,70200,PICNIC_BASKET2,30257.0,2.0,30256.0,40.0,,,30262,17,30263.0,25.0,,,30259.5,0.0
1,70300,PICNIC_BASKET2,30259.0,18.0,30258.0,25.0,,,30265,43,,,,,30262.0,0.0
1,70400,PICNIC_BASKET2,30259.0,41.0,,,,,30265,20,30266.0,21.0,,,30262.0,0.0
1,70500,PICNIC_BASKET2,30257.0,41.0,,,,,30263,12,30264.0,29.0,,,30260.0,0.0
1,70600,PICNIC_BASKET2,30255.0,18.0,30254.0,17.0,,,30260,1,30261.0,34.0,,,30257.5,0.0
1,70700,PICNIC_BASKET2,30260.0,28.0,,,,,30266,11,30267.0,17.0,,,30263.0,0.0
1,70800,PICNIC_BASKET2,30261.0,2.0,30260.0,31.0,,,30266,2,30267.0,31.0,,,30263.5,0.0
1,70900,PICNIC_BASKET2,30260.0,17.0,30259.0,22.0,,,30262,5,30266.0,39.0,,,30261.0,0.0
1,71000,PICNIC_BASKET2,30268.0,5.0,30264.0,2.0,30263.0,38.0,30269,22,30270.0,18.0,,,30268.5,0.0
1,71100,PICNIC_BASKET2,30264.0,5.0,30261.0,28.0,,,30267,10,30268.0,18.0,,,30265.5,0.0
1,71200,PICNIC_BASKET2,30267.0,39.0,,,,,30273,15,30274.0,24.0,,,30270.0,0.0
1,71300,PICNIC_BASKET2,30268.0,2.0,30267.0,47.0,,,30273,21,30274.0,28.0,,,30270.5,0.0
1,71400,PICNIC_BASKET2,30271.0,2.0,30270.0,31.0,,,30276,16,30277.0,17.0,,,30273.5,0.0
1,71500,PICNIC_BASKET2,30269.0,14.0,30268.0,23.0,,,30275,37,,,,,30272.0,0.0
1,71600,PICNIC_BASKET2,30267.0,1.0,30265.0,20.0,30264.0,22.0,30270,2,30271.0,40.0,,,30268.5,0.0
1,71700,PICNIC_BASKET2,30264.0,1.0,30263.0,34.0,,,30269,14,30270.0,21.0,,,30266.5,0.0
1,71800,PICNIC_BASKET2,30264.0,12.0,30263.0,19.0,,,30270,31,,,,,30267.0,0.0
1,71900,PICNIC_BASKET2,30268.0,18.0,30267.0,18.0,,,30270,2,30273.0,2.0,30274.0,34.0,30269.0,0.0
1,72000,PICNIC_BASKET2,30268.0,44.0,,,,,30274,17,30275.0,27.0,,,30271.0,0.0
1,72100,PICNIC_BASKET2,30269.0,21.0,30268.0,17.0,,,30274,2,30275.0,36.0,,,30271.5,0.0
1,72200,PICNIC_BASKET2,30269.0,13.0,30268.0,26.0,,,30275,39,,,,,30272.0,0.0
1,72300,PICNIC_BASKET2,30268.0,14.0,30267.0,24.0,,,30273,1,30274.0,37.0,,,30270.5,0.0
1,72400,PICNIC_BASKET2,30266.0,19.0,30265.0,17.0,,,30272,36,,,,,30269.0,0.0
1,72500,PICNIC_BASKET2,30266.0,2.0,30265.0,39.0,,,30268,1,30271.0,2.0,30272.0,39.0,30267.0,0.0
1,72600,PICNIC_BASKET2,30269.0,7.0,30268.0,30.0,,,30275,41,,,,,30272.0,0.0
1,72700,PICNIC_BASKET2,30271.0,36.0,,,,,30277,11,30278.0,25.0,,,30274.0,0.0
1,72800,PICNIC_BASKET2,30269.0,2.0,30268.0,37.0,,,30271,2,30274.0,22.0,30275.0,17.0,30270.0,0.0
1,72900,PICNIC_BASKET2,30267.0,1.0,30266.0,37.0,,,30272,16,30273.0,22.0,,,30269.5,0.0
1,73000,PICNIC_BASKET2,30267.0,41.0,,,,,30270,8,30274.0,41.0,,,30268.5,0.0
1,73100,PICNIC_BASKET2,30267.0,18.0,30266.0,19.0,,,30272,1,30273.0,36.0,,,30269.5,0.0
1,73200,PICNIC_BASKET2,30265.0,1.0,30264.0,34.0,,,30270,17,30271.0,18.0,,,30267.5,0.0
1,73300,PICNIC_BASKET2,30268.0,2.0,30267.0,33.0,,,30273,2,30274.0,33.0,,,30270.5,0.0
1,73400,PICNIC_BASKET2,30265.0,45.0,,,,,30271,20,30272.0,25.0,,,30268.0,0.0
1,73500,PICNIC_BASKET2,30269.0,1.0,30268.0,41.0,,,30274,19,30275.0,23.0,,,30271.5,0.0
1,73600,PICNIC_BASKET2,30268.0,37.0,,,,,30274,19,30275.0,18.0,,,30271.0,0.0
1,73700,PICNIC_BASKET2,30267.0,13.0,30266.0,26.0,,,30273,39,,,,,30270.0,0.0
1,73800,PICNIC_BASKET2,30267.0,30.0,,,,,30273,14,30274.0,16.0,,,30270.0,0.0
1,73900,PICNIC_BASKET2,30272.0,7.0,30269.0,42.0,,,30275,13,30276.0,29.0,,,30273.5,0.0
1,74000,PICNIC_BASKET2,30267.0,13.0,30266.0,24.0,,,30272,2,30273.0,35.0,,,30269.5,0.0
1,74100,PICNIC_BASKET2,30268.0,1.0,30267.0,34.0,,,30273,16,30274.0,19.0,,,30270.5,0.0
1,74200,PICNIC_BASKET2,30265.0,1.0,30264.0,26.0,,,30270,12,30271.0,15.0,,,30267.5,0.0
1,74300,PICNIC_BASKET2,30262.0,1.0,30261.0,37.0,,,30267,1,30268.0,37.0,,,30264.5,0.0
1,74400,PICNIC_BASKET2,30260.0,7.0,30258.0,12.0,30257.0,25.0,30263,2,30264.0,35.0,,,30261.5,0.0
1,74500,PICNIC_BASKET2,30261.0,2.0,30260.0,27.0,,,30266,13,30267.0,16.0,,,30263.5,0.0
1,74600,PICNIC_BASKET2,30259.0,31.0,,,,,30265,13,30266.0,18.0,,,30262.0,0.0
1,74700,PICNIC_BASKET2,30263.0,1.0,30262.0,40.0,,,30268,12,30269.0,29.0,,,30265.5,0.0
1,74800,PICNIC_BASKET2,30261.0,2.0,30260.0,42.0,,,30266,2,30267.0,42.0,,,30263.5,0.0
1,74900,PICNIC_BASKET2,30259.0,1.0,30258.0,44.0,,,30264,1,30265.0,44.0,,,30261.5,0.0
1,75000,PICNIC_BASKET2,30259.0,21.0,30258.0,30.0,,,30264,1,30265.0,50.0,,,30261.5,0.0
1,75100,PICNIC_BASKET2,30258.0,16.0,30257.0,25.0,,,30263,2,30264.0,39.0,,,30260.5,0.0
1,75200,PICNIC_BASKET2,30254.0,1.0,30253.0,36.0,,,30259,1,30260.0,36.0,,,30256.5,0.0
1,75300,PICNIC_BASKET2,30250.0,1.0,30249.0,31.0,,,30255,17,30256.0,15.0,,,30252.5,0.0
1,75400,PICNIC_BASKET2,30253.0,17.0,30252.0,25.0,,,30259,42,,,,,30256.0,0.0
1,75500,PICNIC_BASKET2,30252.0,16.0,30251.0,16.0,,,30257,1,30258.0,31.0,,,30254.5,0.0
1,75600,PICNIC_BASKET2,30252.0,15.0,30251.0,19.0,,,30257,2,30258.0,32.0,,,30254.5,0.0
1,75700,PICNIC_BASKET2,30247.0,17.0,30246.0,27.0,,,30249,2,30253.0,44.0,,,30248.0,0.0
1,75800,PICNIC_BASKET2,30245.0,15.0,30244.0,25.0,,,30250,2,30251.0,38.0,,,30247.5,0.0
1,75900,PICNIC_BASKET2,30246.0,13.0,30245.0,20.0,,,30251,2,30252.0,31.0,,,30248.5,0.0
1,76000,PICNIC_BASKET2,30251.0,5.0,30246.0,16.0,30245.0,15.0,30252,31,,,,,30251.5,0.0
1,76100,PICNIC_BASKET2,30246.0,10.0,30245.0,19.0,,,30252,29,,,,,30249.0,0.0
1,76200,PICNIC_BASKET2,30243.0,12.0,30242.0,17.0,,,30245,7,30249.0,29.0,,,30244.0,0.0
1,76300,PICNIC_BASKET2,30245.0,1.0,30244.0,40.0,,,30250,1,30251.0,40.0,,,30247.5,0.0
1,76400,PICNIC_BASKET2,30242.0,50.0,,,,,30248,20,30249.0,30.0,,,30245.0,0.0
1,76500,PICNIC_BASKET2,30242.0,19.0,30241.0,25.0,,,30248,44,,,,,30245.0,0.0
1,76600,PICNIC_BASKET2,30243.0,38.0,,,,,30249,15,30250.0,23.0,,,30246.0,0.0
1,76700,PICNIC_BASKET2,30241.0,44.0,,,,,30244,7,30247.0,20.0,30248.0,24.0,30242.5,0.0
1,76800,PICNIC_BASKET2,30241.0,14.0,30240.0,24.0,,,30243,3,30247.0,38.0,,,30242.0,0.0
1,76900,PICNIC_BASKET2,30246.0,6.0,30241.0,22.0,30240.0,27.0,30247,22,30248.0,27.0,,,30246.5,0.0
1,77000,PICNIC_BASKET2,30241.0,20.0,30240.0,26.0,,,30247,46,,,,,30244.0,0.0
1,77100,PICNIC_BASKET2,30239.0,30.0,,,,,30245,11,30246.0,19.0,,,30242.0,0.0
1,77200,PICNIC_BASKET2,30242.0,12.0,30241.0,30.0,,,30248,42,,,,,30245.0,0.0
1,77300,PICNIC_BASKET2,30247.0,16.0,30246.0,20.0,,,30252,1,30253.0,35.0,,,30249.5,0.0
1,77400,PICNIC_BASKET2,30248.0,2.0,30247.0,30.0,,,30253,2,30254.0,30.0,,,30250.5,0.0
1,77500,PICNIC_BASKET2,30251.0,1.0,30250.0,46.0,,,30256,1,30257.0,46.0,,,30253.5,0.0
1,77600,PICNIC_BASKET2,30253.0,41.0,,,,,30259,11,30260.0,30.0,,,30256.0,0.0
1,77700,PICNIC_BASKET2,30256.0,1.0,30255.0,43.0,,,30261,19,30262.0,25.0,,,30258.5,0.0
1,77800,PICNIC_BASKET2,30255.0,42.0,,,,,30261,17,30262.0,25.0,,,30258.0,0.0
1,77900,PICNIC_BASKET2,30254.0,2.0,30253.0,25.0,,,30259,12,30260.0,15.0,,,30256.5,0.0
1,78000,PICNIC_BASKET2,30252.0,39.0,,,,,30258,14,30259.0,25.0,,,30255.0,0.0
1,78100,PICNIC_BASKET2,30253.0,1.0,30250.0,34.0,,,30256,16,30257.0,18.0,,,30254.5,0.0
1,78200,PICNIC_BASKET2,30252.0,15.0,30251.0,26.0,,,30258,41,,,,,30255.0,0.0
1,78300,PICNIC_BASKET2,30252.0,12.0,30251.0,21.0,,,30258,33,,,,,30255.0,0.0
1,78400,PICNIC_BASKET2,30250.0,14.0,30249.0,18.0,,,30256,32,,,,,30253.0,0.0
1,78500,PICNIC_BASKET2,30251.0,16.0,30250.0,21.0,,,30256,2,30257.0,35.0,,,30253.5,0.0
1,78600,PICNIC_BASKET2,30252.0,37.0,,,,,30258,14,30259.0,23.0,,,30255.0,0.0
1,78700,PICNIC_BASKET2,30251.0,1.0,30250.0,36.0,,,30256,1,30257.0,36.0,,,30253.5,0.0
1,78800,PICNIC_BASKET2,30252.0,7.0,30250.0,12.0,30249.0,23.0,30256,35,,,,,30254.0,0.0
1,78900,PICNIC_BASKET2,30250.0,20.0,30249.0,26.0,,,30255,1,30256.0,45.0,,,30252.5,0.0
1,79000,PICNIC_BASKET2,30250.0,16.0,30249.0,16.0,,,30255,1,30256.0,31.0,,,30252.5,0.0
1,79100,PICNIC_BASKET2,30251.0,41.0,,,,,30257,18,30258.0,23.0,,,30254.0,0.0
1,79200,PICNIC_BASKET2,30256.0,2.0,30255.0,41.0,,,30261,22,30262.0,21.0,,,30258.5,0.0
1,79300,PICNIC_BASKET2,30257.0,13.0,30256.0,26.0,,,30262,1,30263.0,38.0,,,30259.5,0.0
1,79400,PICNIC_BASKET2,30262.0,2.0,30257.0,32.0,,,30263,15,30264.0,17.0,,,30262.5,0.0
1,79500,PICNIC_BASKET2,30255.0,2.0,30254.0,39.0,,,30260,16,30261.0,25.0,,,30257.5,0.0
1,79600,PICNIC_BASKET2,30254.0,2.0,30253.0,39.0,,,30259,17,30260.0,24.0,,,30256.5,0.0
1,79700,PICNIC_BASKET2,30261.0,8.0,30259.0,17.0,30258.0,26.0,30265,43,,,,,30263.0,0.0
1,79800,PICNIC_BASKET2,30257.0,44.0,,,,,30263,17,30264.0,27.0,,,30260.0,0.0
1,79900,PICNIC_BASKET2,30265.0,1.0,30263.0,21.0,30262.0,18.0,30268,1,30269.0,38.0,,,30266.5,0.0
1,80000,PICNIC_BASKET2,30267.0,39.0,,,,,30273,22,30274.0,17.0,,,30270.0,0.0
1,80100,PICNIC_BASKET2,30265.0,1.0,30264.0,43.0,,,30270,20,30271.0,24.0,,,30267.5,0.0
1,80200,PICNIC_BASKET2,30266.0,19.0,30265.0,22.0,,,30272,41,,,,,30269.0,0.0
1,80300,PICNIC_BASKET2,30270.0,1.0,30269.0,42.0,,,30275,15,30276.0,28.0,,,30272.5,0.0
1,80400,PICNIC_BASKET2,30270.0,13.0,30269.0,27.0,,,30275,2,30276.0,38.0,,,30272.5,0.0
1,80500,PICNIC_BASKET2,30270.0,1.0,30269.0,36.0,,,30275,1,30276.0,36.0,,,30272.5,0.0
1,80600,PICNIC_BASKET2,30271.0,19.0,30270.0,22.0,,,30276,1,30277.0,40.0,,,30273.5,0.0
1,80700,PICNIC_BASKET2,30270.0,2.0,30269.0,45.0,,,30275,19,30276.0,28.0,,,30272.5,0.0
1,80800,PICNIC_BASKET2,30269.0,17.0,30268.0,16.0,,,30274,2,30275.0,31.0,,,30271.5,0.0
1,80900,PICNIC_BASKET2,30269.0,18.0,30268.0,16.0,,,30274,1,30275.0,33.0,,,30271.5,0.0
1,81000,PICNIC_BASKET2,30268.0,1.0,30267.0,43.0,,,30273,1,30274.0,43.0,,,30270.5,0.0
1,81100,PICNIC_BASKET2,30265.0,2.0,30264.0,33.0,,,30270,13,30271.0,22.0,,,30267.5,0.0
1,81200,PICNIC_BASKET2,30269.0,1.0,30268.0,42.0,,,30274,1,30275.0,42.0,,,30271.5,0.0
1,81300,PICNIC_BASKET2,30268.0,2.0,30267.0,37.0,,,30273,12,30274.0,27.0,,,30270.5,0.0
1,81400,PICNIC_BASKET2,30271.0,13.0,30270.0,16.0,,,30276,1,30277.0,28.0,,,30273.5,0.0
1,81500,PICNIC_BASKET2,30271.0,20.0,30270.0,15.0,,,30277,35,,,,,30274.0,0.0
1,81600,PICNIC_BASKET2,30269.0,38.0,,,,,30272,1,30275.0,19.0,30276.0,19.0,30270.5,0.0
1,81700,PICNIC_BASKET2,30271.0,2.0,30270.0,44.0,,,30276,19,30277.0,27.0,,,30273.5,0.0
1,81800,PICNIC_BASKET2,30270.0,12.0,30269.0,28.0,,,30272,5,30276.0,40.0,,,30271.0,0.0
1,81900,PICNIC_BASKET2,30269.0,36.0,,,,,30275,16,30276.0,20.0,,,30272.0,0.0
1,82000,PICNIC_BASKET2,30267.0,12.0,30266.0,23.0,,,30272,1,30273.0,34.0,,,30269.5,0.0
1,82100,PICNIC_BASKET2,30265.0,16.0,30264.0,26.0,,,30271,42,,,,,30268.0,0.0
1,82200,PICNIC_BASKET2,30263.0,36.0,,,,,30269,10,30270.0,26.0,,,30266.0,0.0
1,82300,PICNIC_BASKET2,30263.0,18.0,30262.0,26.0,,,30268,2,30269.0,42.0,,,30265.5,0.0
1,82400,PICNIC_BASKET2,30263.0,1.0,30262.0,41.0,,,30268,14,30269.0,28.0,,,30265.5,0.0
1,82500,PICNIC_BASKET2,30267.0,1.0,30266.0,34.0,,,30272,1,30273.0,34.0,,,30269.5,0.0
1,82600,PICNIC_BASKET2,30264.0,20.0,30263.0,18.0,,,30270,38,,,,,30267.0,0.0
1,82700,PICNIC_BASKET2,30265.0,1.0,30264.0,41.0,,,30270,21,30271.0,21.0,,,30267.5,0.0
1,82800,PICNIC_BASKET2,30265.0,13.0,30264.0,23.0,,,30271,13,30272.0,23.0,,,30268.0,0.0
1,82900,PICNIC_BASKET2,30266.0,1.0,30265.0,45.0,,,30271,17,30272.0,29.0,,,30268.5,0.0
1,83000,PICNIC_BASKET2,30266.0,2.0,30265.0,44.0,,,30271,17,30272.0,29.0,,,30268.5,0.0
1,83100,PICNIC_BASKET2,30262.0,18.0,30261.0,30.0,,,30268,48,,,,,30265.0,0.0
1,83200,PICNIC_BASKET2,30261.0,14.0,30260.0,20.0,,,30267,14,30268.0,20.0,,,30264.0,0.0
1,83300,PICNIC_BASKET2,30266.0,20.0,30265.0,25.0,,,30271,1,30272.0,44.0,,,30268.5,0.0
1,83400,PICNIC_BASKET2,30269.0,13.0,30268.0,30.0,,,30274,1,30275.0,42.0,,,30271.5,0.0
1,83500,PICNIC_BASKET2,30268.0,28.0,,,,,30274,13,30275.0,15.0,,,30271.0,0.0
1,83600,PICNIC_BASKET2,30262.0,20.0,30261.0,24.0,,,30268,44,,,,,30265.0,0.0
1,83700,PICNIC_BASKET2,30262.0,11.0,30261.0,23.0,,,30268,34,,,,,30265.0,0.0
1,83800,PICNIC_BASKET2,30263.0,28.0,,,,,30269,11,30270.0,17.0,,,30266.0,0.0
1,83900,PICNIC_BASKET2,30261.0,14.0,30260.0,17.0,,,30266,1,30267.0,30.0,,,30263.5,0.0
1,84000,PICNIC_BASKET2,30267.0,34.0,,,,,30273,12,30274.0,22.0,,,30270.0,0.0
1,84100,PICNIC_BASKET2,30273.0,13.0,30272.0,30.0,,,30279,13,30280.0,30.0,,,30276.0,0.0
1,84200,PICNIC_BASKET2,30274.0,2.0,30273.0,35.0,,,30279,16,30280.0,21.0,,,30276.5,0.0
1,84300,PICNIC_BASKET2,30276.0,12.0,30275.0,25.0,,,30282,37,,,,,30279.0,0.0
1,84400,PICNIC_BASKET2,30273.0,38.0,,,,,30279,21,30280.0,17.0,,,30276.0,0.0
1,84500,PICNIC_BASKET2,30277.0,21.0,30276.0,27.0,,,30282,1,30283.0,47.0,,,30279.5,0.0
1,84600,PICNIC_BASKET2,30278.0,14.0,30277.0,23.0,,,30284,37,,,,,30281.0,0.0
1,84700,PICNIC_BASKET2,30284.0,3.0,30281.0,30.0,,,30287,15,30288.0,15.0,,,30285.5,0.0
1,84800,PICNIC_BASKET2,30284.0,18.0,30283.0,18.0,,,30290,36,,,,,30287.0,0.0
1,84900,PICNIC_BASKET2,30281.0,42.0,,,,,30288,42,,,,,30284.5,0.0
1,85000,PICNIC_BASKET2,30279.0,20.0,30278.0,16.0,,,30284,1,30285.0,35.0,,,30281.5,0.0
1,85100,PICNIC_BASKET2,30276.0,11.0,30275.0,15.0,,,30281,1,30282.0,25.0,,,30278.5,0.0
1,85200,PICNIC_BASKET2,30274.0,11.0,30273.0,27.0,,,30280,38,,,,,30277.0,0.0
1,85300,PICNIC_BASKET2,30274.0,2.0,30273.0,30.0,,,30279,13,30280.0,19.0,,,30276.5,0.0
1,85400,PICNIC_BASKET2,30275.0,11.0,30274.0,17.0,,,30280,1,30281.0,27.0,,,30277.5,0.0
1,85500,PICNIC_BASKET2,30275.0,40.0,,,,,30281,20,30282.0,20.0,,,30278.0,0.0
1,85600,PICNIC_BASKET2,30272.0,39.0,,,,,30278,12,30279.0,27.0,,,30275.0,0.0
1,85700,PICNIC_BASKET2,30273.0,12.0,30272.0,23.0,,,30279,35,,,,,30276.0,0.0
1,85800,PICNIC_BASKET2,30271.0,2.0,30270.0,43.0,,,30276,18,30277.0,27.0,,,30273.5,0.0
1,85900,PICNIC_BASKET2,30271.0,1.0,30270.0,29.0,,,30276,12,30277.0,18.0,,,30273.5,0.0
1,86000,PICNIC_BASKET2,30270.0,15.0,30269.0,19.0,,,30276,34,,,,,30273.0,0.0
1,86100,PICNIC_BASKET2,30270.0,2.0,30268.0,2.0,30267.0,40.0,30273,14,30274.0,28.0,,,30271.5,0.0
1,86200,PICNIC_BASKET2,30266.0,36.0,,,,,30272,16,30273.0,20.0,,,30269.0,0.0
1,86300,PICNIC_BASKET2,30267.0,18.0,30266.0,19.0,,,30272,2,30273.0,35.0,,,30269.5,0.0
1,86400,PICNIC_BASKET2,30265.0,41.0,,,,,30271,16,30272.0,25.0,,,30268.0,0.0
1,86500,PICNIC_BASKET2,30267.0,15.0,30266.0,22.0,,,30273,15,30274.0,22.0,,,30270.0,0.0
1,86600,PICNIC_BASKET2,30269.0,16.0,30268.0,24.0,,,30275,40,,,,,30272.0,0.0
1,86700,PICNIC_BASKET2,30270.0,36.0,,,,,30277,36,,,,,30273.5,0.0
1,86800,PICNIC_BASKET2,30277.0,13.0,30276.0,28.0,,,30283,41,,,,,30280.0,0.0
1,86900,PICNIC_BASKET2,30276.0,19.0,30275.0,24.0,,,30282,43,,,,,30279.0,0.0
1,87000,PICNIC_BASKET2,30280.0,1.0,30279.0,43.0,,,30285,15,30286.0,29.0,,,30282.5,0.0
1,87100,PICNIC_BASKET2,30278.0,37.0,,,,,30281,6,30284.0,19.0,30285.0,18.0,30279.5,0.0
1,87200,PICNIC_BASKET2,30276.0,36.0,,,,,30283,36,,,,,30279.5,0.0
1,87300,PICNIC_BASKET2,30275.0,16.0,30274.0,25.0,,,30280,2,30281.0,39.0,,,30277.5,0.0
1,87400,PICNIC_BASKET2,30276.0,1.0,30275.0,36.0,,,30281,11,30282.0,26.0,,,30278.5,0.0
1,87500,PICNIC_BASKET2,30274.0,19.0,30273.0,17.0,,,30279,1,30280.0,35.0,,,30276.5,0.0
1,87600,PICNIC_BASKET2,30273.0,2.0,30272.0,39.0,,,30278,14,30279.0,27.0,,,30275.5,0.0
1,87700,PICNIC_BASKET2,30273.0,14.0,30272.0,26.0,,,30279,14,30280.0,26.0,,,30276.0,0.0
1,87800,PICNIC_BASKET2,30271.0,17.0,30270.0,25.0,,,30276,2,30277.0,40.0,,,30273.5,0.0
1,87900,PICNIC_BASKET2,30271.0,16.0,30270.0,28.0,,,30276,2,30277.0,42.0,,,30273.5,0.0
1,88000,PICNIC_BASKET2,30273.0,2.0,30272.0,41.0,,,30278,20,30279.0,23.0,,,30275.5,0.0
1,88100,PICNIC_BASKET2,30277.0,13.0,30276.0,23.0,,,30282,1,30283.0,35.0,,,30279.5,0.0
1,88200,PICNIC_BASKET2,30281.0,45.0,,,,,30287,19,30288.0,26.0,,,30284.0,0.0
1,88300,PICNIC_BASKET2,30283.0,1.0,30282.0,28.0,,,30288,11,30289.0,18.0,,,30285.5,0.0
1,88400,PICNIC_BASKET2,30279.0,1.0,30278.0,43.0,,,30284,1,30285.0,43.0,,,30281.5,0.0
1,88500,PICNIC_BASKET2,30278.0,19.0,30277.0,29.0,,,30284,48,,,,,30281.0,0.0
1,88600,PICNIC_BASKET2,30276.0,43.0,,,,,30282,16,30283.0,27.0,,,30279.0,0.0
1,88700,PICNIC_BASKET2,30277.0,12.0,30276.0,29.0,,,30282,2,30283.0,39.0,,,30279.5,0.0
1,88800,PICNIC_BASKET2,30278.0,2.0,30277.0,41.0,,,30283,17,30284.0,26.0,,,30280.5,0.0
1,88900,PICNIC_BASKET2,30278.0,1.0,30277.0,42.0,,,30283,1,30284.0,42.0,,,30280.5,0.0
1,89000,PICNIC_BASKET2,30278.0,18.0,30277.0,22.0,,,30283,2,30284.0,38.0,,,30280.5,0.0
1,89100,PICNIC_BASKET2,30276.0,17.0,30275.0,23.0,,,30282,40,,,,,30279.0,0.0
1,89200,PICNIC_BASKET2,30277.0,19.0,30276.0,21.0,,,30282,2,30283.0,38.0,,,30279.5,0.0
1,89300,PICNIC_BASKET2,30276.0,36.0,,,,,30282,14,30283.0,30.0,,,30279.0,0.0
1,89400,PICNIC_BASKET2,30278.0,17.0,30277.0,26.0,,,30283,1,30284.0,42.0,,,30280.5,0.0
1,89500,PICNIC_BASKET2,30279.0,2.0,30278.0,41.0,,,30284,17,30285.0,26.0,,,30281.5,0.0
1,89600,PICNIC_BASKET2,30280.0,19.0,30279.0,25.0,,,30285,2,30286.0,42.0,,,30282.5,0.0
1,89700,PICNIC_BASKET2,30283.0,19.0,30282.0,23.0,,,30288,2,30289.0,40.0,,,30285.5,0.0
1,89800,PICNIC_BASKET2,30279.0,47.0,,,,,30285,18,30286.0,29.0,,,30282.0,0.0
1,89900,PICNIC_BASKET2,30279.0,2.0,30278.0,38.0,,,30284,18,30285.0,22.0,,,30281.5,0.0
1,90000,PICNIC_BASKET2,30276.0,34.0,,,,,30282,19,30283.0,15.0,,,30279.0,0.0
1,90100,PICNIC_BASKET2,30274.0,1.0,30273.0,41.0,,,30279,1,30280.0,41.0,,,30276.5,0.0
1,90200,PICNIC_BASKET2,30280.0,2.0,30279.0,35.0,,,30285,21,30286.0,16.0,,,30282.5,0.0
1,90300,PICNIC_BASKET2,30280.0,39.0,,,,,30287,39,,,,,30283.5,0.0
1,90400,PICNIC_BASKET2,30277.0,35.0,,,,,30283,20,30284.0,15.0,,,30280.0,0.0
1,90500,PICNIC_BASKET2,30278.0,14.0,30277.0,26.0,,,30283,1,30284.0,39.0,,,30280.5,0.0
1,90600,PICNIC_BASKET2,30279.0,21.0,30278.0,20.0,,,30284,2,30285.0,39.0,,,30281.5,0.0
1,90700,PICNIC_BASKET2,30276.0,15.0,30275.0,21.0,,,30282,36,,,,,30279.0,0.0
1,90800,PICNIC_BASKET2,30276.0,11.0,30275.0,30.0,,,30282,41,,,,,30279.0,0.0
1,90900,PICNIC_BASKET2,30275.0,10.0,30274.0,16.0,,,30281,26,,,,,30278.0,0.0
1,91000,PICNIC_BASKET2,30272.0,2.0,30271.0,48.0,,,30277,22,30278.0,28.0,,,30274.5,0.0
1,91100,PICNIC_BASKET2,30270.0,5.0,30267.0,50.0,,,30274,50,,,,,30272.0,0.0
1,91200,PICNIC_BASKET2,30267.0,1.0,30266.0,42.0,,,30272,1,30273.0,42.0,,,30269.5,0.0
1,91300,PICNIC_BASKET2,30268.0,15.0,30267.0,30.0,,,30274,45,,,,,30271.0,0.0
1,91400,PICNIC_BASKET2,30269.0,19.0,30268.0,20.0,,,30274,2,30275.0,37.0,,,30271.5,0.0
1,91500,PICNIC_BASKET2,30269.0,11.0,30268.0,18.0,,,30275,11,30276.0,18.0,,,30272.0,0.0
1,91600,PICNIC_BASKET2,30269.0,46.0,,,,,30275,19,30276.0,27.0,,,30272.0,0.0
1,91700,PICNIC_BASKET2,30267.0,32.0,,,,,30273,15,30274.0,17.0,,,30270.0,0.0
1,91800,PICNIC_BASKET2,30268.0,1.0,30267.0,30.0,,,30273,14,30274.0,17.0,,,30270.5,0.0
1,91900,PICNIC_BASKET2,30267.0,1.0,30266.0,40.0,,,30272,1,30273.0,40.0,,,30269.5,0.0
1,92000,PICNIC_BASKET2,30263.0,12.0,30262.0,18.0,,,30269,30,,,,,30266.0,0.0
1,92100,PICNIC_BASKET2,30266.0,38.0,,,,,30272,13,30273.0,28.0,,,30269.0,0.0
1,92200,PICNIC_BASKET2,30267.0,35.0,,,,,30273,10,30274.0,25.0,,,30270.0,0.0
1,92300,PICNIC_BASKET2,30267.0,1.0,30266.0,43.0,,,30272,1,30273.0,43.0,,,30269.5,0.0
1,92400,PICNIC_BASKET2,30263.0,10.0,30262.0,20.0,,,30269,30,,,,,30266.0,0.0
1,92500,PICNIC_BASKET2,30266.0,2.0,30265.0,46.0,,,30271,21,30272.0,27.0,,,30268.5,0.0
1,92600,PICNIC_BASKET2,30265.0,34.0,,,,,30271,13,30272.0,21.0,,,30268.0,0.0
1,92700,PICNIC_BASKET2,30269.0,13.0,30268.0,26.0,,,30275,39,,,,,30272.0,0.0
1,92800,PICNIC_BASKET2,30275.0,4.0,30271.0,1.0,30270.0,37.0,30276,11,30277.0,27.0,,,30275.5,0.0
1,92900,PICNIC_BASKET2,30268.0,12.0,30267.0,20.0,,,30274,32,,,,,30271.0,0.0
1,93000,PICNIC_BASKET2,30267.0,12.0,30266.0,20.0,,,30273,32,,,,,30270.0,0.0
1,93100,PICNIC_BASKET2,30265.0,2.0,30264.0,36.0,,,30270,13,30271.0,25.0,,,30267.5,0.0
1,93200,PICNIC_BASKET2,30262.0,13.0,30261.0,26.0,,,30268,39,,,,,30265.0,0.0
1,93300,PICNIC_BASKET2,30265.0,12.0,30264.0,16.0,,,30271,28,,,,,30268.0,0.0
1,93400,PICNIC_BASKET2,30263.0,37.0,,,,,30269,18,30270.0,19.0,,,30266.0,0.0
1,93500,PICNIC_BASKET2,30263.0,1.0,30262.0,34.0,,,30268,1,30269.0,34.0,,,30265.5,0.0
1,93600,PICNIC_BASKET2,30261.0,35.0,,,,,30267,17,30268.0,18.0,,,30264.0,0.0
1,93700,PICNIC_BASKET2,30265.0,17.0,30264.0,26.0,,,30271,43,,,,,30268.0,0.0
1,93800,PICNIC_BASKET2,30267.0,1.0,30266.0,37.0,,,30272,1,30273.0,37.0,,,30269.5,0.0
1,93900,PICNIC_BASKET2,30268.0,14.0,30267.0,30.0,,,30274,44,,,,,30271.0,0.0
1,94000,PICNIC_BASKET2,30267.0,11.0,30266.0,19.0,,,30273,30,,,,,30270.0,0.0
1,94100,PICNIC_BASKET2,30265.0,1.0,30264.0,37.0,,,30270,16,30271.0,22.0,,,30267.5,0.0
1,94200,PICNIC_BASKET2,30262.0,36.0,,,,,30268,11,30269.0,25.0,,,30265.0,0.0
1,94300,PICNIC_BASKET2,30264.0,19.0,30263.0,30.0,,,30269,2,30270.0,47.0,,,30266.5,0.0
1,94400,PICNIC_BASKET2,30263.0,13.0,30262.0,21.0,,,30265,4,30268.0,1.0,30269.0,33.0,30264.0,0.0
1,94500,PICNIC_BASKET2,30257.0,38.0,,,,,30263,18,30264.0,20.0,,,30260.0,0.0
1,94600,PICNIC_BASKET2,30252.0,33.0,,,,,30259,33,,,,,30255.5,0.0
1,94700,PICNIC_BASKET2,30254.0,16.0,30253.0,26.0,,,30259,1,30260.0,41.0,,,30256.5,0.0
1,94800,PICNIC_BASKET2,30255.0,1.0,30254.0,39.0,,,30260,1,30261.0,39.0,,,30257.5,0.0
1,94900,PICNIC_BASKET2,30254.0,2.0,30253.0,39.0,,,30259,20,30260.0,21.0,,,30256.5,0.0
1,95000,PICNIC_BASKET2,30252.0,1.0,30251.0,43.0,,,30257,1,30258.0,43.0,,,30254.5,0.0
1,95100,PICNIC_BASKET2,30249.0,2.0,30248.0,31.0,,,30254,2,30255.0,31.0,,,30251.5,0.0
1,95200,PICNIC_BASKET2,30247.0,16.0,30246.0,26.0,,,30253,42,,,,,30250.0,0.0
1,95300,PICNIC_BASKET2,30248.0,14.0,30247.0,30.0,,,30254,44,,,,,30251.0,0.0
1,95400,PICNIC_BASKET2,30251.0,2.0,30250.0,40.0,,,30253,5,30256.0,13.0,30257.0,29.0,30252.0,0.0
1,95500,PICNIC_BASKET2,30248.0,20.0,30247.0,27.0,,,30254,47,,,,,30251.0,0.0
1,95600,PICNIC_BASKET2,30250.0,1.0,30247.0,44.0,,,30254,44,,,,,30252.0,0.0
1,95700,PICNIC_BASKET2,30245.0,2.0,30244.0,38.0,,,30250,13,30251.0,27.0,,,30247.5,0.0
1,95800,PICNIC_BASKET2,30245.0,21.0,30244.0,30.0,,,30250,1,30251.0,50.0,,,30247.5,0.0
1,95900,PICNIC_BASKET2,30242.0,2.0,30241.0,45.0,,,30247,19,30248.0,28.0,,,30244.5,0.0
1,96000,PICNIC_BASKET2,30240.0,1.0,30239.0,43.0,,,30245,1,30246.0,43.0,,,30242.5,0.0
1,96100,PICNIC_BASKET2,30240.0,21.0,30239.0,22.0,,,30245,1,30246.0,42.0,,,30242.5,0.0
1,96200,PICNIC_BASKET2,30243.0,1.0,30242.0,33.0,,,30248,11,30249.0,23.0,,,30245.5,0.0
1,96300,PICNIC_BASKET2,30242.0,34.0,,,,,30248,12,30249.0,22.0,,,30245.0,0.0
1,96400,PICNIC_BASKET2,30243.0,2.0,30242.0,30.0,,,30248,12,30249.0,20.0,,,30245.5,0.0
1,96500,PICNIC_BASKET2,30245.0,7.0,30243.0,18.0,30242.0,24.0,30248,2,30249.0,40.0,,,30246.5,0.0
1,96600,PICNIC_BASKET2,30245.0,19.0,30244.0,29.0,,,30250,1,30251.0,47.0,,,30247.5,0.0
1,96700,PICNIC_BASKET2,30243.0,38.0,,,,,30249,12,30250.0,26.0,,,30246.0,0.0
1,96800,PICNIC_BASKET2,30239.0,20.0,30238.0,25.0,,,30245,20,30246.0,25.0,,,30242.0,0.0
1,96900,PICNIC_BASKET2,30239.0,1.0,30238.0,27.0,,,30244,1,30245.0,27.0,,,30241.5,0.0
1,97000,PICNIC_BASKET2,30240.0,14.0,30239.0,22.0,,,30245,1,30246.0,35.0,,,30242.5,0.0
1,97100,PICNIC_BASKET2,30237.0,16.0,30236.0,20.0,,,30243,36,,,,,30240.0,0.0
1,97200,PICNIC_BASKET2,30236.0,11.0,30235.0,17.0,,,30242,28,,,,,30239.0,0.0
1,97300,PICNIC_BASKET2,30240.0,28.0,,,,,30247,28,,,,,30243.5,0.0
1,97400,PICNIC_BASKET2,30243.0,17.0,30242.0,24.0,,,30249,41,,,,,30246.0,0.0
1,97500,PICNIC_BASKET2,30241.0,18.0,30240.0,20.0,,,30247,38,,,,,30244.0,0.0
1,97600,PICNIC_BASKET2,30243.0,2.0,30242.0,40.0,,,30248,12,30249.0,30.0,,,30245.5,0.0
1,97700,PICNIC_BASKET2,30242.0,19.0,30241.0,18.0,,,30247,2,30248.0,35.0,,,30244.5,0.0
1,97800,PICNIC_BASKET2,30245.0,2.0,30244.0,39.0,,,30250,2,30251.0,39.0,,,30247.5,0.0
1,97900,PICNIC_BASKET2,30239.0,30.0,,,,,30245,14,30246.0,16.0,,,30242.0,0.0
1,98000,PICNIC_BASKET2,30243.0,2.0,30242.0,41.0,,,30248,18,30249.0,25.0,,,30245.5,0.0
1,98100,PICNIC_BASKET2,30245.0,31.0,,,,,30251,13,30252.0,18.0,,,30248.0,0.0
1,98200,PICNIC_BASKET2,30243.0,32.0,,,,,30249,16,30250.0,16.0,,,30246.0,0.0
1,98300,PICNIC_BASKET2,30244.0,36.0,,,,,30250,13,30251.0,23.0,,,30247.0,0.0
1,98400,PICNIC_BASKET2,30245.0,1.0,30244.0,42.0,,,30250,17,30251.0,26.0,,,30247.5,0.0
1,98500,PICNIC_BASKET2,30244.0,12.0,30243.0,25.0,,,30249,2,30250.0,35.0,,,30246.5,0.0
1,98600,PICNIC_BASKET2,30241.0,46.0,,,,,30244,3,30247.0,20.0,30248.0,26.0,30242.5,0.0
1,98700,PICNIC_BASKET2,30239.0,18.0,30238.0,26.0,,,30244,1,30245.0,43.0,,,30241.5,0.0
1,98800,PICNIC_BASKET2,30241.0,21.0,30240.0,26.0,,,30246,2,30247.0,45.0,,,30243.5,0.0
1,98900,PICNIC_BASKET2,30241.0,18.0,30240.0,22.0,,,30246,1,30247.0,39.0,,,30243.5,0.0
1,99000,PICNIC_BASKET2,30246.0,15.0,30245.0,29.0,,,30251,1,30252.0,43.0,,,30248.5,0.0
1,99100,PICNIC_BASKET2,30245.0,39.0,,,,,30251,16,30252.0,23.0,,,30248.0,0.0
1,99200,PICNIC_BASKET2,30250.0,5.0,30245.0,40.0,,,30251,18,30252.0,22.0,,,30250.5,0.0
1,99300,PICNIC_BASKET2,30244.0,33.0,,,,,30250,14,30251.0,19.0,,,30247.0,0.0
1,99400,PICNIC_BASKET2,30241.0,21.0,30240.0,28.0,,,30247,49,,,,,30244.0,0.0
1,99500,PICNIC_BASKET2,30240.0,13.0,30239.0,23.0,,,30246,36,,,,,30243.0,0.0
1,99600,PICNIC_BASKET2,30237.0,34.0,,,,,30240,5,30244.0,34.0,,,30238.5,0.0
1,99700,PICNIC_BASKET2,30232.0,41.0,,,,,30238,12,30239.0,29.0,,,30235.0,0.0
1,99800,PICNIC_BASKET2,30233.0,1.0,30232.0,38.0,,,30238,15,30239.0,24.0,,,30235.5,0.0
1,99900,PICNIC_BASKET2,30230.0,14.0,30229.0,25.0,,,30236,14,30237.0,25.0,,,30233.0,0.0
1,100000,PICNIC_BASKET2,30228.0,1.0,30227.0,41.0,,,30233,14,30234.0,28.0,,,30230.5,0.0
1,100100,PICNIC_BASKET2,30226.0,21.0,30225.0,19.0,,,30231,2,30232.0,38.0,,,30228.5,0.0
1,100200,PICNIC_BASKET2,30228.0,15.0,30227.0,30.0,,,30234,45,,,,,30231.0,0.0
1,100300,PICNIC_BASKET2,30229.0,2.0,30228.0,47.0,,,30234,19,30235.0,30.0,,,30231.5,0.0
1,100400,PICNIC_BASKET2,30226.0,10.0,30225.0,16.0,,,30232,10,30233.0,16.0,,,30229.0,0.0
1,100500,PICNIC_BASKET2,30225.0,42.0,,,,,30231,12,30232.0,30.0,,,30228.0,0.0
1,100600,PICNIC_BASKET2,30226.0,2.0,30225.0,37.0,,,30231,22,30232.0,17.0,,,30228.5,0.0
1,100700,PICNIC_BASKET2,30223.0,39.0,,,,,30229,16,30230.0,23.0,,,30226.0,0.0
1,100800,PICNIC_BASKET2,30222.0,39.0,,,,,30228,10,30229.0,29.0,,,30225.0,0.0
1,100900,PICNIC_BASKET2,30220.0,18.0,30219.0,17.0,,,30226,35,,,,,30223.0,0.0
1,101000,PICNIC_BASKET2,30216.0,2.0,30215.0,41.0,,,30221,18,30222.0,25.0,,,30218.5,0.0
1,101100,PICNIC_BASKET2,30212.0,12.0,30211.0,28.0,,,30218,40,,,,,30215.0,0.0
1,101200,PICNIC_BASKET2,30212.0,34.0,,,,,30215,7,30218.0,13.0,30219.0,21.0,30213.5,0.0
1,101300,PICNIC_BASKET2,30210.0,13.0,30209.0,17.0,,,30216,13,30217.0,17.0,,,30213.0,0.0
1,101400,PICNIC_BASKET2,30212.0,2.0,30211.0,45.0,,,30217,21,30218.0,26.0,,,30214.5,0.0
1,101500,PICNIC_BASKET2,30212.0,1.0,30211.0,30.0,,,30217,16,30218.0,15.0,,,30214.5,0.0
1,101600,PICNIC_BASKET2,30208.0,11.0,30207.0,27.0,,,30214,11,30215.0,27.0,,,30211.0,0.0
1,101700,PICNIC_BASKET2,30204.0,1.0,30203.0,37.0,,,30209,15,30210.0,23.0,,,30206.5,0.0
1,101800,PICNIC_BASKET2,30203.0,1.0,30202.0,40.0,,,30208,17,30209.0,24.0,,,30205.5,0.0
1,101900,PICNIC_BASKET2,30203.0,37.0,,,,,30209,20,30210.0,17.0,,,30206.0,0.0
1,102000,PICNIC_BASKET2,30202.0,1.0,30201.0,30.0,,,30207,14,30208.0,17.0,,,30204.5,0.0
1,102100,PICNIC_BASKET2,30202.0,12.0,30201.0,20.0,,,30208,39,,,,,30205.0,0.0
1,102200,PICNIC_BASKET2,30208.0,12.0,30207.0,25.0,,,30214,37,,,,,30211.0,0.0
1,102300,PICNIC_BASKET2,30204.0,19.0,30203.0,20.0,,,30209,2,30210.0,37.0,,,30206.5,0.0
1,102400,PICNIC_BASKET2,30207.0,14.0,30206.0,15.0,,,30213,29,,,,,30210.0,0.0
1,102500,PICNIC_BASKET2,30209.0,17.0,30208.0,21.0,,,30215,38,,,,,30212.0,0.0
1,102600,PICNIC_BASKET2,30210.0,1.0,30209.0,40.0,,,30215,13,30216.0,28.0,,,30212.5,0.0
1,102700,PICNIC_BASKET2,30213.0,2.0,30212.0,28.0,,,30218,13,30219.0,17.0,,,30215.5,0.0
1,102800,PICNIC_BASKET2,30209.0,1.0,30208.0,40.0,,,30214,1,30215.0,40.0,,,30211.5,0.0
1,102900,PICNIC_BASKET2,30208.0,11.0,30207.0,23.0,,,30214,34,,,,,30211.0,0.0
1,103000,PICNIC_BASKET2,30211.0,1.0,30210.0,45.0,,,30216,20,30217.0,26.0,,,30213.5,0.0
1,103100,PICNIC_BASKET2,30211.0,6.0,30209.0,19.0,30208.0,28.0,30214,1,30215.0,46.0,,,30212.5,0.0
1,103200,PICNIC_BASKET2,30205.0,31.0,,,,,30211,11,30212.0,20.0,,,30208.0,0.0
1,103300,PICNIC_BASKET2,30211.0,45.0,,,,,30217,16,30218.0,29.0,,,30214.0,0.0
1,103400,PICNIC_BASKET2,30212.0,1.0,30211.0,45.0,,,30217,1,30218.0,45.0,,,30214.5,0.0
1,103500,PICNIC_BASKET2,30212.0,2.0,30211.0,35.0,,,30217,16,30218.0,21.0,,,30214.5,0.0
1,103600,PICNIC_BASKET2,30217.0,45.0,,,,,30223,20,30224.0,25.0,,,30220.0,0.0
1,103700,PICNIC_BASKET2,30217.0,35.0,,,,,30223,19,30224.0,16.0,,,30220.0,0.0
1,103800,PICNIC_BASKET2,30215.0,13.0,30214.0,27.0,,,30220,1,30221.0,39.0,,,30217.5,0.0
1,103900,PICNIC_BASKET2,30217.0,1.0,30216.0,32.0,,,30222,17,30223.0,16.0,,,30219.5,0.0
1,104000,PICNIC_BASKET2,30225.0,4.0,30222.0,7.0,30220.0,17.0,30226,41,,,,,30225.5,0.0
1,104100,PICNIC_BASKET2,30219.0,1.0,30218.0,42.0,,,30224,1,30225.0,42.0,,,30221.5,0.0
1,104200,PICNIC_BASKET2,30218.0,43.0,,,,,30225,43,,,,,30221.5,0.0
1,104300,PICNIC_BASKET2,30219.0,32.0,,,,,30225,17,30226.0,23.0,,,30222.0,0.0
1,104400,PICNIC_BASKET2,30220.0,36.0,,,,,30226,16,30227.0,20.0,,,30223.0,0.0
1,104500,PICNIC_BASKET2,30223.0,18.0,30222.0,25.0,,,30228,2,30229.0,41.0,,,30225.5,0.0
1,104600,PICNIC_BASKET2,30225.0,18.0,30224.0,15.0,,,30231,33,,,,,30228.0,0.0
1,104700,PICNIC_BASKET2,30225.0,13.0,30224.0,15.0,,,30231,28,,,,,30228.0,0.0
1,104800,PICNIC_BASKET2,30223.0,2.0,30222.0,32.0,,,30228,2,30229.0,32.0,,,30225.5,0.0
1,104900,PICNIC_BASKET2,30222.0,11.0,30221.0,15.0,,,30228,26,,,,,30225.0,0.0
1,105000,PICNIC_BASKET2,30221.0,20.0,30220.0,30.0,,,30226,2,30227.0,48.0,,,30223.5,0.0
1,105100,PICNIC_BASKET2,30216.0,37.0,,,,,30222,12,30223.0,25.0,,,30219.0,0.0
1,105200,PICNIC_BASKET2,30212.0,13.0,30211.0,21.0,,,30218,34,,,,,30215.0,0.0
1,105300,PICNIC_BASKET2,30207.0,12.0,30206.0,29.0,,,30213,12,30214.0,29.0,,,30210.0,0.0
1,105400,PICNIC_BASKET2,30200.0,14.0,30199.0,28.0,,,30202,2,30205.0,2.0,30206.0,40.0,30201.0,0.0
1,105500,PICNIC_BASKET2,30199.0,1.0,30198.0,39.0,,,30204,13,30205.0,27.0,,,30201.5,0.0
1,105600,PICNIC_BASKET2,30199.0,39.0,,,,,30205,13,30206.0,26.0,,,30202.0,0.0
1,105700,PICNIC_BASKET2,30203.0,13.0,30202.0,18.0,,,30209,31,,,,,30206.0,0.0
1,105800,PICNIC_BASKET2,30198.0,35.0,,,,,30204,20,30205.0,15.0,,,30201.0,0.0
1,105900,PICNIC_BASKET2,30197.0,1.0,30196.0,31.0,,,30202,1,30203.0,31.0,,,30199.5,0.0
1,106000,PICNIC_BASKET2,30196.0,18.0,30195.0,30.0,,,30201,2,30202.0,46.0,,,30198.5,0.0
1,106100,PICNIC_BASKET2,30196.0,12.0,30195.0,30.0,,,30201,1,30202.0,41.0,,,30198.5,0.0
1,106200,PICNIC_BASKET2,30196.0,43.0,,,,,30202,15,30203.0,28.0,,,30199.0,0.0
1,106300,PICNIC_BASKET2,30197.0,19.0,30196.0,26.0,,,30202,1,30203.0,44.0,,,30199.5,0.0
1,106400,PICNIC_BASKET2,30194.0,17.0,30193.0,24.0,,,30200,41,,,,,30197.0,0.0
1,106500,PICNIC_BASKET2,30191.0,17.0,30190.0,21.0,,,30196,1,30197.0,37.0,,,30193.5,0.0
1,106600,PICNIC_BASKET2,30193.0,34.0,,,,,30200,34,,,,,30196.5,0.0
1,106700,PICNIC_BASKET2,30199.0,22.0,30198.0,16.0,,,30204,2,30205.0,36.0,,,30201.5,0.0
1,106800,PICNIC_BASKET2,30200.0,1.0,30199.0,32.0,,,30205,14,30206.0,19.0,,,30202.5,0.0
1,106900,PICNIC_BASKET2,30201.0,2.0,30200.0,30.0,,,30206,14,30207.0,18.0,,,30203.5,0.0
1,107000,PICNIC_BASKET2,30200.0,1.0,30199.0,28.0,,,30205,1,30206.0,28.0,,,30202.5,0.0
1,107100,PICNIC_BASKET2,30202.0,41.0,,,,,30209,41,,,,,30205.5,0.0
1,107200,PICNIC_BASKET2,30205.0,18.0,30204.0,29.0,,,30210,2,30211.0,45.0,,,30207.5,0.0
1,107300,PICNIC_BASKET2,30207.0,18.0,30206.0,30.0,,,30213,18,30214.0,30.0,,,30210.0,0.0
1,107400,PICNIC_BASKET2,30206.0,40.0,,,,,30212,16,30213.0,24.0,,,30209.0,0.0
1,107500,PICNIC_BASKET2,30210.0,2.0,30209.0,38.0,,,30215,15,30216.0,25.0,,,30212.5,0.0
1,107600,PICNIC_BASKET2,30207.0,2.0,30206.0,30.0,,,30212,17,30213.0,15.0,,,30209.5,0.0
1,107700,PICNIC_BASKET2,30204.0,27.0,,,,,30210,10,30211.0,17.0,,,30207.0,0.0
1,107800,PICNIC_BASKET2,30205.0,37.0,,,,,30211,13,30212.0,24.0,,,30208.0,0.0
1,107900,PICNIC_BASKET2,30204.0,14.0,30203.0,30.0,,,30210,44,,,,,30207.0,0.0
1,108000,PICNIC_BASKET2,30205.0,16.0,30204.0,29.0,,,30210,2,30211.0,43.0,,,30207.5,0.0
1,108100,PICNIC_BASKET2,30202.0,44.0,,,,,30209,44,,,,,30205.5,0.0
1,108200,PICNIC_BASKET2,30204.0,4.0,30202.0,1.0,30201.0,39.0,30207,1,30208.0,39.0,,,30205.5,0.0
1,108300,PICNIC_BASKET2,30204.0,37.0,,,,,30210,11,30211.0,26.0,,,30207.0,0.0
1,108400,PICNIC_BASKET2,30206.0,14.0,30205.0,15.0,,,30212,29,,,,,30209.0,0.0
1,108500,PICNIC_BASKET2,30207.0,1.0,30206.0,39.0,,,30212,1,30213.0,39.0,,,30209.5,0.0
1,108600,PICNIC_BASKET2,30204.0,40.0,,,,,30210,12,30211.0,28.0,,,30207.0,0.0
1,108700,PICNIC_BASKET2,30208.0,20.0,30207.0,19.0,,,30213,2,30214.0,37.0,,,30210.5,0.0
1,108800,PICNIC_BASKET2,30210.0,29.0,,,,,30216,13,30217.0,16.0,,,30213.0,0.0
1,108900,PICNIC_BASKET2,30207.0,39.0,,,,,30213,19,30214.0,20.0,,,30210.0,0.0
1,109000,PICNIC_BASKET2,30206.0,48.0,,,,,30212,19,30213.0,29.0,,,30209.0,0.0
1,109100,PICNIC_BASKET2,30209.0,1.0,30208.0,39.0,,,30214,18,30215.0,22.0,,,30211.5,0.0
1,109200,PICNIC_BASKET2,30204.0,1.0,30203.0,33.0,,,30209,13,30210.0,21.0,,,30206.5,0.0
1,109300,PICNIC_BASKET2,30204.0,14.0,30203.0,26.0,,,30209,2,30210.0,38.0,,,30206.5,0.0
1,109400,PICNIC_BASKET2,30205.0,19.0,30204.0,22.0,,,30210,1,30211.0,40.0,,,30207.5,0.0
1,109500,PICNIC_BASKET2,30211.0,42.0,,,,,30214,1,30217.0,14.0,30218.0,28.0,30212.5,0.0
1,109600,PICNIC_BASKET2,30215.0,21.0,30214.0,16.0,,,30221,21,30222.0,16.0,,,30218.0,0.0
1,109700,PICNIC_BASKET2,30220.0,1.0,30219.0,29.0,,,30225,11,30226.0,19.0,,,30222.5,0.0
1,109800,PICNIC_BASKET2,30224.0,10.0,30223.0,20.0,,,30230,30,,,,,30227.0,0.0
1,109900,PICNIC_BASKET2,30224.0,15.0,30223.0,24.0,,,30226,7,30230.0,39.0,,,30225.0,0.0
1,110000,PICNIC_BASKET2,30229.0,7.0,30225.0,1.0,30224.0,41.0,30230,20,30231.0,22.0,,,30229.5,0.0
1,110100,PICNIC_BASKET2,30225.0,2.0,30224.0,45.0,,,30230,20,30231.0,27.0,,,30227.5,0.0
1,110200,PICNIC_BASKET2,30223.0,19.0,30222.0,22.0,,,30228,2,30229.0,39.0,,,30225.5,0.0
1,110300,PICNIC_BASKET2,30224.0,37.0,,,,,30230,19,30231.0,18.0,,,30227.0,0.0
1,110400,PICNIC_BASKET2,30226.0,2.0,30225.0,28.0,,,30231,15,30232.0,15.0,,,30228.5,0.0
1,110500,PICNIC_BASKET2,30226.0,2.0,30225.0,45.0,,,30231,2,30232.0,45.0,,,30228.5,0.0
1,110600,PICNIC_BASKET2,30225.0,14.0,30224.0,19.0,,,30230,2,30231.0,31.0,,,30227.5,0.0
1,110700,PICNIC_BASKET2,30225.0,42.0,,,,,30231,17,30232.0,25.0,,,30228.0,0.0
1,110800,PICNIC_BASKET2,30224.0,2.0,30223.0,39.0,,,30229,12,30230.0,29.0,,,30226.5,0.0
1,110900,PICNIC_BASKET2,30225.0,1.0,30224.0,39.0,,,30230,21,30231.0,19.0,,,30227.5,0.0
1,111000,PICNIC_BASKET2,30226.0,1.0,30225.0,42.0,,,30231,14,30232.0,29.0,,,30228.5,0.0
1,111100,PICNIC_BASKET2,30227.0,5.0,30225.0,1.0,30224.0,32.0,30230,13,30231.0,20.0,,,30228.5,0.0
1,111200,PICNIC_BASKET2,30227.0,11.0,30226.0,15.0,,,30232,1,30233.0,25.0,,,30229.5,0.0
1,111300,PICNIC_BASKET2,30228.0,1.0,30227.0,38.0,,,30233,11,30234.0,28.0,,,30230.5,0.0
1,111400,PICNIC_BASKET2,30228.0,42.0,,,,,30234,20,30235.0,22.0,,,30231.0,0.0
1,111500,PICNIC_BASKET2,30225.0,20.0,30224.0,27.0,,,30231,20,30232.0,27.0,,,30228.0,0.0
1,111600,PICNIC_BASKET2,30229.0,10.0,30228.0,22.0,,,30235,32,,,,,30232.0,0.0
1,111700,PICNIC_BASKET2,30237.0,12.0,30236.0,16.0,,,30242,2,30243.0,26.0,,,30239.5,0.0
1,111800,PICNIC_BASKET2,30234.0,2.0,30233.0,37.0,,,30239,2,30240.0,37.0,,,30236.5,0.0
1,111900,PICNIC_BASKET2,30232.0,16.0,30231.0,21.0,,,30237,2,30238.0,35.0,,,30234.5,0.0
1,112000,PICNIC_BASKET2,30230.0,2.0,30229.0,41.0,,,30235,19,30236.0,24.0,,,30232.5,0.0
1,112100,PICNIC_BASKET2,30227.0,14.0,30226.0,17.0,,,30232,1,30233.0,30.0,,,30229.5,0.0
1,112200,PICNIC_BASKET2,30224.0,11.0,30223.0,30.0,,,30229,1,30230.0,40.0,,,30226.5,0.0
1,112300,PICNIC_BASKET2,30220.0,2.0,30219.0,31.0,,,30225,2,30226.0,31.0,,,30222.5,0.0
1,112400,PICNIC_BASKET2,30219.0,33.0,,,,,30222,5,30225.0,14.0,30226.0,19.0,30220.5,0.0
1,112500,PICNIC_BASKET2,30220.0,21.0,30219.0,20.0,,,30222,2,30226.0,41.0,,,30221.0,0.0
1,112600,PICNIC_BASKET2,30216.0,10.0,30215.0,16.0,,,30222,26,,,,,30219.0,0.0
1,112700,PICNIC_BASKET2,30217.0,16.0,30216.0,25.0,,,30222,1,30223.0,40.0,,,30219.5,0.0
1,112800,PICNIC_BASKET2,30213.0,2.0,30212.0,32.0,,,30218,13,30219.0,21.0,,,30215.5,0.0
1,112900,PICNIC_BASKET2,30213.0,11.0,30212.0,15.0,,,30219,11,30220.0,15.0,,,30216.0,0.0
1,113000,PICNIC_BASKET2,30213.0,31.0,,,,,30219,15,30220.0,16.0,,,30216.0,0.0
1,113100,PICNIC_BASKET2,30213.0,36.0,,,,,30220,36,,,,,30216.5,0.0
1,113200,PICNIC_BASKET2,30215.0,10.0,30214.0,27.0,,,30221,10,30222.0,27.0,,,30218.0,0.0
1,113300,PICNIC_BASKET2,30213.0,1.0,30212.0,36.0,,,30218,1,30219.0,36.0,,,30215.5,0.0
1,113400,PICNIC_BASKET2,30215.0,15.0,30214.0,22.0,,,30221,15,30222.0,22.0,,,30218.0,0.0
1,113500,PICNIC_BASKET2,30220.0,41.0,,,,,30226,14,30227.0,27.0,,,30223.0,0.0
1,113600,PICNIC_BASKET2,30220.0,17.0,30219.0,23.0,,,30226,17,30227.0,23.0,,,30223.0,0.0
1,113700,PICNIC_BASKET2,30218.0,17.0,30217.0,27.0,,,30223,2,30224.0,42.0,,,30220.5,0.0
1,113800,PICNIC_BASKET2,30220.0,1.0,30219.0,33.0,,,30225,14,30226.0,20.0,,,30222.5,0.0
1,113900,PICNIC_BASKET2,30216.0,13.0,30215.0,16.0,,,30222,29,,,,,30219.0,0.0
1,114000,PICNIC_BASKET2,30211.0,1.0,30210.0,40.0,,,30216,19,30217.0,22.0,,,30213.5,0.0
1,114100,PICNIC_BASKET2,30214.0,12.0,30213.0,22.0,,,30220,34,,,,,30217.0,0.0
1,114200,PICNIC_BASKET2,30211.0,19.0,30210.0,22.0,,,30217,41,,,,,30214.0,0.0
1,114300,PICNIC_BASKET2,30209.0,15.0,30208.0,26.0,,,30214,2,30215.0,39.0,,,30211.5,0.0
1,114400,PICNIC_BASKET2,30212.0,32.0,,,,,30219,32,,,,,30215.5,0.0
1,114500,PICNIC_BASKET2,30214.0,1.0,30213.0,35.0,,,30219,18,30220.0,18.0,,,30216.5,0.0
1,114600,PICNIC_BASKET2,30209.0,12.0,30208.0,23.0,,,30215,35,,,,,30212.0,0.0
1,114700,PICNIC_BASKET2,30214.0,1.0,30213.0,37.0,,,30219,1,30220.0,37.0,,,30216.5,0.0
1,114800,PICNIC_BASKET2,30216.0,36.0,,,,,30219,7,30222.0,18.0,30223.0,18.0,30217.5,0.0
1,114900,PICNIC_BASKET2,30213.0,1.0,30212.0,43.0,,,30218,18,30219.0,26.0,,,30215.5,0.0
1,115000,PICNIC_BASKET2,30217.0,1.0,30216.0,38.0,,,30219,3,30222.0,17.0,30223.0,22.0,30218.0,0.0
1,115100,PICNIC_BASKET2,30215.0,35.0,,,,,30221,14,30222.0,24.0,,,30218.0,0.0
1,115200,PICNIC_BASKET2,30211.0,1.0,30210.0,46.0,,,30216,1,30217.0,46.0,,,30213.5,0.0
1,115300,PICNIC_BASKET2,30210.0,13.0,30209.0,19.0,,,30216,32,,,,,30213.0,0.0
1,115400,PICNIC_BASKET2,30213.0,1.0,30212.0,39.0,,,30218,1,30219.0,39.0,,,30215.5,0.0
1,115500,PICNIC_BASKET2,30207.0,12.0,30206.0,22.0,,,30212,2,30213.0,32.0,,,30209.5,0.0
1,115600,PICNIC_BASKET2,30204.0,1.0,30203.0,33.0,,,30209,1,30210.0,33.0,,,30206.5,0.0
1,115700,PICNIC_BASKET2,30203.0,34.0,,,,,30206,2,30209.0,16.0,30210.0,18.0,30204.5,0.0
1,115800,PICNIC_BASKET2,30200.0,36.0,,,,,30206,18,30207.0,18.0,,,30203.0,0.0
1,115900,PICNIC_BASKET2,30203.0,21.0,30202.0,26.0,,,30208,2,30209.0,45.0,,,30205.5,0.0
1,116000,PICNIC_BASKET2,30206.0,1.0,30203.0,47.0,,,30209,17,30210.0,30.0,,,30207.5,0.0
1,116100,PICNIC_BASKET2,30206.0,16.0,30205.0,17.0,,,30212,33,,,,,30209.0,0.0
1,116200,PICNIC_BASKET2,30207.0,1.0,30205.0,18.0,30204.0,16.0,30211,34,,,,,30209.0,0.0
1,116300,PICNIC_BASKET2,30209.0,17.0,30208.0,29.0,,,30215,46,,,,,30212.0,0.0
1,116400,PICNIC_BASKET2,30209.0,12.0,30208.0,25.0,,,30214,1,30215.0,36.0,,,30211.5,0.0
1,116500,PICNIC_BASKET2,30210.0,2.0,30209.0,36.0,,,30215,21,30216.0,17.0,,,30212.5,0.0
1,116600,PICNIC_BASKET2,30213.0,2.0,30212.0,39.0,,,30218,17,30219.0,24.0,,,30215.5,0.0
1,116700,PICNIC_BASKET2,30212.0,42.0,,,,,30219,42,,,,,30215.5,0.0
1,116800,PICNIC_BASKET2,30211.0,16.0,30210.0,29.0,,,30216,2,30217.0,43.0,,,30213.5,0.0
1,116900,PICNIC_BASKET2,30208.0,12.0,30207.0,18.0,,,30214,30,,,,,30211.0,0.0
1,117000,PICNIC_BASKET2,30206.0,2.0,30205.0,35.0,,,30211,2,30212.0,35.0,,,30208.5,0.0
1,117100,PICNIC_BASKET2,30203.0,2.0,30202.0,32.0,,,30208,13,30209.0,21.0,,,30205.5,0.0
1,117200,PICNIC_BASKET2,30202.0,38.0,,,,,30208,20,30209.0,18.0,,,30205.0,0.0
1,117300,PICNIC_BASKET2,30206.0,35.0,,,,,30209,2,30212.0,17.0,30213.0,18.0,30207.5,0.0
1,117400,PICNIC_BASKET2,30211.0,1.0,30210.0,46.0,,,30216,21,30217.0,26.0,,,30213.5,0.0
1,117500,PICNIC_BASKET2,30209.0,20.0,30208.0,24.0,,,30214,2,30215.0,42.0,,,30211.5,0.0
1,117600,PICNIC_BASKET2,30211.0,2.0,30210.0,42.0,,,30216,17,30217.0,27.0,,,30213.5,0.0
1,117700,PICNIC_BASKET2,30213.0,36.0,,,,,30219,18,30220.0,18.0,,,30216.0,0.0
1,117800,PICNIC_BASKET2,30217.0,1.0,30216.0,30.0,,,30222,15,30223.0,16.0,,,30219.5,0.0
1,117900,PICNIC_BASKET2,30215.0,2.0,30214.0,46.0,,,30220,18,30221.0,30.0,,,30217.5,0.0
1,118000,PICNIC_BASKET2,30217.0,1.0,30216.0,39.0,,,30222,12,30223.0,28.0,,,30219.5,0.0
1,118100,PICNIC_BASKET2,30213.0,18.0,30212.0,16.0,,,30219,34,,,,,30216.0,0.0
1,118200,PICNIC_BASKET2,30211.0,19.0,30210.0,16.0,,,30216,1,30217.0,34.0,,,30213.5,0.0
1,118300,PICNIC_BASKET2,30212.0,33.0,,,,,30218,12,30219.0,21.0,,,30215.0,0.0
1,118400,PICNIC_BASKET2,30210.0,15.0,30209.0,30.0,,,30216,45,,,,,30213.0,0.0
1,118500,PICNIC_BASKET2,30207.0,2.0,30206.0,36.0,,,30212,21,30213.0,17.0,,,30209.5,0.0
1,118600,PICNIC_BASKET2,30203.0,36.0,,,,,30209,12,30210.0,24.0,,,30206.0,0.0
1,118700,PICNIC_BASKET2,30196.0,42.0,,,,,30202,13,30203.0,29.0,,,30199.0,0.0
1,118800,PICNIC_BASKET2,30194.0,13.0,30193.0,22.0,,,30200,35,,,,,30197.0,0.0
1,118900,PICNIC_BASKET2,30192.0,45.0,,,,,30198,16,30199.0,29.0,,,30195.0,0.0
1,119000,PICNIC_BASKET2,30192.0,15.0,30191.0,19.0,,,30198,34,,,,,30195.0,0.0
1,119100,PICNIC_BASKET2,30192.0,39.0,,,,,30198,17,30199.0,22.0,,,30195.0,0.0
1,119200,PICNIC_BASKET2,30191.0,2.0,30190.0,37.0,,,30196,19,30197.0,20.0,,,30193.5,0.0
1,119300,PICNIC_BASKET2,30185.0,17.0,30184.0,17.0,,,30191,34,,,,,30188.0,0.0
1,119400,PICNIC_BASKET2,30186.0,20.0,30185.0,29.0,,,30192,49,,,,,30189.0,0.0
1,119500,PICNIC_BASKET2,30194.0,1.0,30193.0,43.0,,,30199,18,30200.0,26.0,,,30196.5,0.0
1,119600,PICNIC_BASKET2,30196.0,38.0,,,,,30202,14,30203.0,24.0,,,30199.0,0.0
1,119700,PICNIC_BASKET2,30195.0,1.0,30194.0,34.0,,,30200,20,30201.0,15.0,,,30197.5,0.0
1,119800,PICNIC_BASKET2,30195.0,1.0,30194.0,33.0,,,30197,5,30200.0,15.0,30201.0,19.0,30196.0,0.0
1,119900,PICNIC_BASKET2,30198.0,6.0,30196.0,1.0,30195.0,43.0,30201,1,30202.0,43.0,,,30199.5,0.0
1,120000,PICNIC_BASKET2,30195.0,1.0,30194.0,40.0,,,30200,15,30201.0,26.0,,,30197.5,0.0
1,120100,PICNIC_BASKET2,30201.0,3.0,30199.0,16.0,30198.0,25.0,30205,41,,,,,30203.0,0.0
1,120200,PICNIC_BASKET2,30200.0,21.0,30199.0,26.0,,,30205,1,30206.0,46.0,,,30202.5,0.0
1,120300,PICNIC_BASKET2,30202.0,22.0,30201.0,17.0,,,30207,2,30208.0,37.0,,,30204.5,0.0
1,120400,PICNIC_BASKET2,30196.0,10.0,30195.0,26.0,,,30202,36,,,,,30199.0,0.0
1,120500,PICNIC_BASKET2,30195.0,1.0,30194.0,41.0,,,30200,12,30201.0,30.0,,,30197.5,0.0
1,120600,PICNIC_BASKET2,30199.0,15.0,30198.0,18.0,,,30204,1,30205.0,32.0,,,30201.5,0.0
1,120700,PICNIC_BASKET2,30202.0,14.0,30201.0,21.0,,,30208,14,30209.0,21.0,,,30205.0,0.0
1,120800,PICNIC_BASKET2,30200.0,38.0,,,,,30206,17,30207.0,21.0,,,30203.0,0.0
1,120900,PICNIC_BASKET2,30201.0,38.0,,,,,30207,17,30208.0,21.0,,,30204.0,0.0
1,121000,PICNIC_BASKET2,30200.0,15.0,30199.0,27.0,,,30206,42,,,,,30203.0,0.0
1,121100,PICNIC_BASKET2,30204.0,1.0,30203.0,30.0,,,30209,14,30210.0,17.0,,,30206.5,0.0
1,121200,PICNIC_BASKET2,30203.0,44.0,,,,,30209,18,30210.0,26.0,,,30206.0,0.0
