day,timestamp,product,bid_price_1,bid_volume_1,bid_price_2,bid_volume_2,bid_price_3,bid_volume_3,ask_price_1,ask_volume_1,ask_price_2,ask_volume_2,ask_price_3,ask_volume_3,mid_price,profit_and_loss
1,0,VOLCANIC_ROCK_VOUCHER_9500,1015.0,12.0,,,,,1017,12,,,,,1016.0,0.0
1,100,VOLCANIC_ROCK_VOUCHER_9500,1015.0,13.0,,,,,1016,13,,,,,1015.5,0.0
1,200,VOLCANIC_ROCK_VOUCHER_9500,1015.0,16.0,,,,,1016,16,,,,,1015.5,0.0
1,300,VOLCANIC_ROCK_VOUCHER_9500,1017.0,14.0,,,,,1018,14,,,,,1017.5,0.0
1,400,VOLCANIC_ROCK_VOUCHER_9500,1019.0,18.0,,,,,1020,2,1021.0,16.0,,,1019.5,0.0
1,500,VOLCANIC_ROCK_VOUCHER_9500,1017.0,17.0,,,,,1018,17,,,,,1017.5,0.0
1,600,VOLCANIC_ROCK_VOUCHER_9500,1015.0,19.0,,,,,1016,19,,,,,1015.5,0.0
1,700,VOLCANIC_ROCK_VOUCHER_9500,1016.0,12.0,,,,,1017,12,,,,,1016.5,0.0
1,800,VOLCANIC_ROCK_VOUCHER_9500,1015.0,32.0,,,,,1016,20,,,,,1015.5,0.0
1,900,VOLCANIC_ROCK_VOUCHER_9500,,,,,,,1016,4,1018.0,13.0,,,1016.0,0.0
1,1000,VOLCANIC_ROCK_VOUCHER_9500,1016.0,25.0,,,,,1017,20,,,,,1016.5,0.0
1,1100,VOLCANIC_ROCK_VOUCHER_9500,1017.0,15.0,,,,,1018,15,,,,,1017.5,0.0
1,1200,VOLCANIC_ROCK_VOUCHER_9500,1017.0,29.0,,,,,1018,18,,,,,1017.5,0.0
1,1300,VOLCANIC_ROCK_VOUCHER_9500,1016.0,12.0,,,,,1018,12,,,,,1017.0,0.0
1,1400,VOLCANIC_ROCK_VOUCHER_9500,1017.0,15.0,,,,,1018,15,,,,,1017.5,0.0
1,1500,VOLCANIC_ROCK_VOUCHER_9500,1017.0,19.0,,,,,1018,19,,,,,1017.5,0.0
1,1600,VOLCANIC_ROCK_VOUCHER_9500,1016.0,17.0,,,,,1017,17,,,,,1016.5,0.0
1,1700,VOLCANIC_ROCK_VOUCHER_9500,1016.0,11.0,,,,,1017,11,,,,,1016.5,0.0
1,1800,VOLCANIC_ROCK_VOUCHER_9500,1014.0,10.0,,,,,1016,10,,,,,1015.0,0.0
1,1900,VOLCANIC_ROCK_VOUCHER_9500,1014.0,4.0,,,,,1015,20,,,,,1014.5,0.0
1,2000,VOLCANIC_ROCK_VOUCHER_9500,1014.0,22.0,,,,,1015,14,1016.0,22.0,,,1014.5,0.0
1,2100,VOLCANIC_ROCK_VOUCHER_9500,1014.0,25.0,,,,,1015,19,,,,,1014.5,0.0
1,2200,VOLCANIC_ROCK_VOUCHER_9500,1012.0,25.0,,,,,1013,15,,,,,1012.5,0.0
1,2300,VOLCANIC_ROCK_VOUCHER_9500,1010.0,22.0,,,,,1011,22,,,,,1010.5,0.0
1,2400,VOLCANIC_ROCK_VOUCHER_9500,1009.0,12.0,,,,,1010,12,,,,,1009.5,0.0
1,2500,VOLCANIC_ROCK_VOUCHER_9500,1012.0,18.0,,,,,1013,18,,,,,1012.5,0.0
1,2600,VOLCANIC_ROCK_VOUCHER_9500,1010.0,17.0,,,,,1011,17,,,,,1010.5,0.0
1,2700,VOLCANIC_ROCK_VOUCHER_9500,1009.0,16.0,,,,,1010,16,,,,,1009.5,0.0
1,2800,VOLCANIC_ROCK_VOUCHER_9500,1008.0,17.0,,,,,1009,17,,,,,1008.5,0.0
1,2900,VOLCANIC_ROCK_VOUCHER_9500,1005.0,16.0,,,,,1006,16,,,,,1005.5,0.0
1,3000,VOLCANIC_ROCK_VOUCHER_9500,1005.0,14.0,,,,,1006,14,,,,,1005.5,0.0
1,3100,VOLCANIC_ROCK_VOUCHER_9500,1005.0,21.0,,,,,1007,21,,,,,1006.0,0.0
1,3200,VOLCANIC_ROCK_VOUCHER_9500,1006.0,39.0,,,,,1007,19,,,,,1006.5,0.0
1,3300,VOLCANIC_ROCK_VOUCHER_9500,1005.0,11.0,,,,,1006,11,,,,,1005.5,0.0
1,3400,VOLCANIC_ROCK_VOUCHER_9500,1006.0,12.0,,,,,1007,12,,,,,1006.5,0.0
1,3500,VOLCANIC_ROCK_VOUCHER_9500,1007.0,18.0,,,,,1008,18,,,,,1007.5,0.0
1,3600,VOLCANIC_ROCK_VOUCHER_9500,1006.0,11.0,,,,,1007,11,,,,,1006.5,0.0
1,3700,VOLCANIC_ROCK_VOUCHER_9500,1006.0,17.0,,,,,1008,17,,,,,1007.0,0.0
1,3800,VOLCANIC_ROCK_VOUCHER_9500,1008.0,17.0,,,,,1009,17,,,,,1008.5,0.0
1,3900,VOLCANIC_ROCK_VOUCHER_9500,1007.0,0.0,,,,,1008,12,,,,,1007.5,0.0
1,4000,VOLCANIC_ROCK_VOUCHER_9500,1008.0,17.0,,,,,1009,17,,,,,1008.5,0.0
1,4100,VOLCANIC_ROCK_VOUCHER_9500,1008.0,2.0,1007.0,20.0,,,1009,22,,,,,1008.5,0.0
1,4200,VOLCANIC_ROCK_VOUCHER_9500,1009.0,14.0,,,,,1011,14,,,,,1010.0,0.0
1,4300,VOLCANIC_ROCK_VOUCHER_9500,,,,,,,1008,18,,,,,1008.0,0.0
1,4400,VOLCANIC_ROCK_VOUCHER_9500,1007.0,20.0,,,,,1009,20,,,,,1008.0,0.0
1,4500,VOLCANIC_ROCK_VOUCHER_9500,1006.0,20.0,,,,,1008,20,,,,,1007.0,0.0
1,4600,VOLCANIC_ROCK_VOUCHER_9500,1006.0,12.0,,,,,1007,12,,,,,1006.5,0.0
1,4700,VOLCANIC_ROCK_VOUCHER_9500,1006.0,18.0,,,,,1007,18,,,,,1006.5,0.0
1,4800,VOLCANIC_ROCK_VOUCHER_9500,1005.0,14.0,,,,,1006,1,1007.0,13.0,,,1005.5,0.0
1,4900,VOLCANIC_ROCK_VOUCHER_9500,1003.0,12.0,,,,,1004,12,,,,,1003.5,0.0
1,5000,VOLCANIC_ROCK_VOUCHER_9500,1003.0,18.0,,,,,1005,18,,,,,1004.0,0.0
1,5100,VOLCANIC_ROCK_VOUCHER_9500,1003.0,17.0,,,,,1004,17,,,,,1003.5,0.0
1,5200,VOLCANIC_ROCK_VOUCHER_9500,1003.0,18.0,,,,,1004,18,,,,,1003.5,0.0
1,5300,VOLCANIC_ROCK_VOUCHER_9500,1005.0,12.0,,,,,1006,12,,,,,1005.5,0.0
1,5400,VOLCANIC_ROCK_VOUCHER_9500,1006.0,12.0,,,,,1007,12,,,,,1006.5,0.0
1,5500,VOLCANIC_ROCK_VOUCHER_9500,1010.0,19.0,,,,,1011,19,,,,,1010.5,0.0
1,5600,VOLCANIC_ROCK_VOUCHER_9500,1011.0,12.0,,,,,1013,12,,,,,1012.0,0.0
1,5700,VOLCANIC_ROCK_VOUCHER_9500,1009.0,20.0,,,,,1010,20,,,,,1009.5,0.0
1,5800,VOLCANIC_ROCK_VOUCHER_9500,1012.0,18.0,,,,,1013,18,,,,,1012.5,0.0
1,5900,VOLCANIC_ROCK_VOUCHER_9500,1013.0,19.0,,,,,1014,19,,,,,1013.5,0.0
1,6000,VOLCANIC_ROCK_VOUCHER_9500,1014.0,18.0,,,,,1015,18,,,,,1014.5,0.0
1,6100,VOLCANIC_ROCK_VOUCHER_9500,1015.0,20.0,,,,,1016,20,,,,,1015.5,0.0
1,6200,VOLCANIC_ROCK_VOUCHER_9500,1014.0,12.0,,,,,1015,12,,,,,1014.5,0.0
1,6300,VOLCANIC_ROCK_VOUCHER_9500,1013.0,15.0,,,,,1014,15,,,,,1013.5,0.0
1,6400,VOLCANIC_ROCK_VOUCHER_9500,1011.0,18.0,,,,,1012,18,,,,,1011.5,0.0
1,6500,VOLCANIC_ROCK_VOUCHER_9500,1012.0,11.0,1011.0,12.0,,,1013,12,,,,,1012.5,0.0
1,6600,VOLCANIC_ROCK_VOUCHER_9500,1009.0,17.0,,,,,1010,17,,,,,1009.5,0.0
1,6700,VOLCANIC_ROCK_VOUCHER_9500,1011.0,1.0,1010.0,11.0,,,1012,12,,,,,1011.5,0.0
1,6800,VOLCANIC_ROCK_VOUCHER_9500,1012.0,4.0,,,,,1013,15,,,,,1012.5,0.0
1,6900,VOLCANIC_ROCK_VOUCHER_9500,1015.0,21.0,,,,,1016,21,,,,,1015.5,0.0
1,7000,VOLCANIC_ROCK_VOUCHER_9500,1014.0,12.0,,,,,1015,12,,,,,1014.5,0.0
1,7100,VOLCANIC_ROCK_VOUCHER_9500,1012.0,15.0,,,,,1013,15,,,,,1012.5,0.0
1,7200,VOLCANIC_ROCK_VOUCHER_9500,1012.0,13.0,,,,,1013,13,,,,,1012.5,0.0
1,7300,VOLCANIC_ROCK_VOUCHER_9500,1009.0,21.0,,,,,1010,21,,,,,1009.5,0.0
1,7400,VOLCANIC_ROCK_VOUCHER_9500,1012.0,15.0,,,,,1013,15,,,,,1012.5,0.0
1,7500,VOLCANIC_ROCK_VOUCHER_9500,1012.0,19.0,,,,,1013,19,,,,,1012.5,0.0
1,7600,VOLCANIC_ROCK_VOUCHER_9500,1012.0,13.0,,,,,1013,13,,,,,1012.5,0.0
1,7700,VOLCANIC_ROCK_VOUCHER_9500,1011.0,14.0,,,,,1013,14,,,,,1012.0,0.0
1,7800,VOLCANIC_ROCK_VOUCHER_9500,1011.0,21.0,,,,,1013,11,,,,,1012.0,0.0
1,7900,VOLCANIC_ROCK_VOUCHER_9500,1012.0,13.0,,,,,1013,13,,,,,1012.5,0.0
1,8000,VOLCANIC_ROCK_VOUCHER_9500,1013.0,14.0,,,,,1014,14,,,,,1013.5,0.0
1,8100,VOLCANIC_ROCK_VOUCHER_9500,1012.0,17.0,,,,,1013,17,,,,,1012.5,0.0
1,8200,VOLCANIC_ROCK_VOUCHER_9500,1012.0,17.0,,,,,1013,17,,,,,1012.5,0.0
1,8300,VOLCANIC_ROCK_VOUCHER_9500,1011.0,19.0,,,,,1012,19,,,,,1011.5,0.0
1,8400,VOLCANIC_ROCK_VOUCHER_9500,1008.0,32.0,,,,,1009,20,,,,,1008.5,0.0
1,8500,VOLCANIC_ROCK_VOUCHER_9500,1008.0,16.0,,,,,1009,16,,,,,1008.5,0.0
1,8600,VOLCANIC_ROCK_VOUCHER_9500,1008.0,20.0,,,,,1010,20,,,,,1009.0,0.0
1,8700,VOLCANIC_ROCK_VOUCHER_9500,1009.0,20.0,,,,,1010,20,,,,,1009.5,0.0
1,8800,VOLCANIC_ROCK_VOUCHER_9500,1009.0,12.0,,,,,1010,12,,,,,1009.5,0.0
1,8900,VOLCANIC_ROCK_VOUCHER_9500,,,,,,,1010,9,1011.0,11.0,,,1010.0,0.0
1,9000,VOLCANIC_ROCK_VOUCHER_9500,1010.0,12.0,,,,,1011,12,,,,,1010.5,0.0
1,9100,VOLCANIC_ROCK_VOUCHER_9500,1006.0,10.0,,,,,1007,10,,,,,1006.5,0.0
1,9200,VOLCANIC_ROCK_VOUCHER_9500,1007.0,12.0,,,,,1008,12,,,,,1007.5,0.0
1,9300,VOLCANIC_ROCK_VOUCHER_9500,1008.0,17.0,,,,,1009,17,,,,,1008.5,0.0
1,9400,VOLCANIC_ROCK_VOUCHER_9500,1008.0,12.0,,,,,1009,12,,,,,1008.5,0.0
1,9500,VOLCANIC_ROCK_VOUCHER_9500,1009.0,12.0,,,,,1010,12,,,,,1009.5,0.0
1,9600,VOLCANIC_ROCK_VOUCHER_9500,1009.0,11.0,,,,,1011,11,,,,,1010.0,0.0
1,9700,VOLCANIC_ROCK_VOUCHER_9500,1009.0,13.0,,,,,1010,13,,,,,1009.5,0.0
1,9800,VOLCANIC_ROCK_VOUCHER_9500,1011.0,18.0,,,,,1013,18,,,,,1012.0,0.0
1,9900,VOLCANIC_ROCK_VOUCHER_9500,1012.0,13.0,,,,,1013,13,,,,,1012.5,0.0
1,10000,VOLCANIC_ROCK_VOUCHER_9500,1013.0,18.0,,,,,1014,18,,,,,1013.5,0.0
1,10100,VOLCANIC_ROCK_VOUCHER_9500,1013.0,11.0,,,,,1014,11,,,,,1013.5,0.0
1,10200,VOLCANIC_ROCK_VOUCHER_9500,1011.0,17.0,,,,,1012,17,,,,,1011.5,0.0
1,10300,VOLCANIC_ROCK_VOUCHER_9500,1010.0,14.0,,,,,1012,14,,,,,1011.0,0.0
1,10400,VOLCANIC_ROCK_VOUCHER_9500,1008.0,11.0,,,,,1009,11,,,,,1008.5,0.0
1,10500,VOLCANIC_ROCK_VOUCHER_9500,1002.0,17.0,,,,,1003,17,,,,,1002.5,0.0
1,10600,VOLCANIC_ROCK_VOUCHER_9500,1002.0,16.0,,,,,1003,16,,,,,1002.5,0.0
1,10700,VOLCANIC_ROCK_VOUCHER_9500,1002.0,16.0,,,,,1003,16,,,,,1002.5,0.0
1,10800,VOLCANIC_ROCK_VOUCHER_9500,1004.0,18.0,,,,,1005,18,,,,,1004.5,0.0
1,10900,VOLCANIC_ROCK_VOUCHER_9500,1005.0,16.0,,,,,1006,16,,,,,1005.5,0.0
1,11000,VOLCANIC_ROCK_VOUCHER_9500,1006.0,12.0,,,,,1007,12,,,,,1006.5,0.0
1,11100,VOLCANIC_ROCK_VOUCHER_9500,1006.0,19.0,,,,,1007,19,,,,,1006.5,0.0
1,11200,VOLCANIC_ROCK_VOUCHER_9500,1004.0,34.0,,,,,1005,14,,,,,1004.5,0.0
1,11300,VOLCANIC_ROCK_VOUCHER_9500,1006.0,12.0,,,,,1007,2,1008.0,10.0,,,1006.5,0.0
1,11400,VOLCANIC_ROCK_VOUCHER_9500,1007.0,20.0,,,,,1008,20,,,,,1007.5,0.0
1,11500,VOLCANIC_ROCK_VOUCHER_9500,1006.0,19.0,,,,,1007,19,,,,,1006.5,0.0
1,11600,VOLCANIC_ROCK_VOUCHER_9500,1001.0,22.0,,,,,1002,22,,,,,1001.5,0.0
1,11700,VOLCANIC_ROCK_VOUCHER_9500,1002.0,15.0,,,,,1003,15,,,,,1002.5,0.0
1,11800,VOLCANIC_ROCK_VOUCHER_9500,1002.0,19.0,,,,,1003,19,,,,,1002.5,0.0
1,11900,VOLCANIC_ROCK_VOUCHER_9500,1003.0,15.0,,,,,1004,15,,,,,1003.5,0.0
1,12000,VOLCANIC_ROCK_VOUCHER_9500,1004.0,15.0,,,,,1005,15,,,,,1004.5,0.0
1,12100,VOLCANIC_ROCK_VOUCHER_9500,1004.0,12.0,,,,,1005,12,,,,,1004.5,0.0
1,12200,VOLCANIC_ROCK_VOUCHER_9500,1002.0,22.0,,,,,1003,22,,,,,1002.5,0.0
1,12300,VOLCANIC_ROCK_VOUCHER_9500,1001.0,15.0,,,,,1002,15,,,,,1001.5,0.0
1,12400,VOLCANIC_ROCK_VOUCHER_9500,1002.0,11.0,,,,,1003,11,,,,,1002.5,0.0
1,12500,VOLCANIC_ROCK_VOUCHER_9500,1002.0,11.0,,,,,1004,11,,,,,1003.0,0.0
1,12600,VOLCANIC_ROCK_VOUCHER_9500,1003.0,16.0,,,,,1004,16,,,,,1003.5,0.0
1,12700,VOLCANIC_ROCK_VOUCHER_9500,1004.0,19.0,,,,,1005,19,,,,,1004.5,0.0
1,12800,VOLCANIC_ROCK_VOUCHER_9500,1002.0,13.0,,,,,1004,13,,,,,1003.0,0.0
1,12900,VOLCANIC_ROCK_VOUCHER_9500,1004.0,15.0,,,,,1005,15,,,,,1004.5,0.0
1,13000,VOLCANIC_ROCK_VOUCHER_9500,1004.0,14.0,,,,,1005,14,,,,,1004.5,0.0
1,13100,VOLCANIC_ROCK_VOUCHER_9500,1000.0,11.0,,,,,1002,11,,,,,1001.0,0.0
1,13200,VOLCANIC_ROCK_VOUCHER_9500,1000.0,16.0,,,,,1001,16,,,,,1000.5,0.0
1,13300,VOLCANIC_ROCK_VOUCHER_9500,1002.0,14.0,,,,,1003,14,,,,,1002.5,0.0
1,13400,VOLCANIC_ROCK_VOUCHER_9500,1002.0,17.0,,,,,1003,17,,,,,1002.5,0.0
1,13500,VOLCANIC_ROCK_VOUCHER_9500,1002.0,11.0,,,,,1003,11,,,,,1002.5,0.0
1,13600,VOLCANIC_ROCK_VOUCHER_9500,1002.0,20.0,,,,,1004,20,,,,,1003.0,0.0
1,13700,VOLCANIC_ROCK_VOUCHER_9500,1003.0,38.0,,,,,1004,18,,,,,1003.5,0.0
1,13800,VOLCANIC_ROCK_VOUCHER_9500,1003.0,12.0,,,,,1004,12,,,,,1003.5,0.0
1,13900,VOLCANIC_ROCK_VOUCHER_9500,1002.0,21.0,,,,,1003,21,,,,,1002.5,0.0
1,14000,VOLCANIC_ROCK_VOUCHER_9500,1004.0,17.0,,,,,1005,17,,,,,1004.5,0.0
1,14100,VOLCANIC_ROCK_VOUCHER_9500,1002.0,19.0,,,,,1003,19,,,,,1002.5,0.0
1,14200,VOLCANIC_ROCK_VOUCHER_9500,1001.0,19.0,,,,,1002,19,,,,,1001.5,0.0
1,14300,VOLCANIC_ROCK_VOUCHER_9500,1001.0,16.0,,,,,1003,16,,,,,1002.0,0.0
1,14400,VOLCANIC_ROCK_VOUCHER_9500,1002.0,2.0,1001.0,14.0,,,1003,16,,,,,1002.5,0.0
1,14500,VOLCANIC_ROCK_VOUCHER_9500,1002.0,1.0,,,,,1003,12,,,,,1002.5,0.0
1,14600,VOLCANIC_ROCK_VOUCHER_9500,999.0,9.0,,,,,1000,20,,,,,999.5,0.0
1,14700,VOLCANIC_ROCK_VOUCHER_9500,995.0,11.0,,,,,996,11,,,,,995.5,0.0
1,14800,VOLCANIC_ROCK_VOUCHER_9500,995.0,13.0,,,,,996,13,,,,,995.5,0.0
1,14900,VOLCANIC_ROCK_VOUCHER_9500,995.0,13.0,,,,,996,13,,,,,995.5,0.0
1,15000,VOLCANIC_ROCK_VOUCHER_9500,995.0,19.0,,,,,996,19,,,,,995.5,0.0
1,15100,VOLCANIC_ROCK_VOUCHER_9500,997.0,1.0,996.0,20.0,,,998,21,,,,,997.5,0.0
1,15200,VOLCANIC_ROCK_VOUCHER_9500,995.0,12.0,,,,,996,12,,,,,995.5,0.0
1,15300,VOLCANIC_ROCK_VOUCHER_9500,997.0,2.0,,,,,998,16,,,,,997.5,0.0
1,15400,VOLCANIC_ROCK_VOUCHER_9500,997.0,14.0,,,,,998,14,,,,,997.5,0.0
1,15500,VOLCANIC_ROCK_VOUCHER_9500,997.0,18.0,,,,,998,18,,,,,997.5,0.0
1,15600,VOLCANIC_ROCK_VOUCHER_9500,997.0,18.0,,,,,998,18,,,,,997.5,0.0
1,15700,VOLCANIC_ROCK_VOUCHER_9500,994.0,20.0,,,,,996,20,,,,,995.0,0.0
1,15800,VOLCANIC_ROCK_VOUCHER_9500,997.0,12.0,,,,,998,12,,,,,997.5,0.0
1,15900,VOLCANIC_ROCK_VOUCHER_9500,996.0,14.0,,,,,997,14,,,,,996.5,0.0
1,16000,VOLCANIC_ROCK_VOUCHER_9500,997.0,14.0,,,,,998,14,,,,,997.5,0.0
1,16100,VOLCANIC_ROCK_VOUCHER_9500,996.0,13.0,,,,,997,13,,,,,996.5,0.0
1,16200,VOLCANIC_ROCK_VOUCHER_9500,995.0,17.0,,,,,996,17,,,,,995.5,0.0
1,16300,VOLCANIC_ROCK_VOUCHER_9500,995.0,20.0,,,,,997,20,,,,,996.0,0.0
1,16400,VOLCANIC_ROCK_VOUCHER_9500,995.0,33.0,,,,,996,19,,,,,995.5,0.0
1,16500,VOLCANIC_ROCK_VOUCHER_9500,995.0,16.0,,,,,996,16,,,,,995.5,0.0
1,16600,VOLCANIC_ROCK_VOUCHER_9500,988.0,20.0,,,,,989,20,,,,,988.5,0.0
1,16700,VOLCANIC_ROCK_VOUCHER_9500,989.0,18.0,,,,,990,18,,,,,989.5,0.0
1,16800,VOLCANIC_ROCK_VOUCHER_9500,989.0,12.0,,,,,990,12,,,,,989.5,0.0
1,16900,VOLCANIC_ROCK_VOUCHER_9500,989.0,20.0,,,,,990,20,,,,,989.5,0.0
1,17000,VOLCANIC_ROCK_VOUCHER_9500,989.0,12.0,,,,,991,12,,,,,990.0,0.0
1,17100,VOLCANIC_ROCK_VOUCHER_9500,985.0,11.0,,,,,986,11,,,,,985.5,0.0
1,17200,VOLCANIC_ROCK_VOUCHER_9500,983.0,12.0,,,,,984,12,,,,,983.5,0.0
1,17300,VOLCANIC_ROCK_VOUCHER_9500,985.0,11.0,,,,,986,11,,,,,985.5,0.0
1,17400,VOLCANIC_ROCK_VOUCHER_9500,981.0,15.0,,,,,982,15,,,,,981.5,0.0
1,17500,VOLCANIC_ROCK_VOUCHER_9500,981.0,18.0,,,,,982,18,,,,,981.5,0.0
1,17600,VOLCANIC_ROCK_VOUCHER_9500,981.0,11.0,,,,,982,11,,,,,981.5,0.0
1,17700,VOLCANIC_ROCK_VOUCHER_9500,981.0,11.0,,,,,983,11,,,,,982.0,0.0
1,17800,VOLCANIC_ROCK_VOUCHER_9500,981.0,32.0,,,,,982,13,,,,,981.5,0.0
1,17900,VOLCANIC_ROCK_VOUCHER_9500,983.0,17.0,,,,,984,17,,,,,983.5,0.0
1,18000,VOLCANIC_ROCK_VOUCHER_9500,983.0,20.0,,,,,984,20,,,,,983.5,0.0
1,18100,VOLCANIC_ROCK_VOUCHER_9500,984.0,36.0,,,,,985,19,,,,,984.5,0.0
1,18200,VOLCANIC_ROCK_VOUCHER_9500,983.0,22.0,,,,,984,22,,,,,983.5,0.0
1,18300,VOLCANIC_ROCK_VOUCHER_9500,985.0,14.0,,,,,986,14,,,,,985.5,0.0
1,18400,VOLCANIC_ROCK_VOUCHER_9500,983.0,17.0,,,,,984,17,,,,,983.5,0.0
1,18500,VOLCANIC_ROCK_VOUCHER_9500,985.0,2.0,984.0,10.0,,,986,12,,,,,985.5,0.0
1,18600,VOLCANIC_ROCK_VOUCHER_9500,985.0,1.0,984.0,14.0,,,986,15,,,,,985.5,0.0
1,18700,VOLCANIC_ROCK_VOUCHER_9500,986.0,20.0,,,,,987,20,,,,,986.5,0.0
1,18800,VOLCANIC_ROCK_VOUCHER_9500,986.0,19.0,,,,,988,19,,,,,987.0,0.0
1,18900,VOLCANIC_ROCK_VOUCHER_9500,983.0,15.0,,,,,984,15,,,,,983.5,0.0
1,19000,VOLCANIC_ROCK_VOUCHER_9500,985.0,20.0,,,,,987,20,,,,,986.0,0.0
1,19100,VOLCANIC_ROCK_VOUCHER_9500,982.0,22.0,,,,,983,22,,,,,982.5,0.0
1,19200,VOLCANIC_ROCK_VOUCHER_9500,985.0,19.0,,,,,986,19,,,,,985.5,0.0
1,19300,VOLCANIC_ROCK_VOUCHER_9500,987.0,12.0,,,,,988,12,,,,,987.5,0.0
1,19400,VOLCANIC_ROCK_VOUCHER_9500,986.0,22.0,,,,,987,22,,,,,986.5,0.0
1,19500,VOLCANIC_ROCK_VOUCHER_9500,986.0,14.0,,,,,988,14,,,,,987.0,0.0
1,19600,VOLCANIC_ROCK_VOUCHER_9500,987.0,17.0,,,,,988,17,,,,,987.5,0.0
1,19700,VOLCANIC_ROCK_VOUCHER_9500,985.0,12.0,,,,,986,12,,,,,985.5,0.0
1,19800,VOLCANIC_ROCK_VOUCHER_9500,986.0,16.0,,,,,987,16,,,,,986.5,0.0
1,19900,VOLCANIC_ROCK_VOUCHER_9500,985.0,15.0,,,,,986,15,,,,,985.5,0.0
1,20000,VOLCANIC_ROCK_VOUCHER_9500,986.0,11.0,,,,,987,11,,,,,986.5,0.0
1,20100,VOLCANIC_ROCK_VOUCHER_9500,986.0,13.0,,,,,987,1,988.0,12.0,,,986.5,0.0
1,20200,VOLCANIC_ROCK_VOUCHER_9500,990.0,16.0,,,,,991,16,,,,,990.5,0.0
1,20300,VOLCANIC_ROCK_VOUCHER_9500,992.0,17.0,,,,,993,17,,,,,992.5,0.0
1,20400,VOLCANIC_ROCK_VOUCHER_9500,993.0,19.0,,,,,994,19,,,,,993.5,0.0
1,20500,VOLCANIC_ROCK_VOUCHER_9500,993.0,19.0,,,,,994,19,,,,,993.5,0.0
1,20600,VOLCANIC_ROCK_VOUCHER_9500,995.0,13.0,994.0,17.0,,,996,17,,,,,995.5,0.0
1,20700,VOLCANIC_ROCK_VOUCHER_9500,993.0,11.0,,,,,994,11,,,,,993.5,0.0
1,20800,VOLCANIC_ROCK_VOUCHER_9500,993.0,21.0,,,,,994,21,,,,,993.5,0.0
1,20900,VOLCANIC_ROCK_VOUCHER_9500,997.0,19.0,,,,,998,19,,,,,997.5,0.0
1,21000,VOLCANIC_ROCK_VOUCHER_9500,996.0,18.0,,,,,998,18,,,,,997.0,0.0
1,21100,VOLCANIC_ROCK_VOUCHER_9500,999.0,11.0,,,,,1000,11,,,,,999.5,0.0
1,21200,VOLCANIC_ROCK_VOUCHER_9500,996.0,12.0,,,,,997,12,,,,,996.5,0.0
1,21300,VOLCANIC_ROCK_VOUCHER_9500,999.0,18.0,,,,,1000,18,,,,,999.5,0.0
1,21400,VOLCANIC_ROCK_VOUCHER_9500,1000.0,15.0,,,,,1001,15,,,,,1000.5,0.0
1,21500,VOLCANIC_ROCK_VOUCHER_9500,1002.0,21.0,,,,,1003,21,,,,,1002.5,0.0
1,21600,VOLCANIC_ROCK_VOUCHER_9500,1001.0,18.0,,,,,1002,18,,,,,1001.5,0.0
1,21700,VOLCANIC_ROCK_VOUCHER_9500,1000.0,18.0,,,,,1001,18,,,,,1000.5,0.0
1,21800,VOLCANIC_ROCK_VOUCHER_9500,998.0,18.0,,,,,999,18,,,,,998.5,0.0
1,21900,VOLCANIC_ROCK_VOUCHER_9500,999.0,14.0,,,,,1000,14,,,,,999.5,0.0
1,22000,VOLCANIC_ROCK_VOUCHER_9500,999.0,19.0,,,,,1000,19,,,,,999.5,0.0
1,22100,VOLCANIC_ROCK_VOUCHER_9500,997.0,19.0,,,,,998,19,,,,,997.5,0.0
1,22200,VOLCANIC_ROCK_VOUCHER_9500,997.0,19.0,,,,,998,19,,,,,997.5,0.0
1,22300,VOLCANIC_ROCK_VOUCHER_9500,998.0,22.0,,,,,999,22,,,,,998.5,0.0
1,22400,VOLCANIC_ROCK_VOUCHER_9500,991.0,21.0,,,,,992,21,,,,,991.5,0.0
1,22500,VOLCANIC_ROCK_VOUCHER_9500,991.0,12.0,,,,,992,12,,,,,991.5,0.0
1,22600,VOLCANIC_ROCK_VOUCHER_9500,991.0,13.0,,,,,992,13,,,,,991.5,0.0
1,22700,VOLCANIC_ROCK_VOUCHER_9500,988.0,11.0,,,,,989,11,,,,,988.5,0.0
1,22800,VOLCANIC_ROCK_VOUCHER_9500,985.0,18.0,,,,,986,18,,,,,985.5,0.0
1,22900,VOLCANIC_ROCK_VOUCHER_9500,982.0,11.0,,,,,983,11,,,,,982.5,0.0
1,23000,VOLCANIC_ROCK_VOUCHER_9500,983.0,18.0,,,,,984,18,,,,,983.5,0.0
1,23100,VOLCANIC_ROCK_VOUCHER_9500,985.0,17.0,,,,,986,17,,,,,985.5,0.0
1,23200,VOLCANIC_ROCK_VOUCHER_9500,984.0,19.0,,,,,985,19,,,,,984.5,0.0
1,23300,VOLCANIC_ROCK_VOUCHER_9500,983.0,21.0,,,,,984,21,,,,,983.5,0.0
1,23400,VOLCANIC_ROCK_VOUCHER_9500,986.0,15.0,,,,,987,15,,,,,986.5,0.0
1,23500,VOLCANIC_ROCK_VOUCHER_9500,988.0,17.0,,,,,989,17,,,,,988.5,0.0
1,23600,VOLCANIC_ROCK_VOUCHER_9500,989.0,15.0,,,,,990,15,,,,,989.5,0.0
1,23700,VOLCANIC_ROCK_VOUCHER_9500,988.0,11.0,,,,,989,11,,,,,988.5,0.0
1,23800,VOLCANIC_ROCK_VOUCHER_9500,986.0,13.0,,,,,987,13,,,,,986.5,0.0
1,23900,VOLCANIC_ROCK_VOUCHER_9500,985.0,12.0,,,,,987,12,,,,,986.0,0.0
1,24000,VOLCANIC_ROCK_VOUCHER_9500,985.0,18.0,,,,,986,18,,,,,985.5,0.0
1,24100,VOLCANIC_ROCK_VOUCHER_9500,988.0,19.0,,,,,989,19,,,,,988.5,0.0
1,24200,VOLCANIC_ROCK_VOUCHER_9500,992.0,17.0,,,,,993,17,,,,,992.5,0.0
1,24300,VOLCANIC_ROCK_VOUCHER_9500,992.0,17.0,,,,,993,17,,,,,992.5,0.0
1,24400,VOLCANIC_ROCK_VOUCHER_9500,994.0,14.0,,,,,995,14,,,,,994.5,0.0
1,24500,VOLCANIC_ROCK_VOUCHER_9500,993.0,20.0,,,,,994,20,,,,,993.5,0.0
1,24600,VOLCANIC_ROCK_VOUCHER_9500,993.0,17.0,,,,,994,17,,,,,993.5,0.0
1,24700,VOLCANIC_ROCK_VOUCHER_9500,992.0,2.0,991.0,13.0,,,993,15,,,,,992.5,0.0
1,24800,VOLCANIC_ROCK_VOUCHER_9500,994.0,12.0,,,,,995,12,,,,,994.5,0.0
1,24900,VOLCANIC_ROCK_VOUCHER_9500,997.0,14.0,,,,,998,14,,,,,997.5,0.0
1,25000,VOLCANIC_ROCK_VOUCHER_9500,997.0,17.0,,,,,998,17,,,,,997.5,0.0
1,25100,VOLCANIC_ROCK_VOUCHER_9500,997.0,16.0,,,,,998,16,,,,,997.5,0.0
1,25200,VOLCANIC_ROCK_VOUCHER_9500,998.0,20.0,,,,,999,20,,,,,998.5,0.0
1,25300,VOLCANIC_ROCK_VOUCHER_9500,996.0,12.0,,,,,997,12,,,,,996.5,0.0
1,25400,VOLCANIC_ROCK_VOUCHER_9500,997.0,12.0,,,,,998,12,,,,,997.5,0.0
1,25500,VOLCANIC_ROCK_VOUCHER_9500,997.0,32.0,,,,,998,20,,,,,997.5,0.0
1,25600,VOLCANIC_ROCK_VOUCHER_9500,997.0,11.0,,,,,998,11,,,,,997.5,0.0
1,25700,VOLCANIC_ROCK_VOUCHER_9500,995.0,13.0,,,,,996,13,,,,,995.5,0.0
1,25800,VOLCANIC_ROCK_VOUCHER_9500,996.0,22.0,,,,,998,22,,,,,997.0,0.0
1,25900,VOLCANIC_ROCK_VOUCHER_9500,996.0,13.0,,,,,998,13,,,,,997.0,0.0
1,26000,VOLCANIC_ROCK_VOUCHER_9500,997.0,10.0,,,,,998,10,,,,,997.5,0.0
1,26100,VOLCANIC_ROCK_VOUCHER_9500,1002.0,14.0,,,,,1003,14,,,,,1002.5,0.0
1,26200,VOLCANIC_ROCK_VOUCHER_9500,1002.0,15.0,,,,,1003,15,,,,,1002.5,0.0
1,26300,VOLCANIC_ROCK_VOUCHER_9500,1001.0,17.0,,,,,1002,17,,,,,1001.5,0.0
1,26400,VOLCANIC_ROCK_VOUCHER_9500,1001.0,19.0,,,,,1002,19,,,,,1001.5,0.0
1,26500,VOLCANIC_ROCK_VOUCHER_9500,1001.0,17.0,,,,,1002,17,,,,,1001.5,0.0
1,26600,VOLCANIC_ROCK_VOUCHER_9500,998.0,0.0,,,,,999,2,1000.0,15.0,,,998.5,0.0
1,26700,VOLCANIC_ROCK_VOUCHER_9500,995.0,32.0,,,,,996,14,,,,,995.5,0.0
1,26800,VOLCANIC_ROCK_VOUCHER_9500,,,,,,,997,5,998.0,15.0,,,997.0,0.0
1,26900,VOLCANIC_ROCK_VOUCHER_9500,997.0,15.0,,,,,998,15,,,,,997.5,0.0
1,27000,VOLCANIC_ROCK_VOUCHER_9500,995.0,12.0,,,,,996,12,,,,,995.5,0.0
1,27100,VOLCANIC_ROCK_VOUCHER_9500,991.0,18.0,,,,,992,18,,,,,991.5,0.0
1,27200,VOLCANIC_ROCK_VOUCHER_9500,988.0,17.0,,,,,989,17,,,,,988.5,0.0
1,27300,VOLCANIC_ROCK_VOUCHER_9500,987.0,13.0,,,,,989,13,,,,,988.0,0.0
1,27400,VOLCANIC_ROCK_VOUCHER_9500,982.0,18.0,,,,,983,18,,,,,982.5,0.0
1,27500,VOLCANIC_ROCK_VOUCHER_9500,983.0,15.0,,,,,985,15,,,,,984.0,0.0
1,27600,VOLCANIC_ROCK_VOUCHER_9500,980.0,20.0,,,,,982,20,,,,,981.0,0.0
1,27700,VOLCANIC_ROCK_VOUCHER_9500,983.0,2.0,982.0,18.0,,,984,20,,,,,983.5,0.0
1,27800,VOLCANIC_ROCK_VOUCHER_9500,983.0,19.0,,,,,984,19,,,,,983.5,0.0
1,27900,VOLCANIC_ROCK_VOUCHER_9500,985.0,14.0,,,,,986,14,,,,,985.5,0.0
1,28000,VOLCANIC_ROCK_VOUCHER_9500,985.0,14.0,,,,,986,14,,,,,985.5,0.0
1,28100,VOLCANIC_ROCK_VOUCHER_9500,985.0,11.0,,,,,986,11,,,,,985.5,0.0
1,28200,VOLCANIC_ROCK_VOUCHER_9500,984.0,15.0,,,,,985,15,,,,,984.5,0.0
1,28300,VOLCANIC_ROCK_VOUCHER_9500,984.0,13.0,,,,,985,13,,,,,984.5,0.0
1,28400,VOLCANIC_ROCK_VOUCHER_9500,982.0,13.0,,,,,983,13,,,,,982.5,0.0
1,28500,VOLCANIC_ROCK_VOUCHER_9500,985.0,18.0,,,,,986,18,,,,,985.5,0.0
1,28600,VOLCANIC_ROCK_VOUCHER_9500,983.0,25.0,,,,,984,14,,,,,983.5,0.0
1,28700,VOLCANIC_ROCK_VOUCHER_9500,982.0,13.0,,,,,983,13,,,,,982.5,0.0
1,28800,VOLCANIC_ROCK_VOUCHER_9500,985.0,10.0,,,,,986,10,,,,,985.5,0.0
1,28900,VOLCANIC_ROCK_VOUCHER_9500,987.0,15.0,,,,,988,15,,,,,987.5,0.0
1,29000,VOLCANIC_ROCK_VOUCHER_9500,986.0,18.0,,,,,987,18,,,,,986.5,0.0
1,29100,VOLCANIC_ROCK_VOUCHER_9500,982.0,15.0,,,,,983,15,,,,,982.5,0.0
1,29200,VOLCANIC_ROCK_VOUCHER_9500,983.0,26.0,,,,,984,19,,,,,983.5,0.0
1,29300,VOLCANIC_ROCK_VOUCHER_9500,982.0,16.0,,,,,983,16,,,,,982.5,0.0
1,29400,VOLCANIC_ROCK_VOUCHER_9500,,,,,,,981,7,982.0,13.0,,,981.0,0.0
1,29500,VOLCANIC_ROCK_VOUCHER_9500,982.0,19.0,,,,,983,19,,,,,982.5,0.0
1,29600,VOLCANIC_ROCK_VOUCHER_9500,981.0,14.0,,,,,982,14,,,,,981.5,0.0
1,29700,VOLCANIC_ROCK_VOUCHER_9500,983.0,18.0,,,,,984,18,,,,,983.5,0.0
1,29800,VOLCANIC_ROCK_VOUCHER_9500,984.0,15.0,,,,,985,15,,,,,984.5,0.0
1,29900,VOLCANIC_ROCK_VOUCHER_9500,983.0,12.0,,,,,984,12,,,,,983.5,0.0
1,30000,VOLCANIC_ROCK_VOUCHER_9500,982.0,21.0,,,,,983,21,,,,,982.5,0.0
1,30100,VOLCANIC_ROCK_VOUCHER_9500,982.0,17.0,,,,,983,17,,,,,982.5,0.0
1,30200,VOLCANIC_ROCK_VOUCHER_9500,979.0,21.0,,,,,980,21,,,,,979.5,0.0
1,30300,VOLCANIC_ROCK_VOUCHER_9500,979.0,17.0,,,,,980,17,,,,,979.5,0.0
1,30400,VOLCANIC_ROCK_VOUCHER_9500,979.0,18.0,,,,,980,18,,,,,979.5,0.0
1,30500,VOLCANIC_ROCK_VOUCHER_9500,980.0,28.0,,,,,981,14,,,,,980.5,0.0
1,30600,VOLCANIC_ROCK_VOUCHER_9500,974.0,35.0,,,,,975,15,,,,,974.5,0.0
1,30700,VOLCANIC_ROCK_VOUCHER_9500,973.0,19.0,,,,,974,19,,,,,973.5,0.0
1,30800,VOLCANIC_ROCK_VOUCHER_9500,975.0,12.0,974.0,17.0,,,976,17,,,,,975.5,0.0
1,30900,VOLCANIC_ROCK_VOUCHER_9500,976.0,17.0,,,,,977,17,,,,,976.5,0.0
1,31000,VOLCANIC_ROCK_VOUCHER_9500,975.0,1.0,,,,,976,20,,,,,975.5,0.0
1,31100,VOLCANIC_ROCK_VOUCHER_9500,973.0,15.0,,,,,974,15,,,,,973.5,0.0
1,31200,VOLCANIC_ROCK_VOUCHER_9500,976.0,19.0,,,,,977,19,,,,,976.5,0.0
1,31300,VOLCANIC_ROCK_VOUCHER_9500,975.0,18.0,,,,,976,18,,,,,975.5,0.0
1,31400,VOLCANIC_ROCK_VOUCHER_9500,975.0,14.0,,,,,976,14,,,,,975.5,0.0
1,31500,VOLCANIC_ROCK_VOUCHER_9500,974.0,21.0,,,,,975,21,,,,,974.5,0.0
1,31600,VOLCANIC_ROCK_VOUCHER_9500,973.0,14.0,,,,,974,14,,,,,973.5,0.0
1,31700,VOLCANIC_ROCK_VOUCHER_9500,972.0,15.0,,,,,973,15,,,,,972.5,0.0
1,31800,VOLCANIC_ROCK_VOUCHER_9500,974.0,13.0,,,,,975,13,,,,,974.5,0.0
1,31900,VOLCANIC_ROCK_VOUCHER_9500,972.0,21.0,,,,,973,21,,,,,972.5,0.0
1,32000,VOLCANIC_ROCK_VOUCHER_9500,967.0,12.0,,,,,968,12,,,,,967.5,0.0
1,32100,VOLCANIC_ROCK_VOUCHER_9500,960.0,20.0,,,,,962,20,,,,,961.0,0.0
1,32200,VOLCANIC_ROCK_VOUCHER_9500,953.0,30.0,,,,,954,20,,,,,953.5,0.0
1,32300,VOLCANIC_ROCK_VOUCHER_9500,958.0,22.0,,,,,960,22,,,,,959.0,0.0
1,32400,VOLCANIC_ROCK_VOUCHER_9500,959.0,24.0,,,,,960,16,,,,,959.5,0.0
1,32500,VOLCANIC_ROCK_VOUCHER_9500,958.0,20.0,,,,,959,20,,,,,958.5,0.0
1,32600,VOLCANIC_ROCK_VOUCHER_9500,941.0,15.0,,,,,942,15,,,,,941.5,0.0
1,32700,VOLCANIC_ROCK_VOUCHER_9500,941.0,18.0,,,,,942,18,,,,,941.5,0.0
1,32800,VOLCANIC_ROCK_VOUCHER_9500,956.0,14.0,,,,,958,14,,,,,957.0,0.0
1,32900,VOLCANIC_ROCK_VOUCHER_9500,950.0,17.0,,,,,951,17,,,,,950.5,0.0
1,33000,VOLCANIC_ROCK_VOUCHER_9500,949.0,16.0,,,,,950,16,,,,,949.5,0.0
1,33100,VOLCANIC_ROCK_VOUCHER_9500,946.0,3.0,,,,,947,18,,,,,946.5,0.0
1,33200,VOLCANIC_ROCK_VOUCHER_9500,943.0,21.0,,,,,944,21,,,,,943.5,0.0
1,33300,VOLCANIC_ROCK_VOUCHER_9500,938.0,20.0,,,,,939,20,,,,,938.5,0.0
1,33400,VOLCANIC_ROCK_VOUCHER_9500,940.0,12.0,,,,,942,12,,,,,941.0,0.0
1,33500,VOLCANIC_ROCK_VOUCHER_9500,942.0,13.0,,,,,943,13,,,,,942.5,0.0
1,33600,VOLCANIC_ROCK_VOUCHER_9500,942.0,18.0,,,,,943,18,,,,,942.5,0.0
1,33700,VOLCANIC_ROCK_VOUCHER_9500,944.0,36.0,,,,,945,17,,,,,944.5,0.0
1,33800,VOLCANIC_ROCK_VOUCHER_9500,942.0,10.0,,,,,944,10,,,,,943.0,0.0
1,33900,VOLCANIC_ROCK_VOUCHER_9500,943.0,36.0,,,,,944,16,,,,,943.5,0.0
1,34000,VOLCANIC_ROCK_VOUCHER_9500,944.0,22.0,,,,,946,22,,,,,945.0,0.0
1,34100,VOLCANIC_ROCK_VOUCHER_9500,942.0,13.0,,,,,943,13,,,,,942.5,0.0
1,34200,VOLCANIC_ROCK_VOUCHER_9500,941.0,16.0,,,,,942,16,,,,,941.5,0.0
1,34300,VOLCANIC_ROCK_VOUCHER_9500,940.0,18.0,,,,,941,18,,,,,940.5,0.0
1,34400,VOLCANIC_ROCK_VOUCHER_9500,944.0,18.0,,,,,945,2,946.0,16.0,,,944.5,0.0
1,34500,VOLCANIC_ROCK_VOUCHER_9500,942.0,22.0,,,,,943,22,,,,,942.5,0.0
1,34600,VOLCANIC_ROCK_VOUCHER_9500,941.0,11.0,,,,,942,11,,,,,941.5,0.0
1,34700,VOLCANIC_ROCK_VOUCHER_9500,940.0,16.0,,,,,941,16,,,,,940.5,0.0
1,34800,VOLCANIC_ROCK_VOUCHER_9500,948.0,18.0,,,,,949,18,,,,,948.5,0.0
1,34900,VOLCANIC_ROCK_VOUCHER_9500,948.0,10.0,,,,,949,10,,,,,948.5,0.0
1,35000,VOLCANIC_ROCK_VOUCHER_9500,948.0,14.0,,,,,949,14,,,,,948.5,0.0
1,35100,VOLCANIC_ROCK_VOUCHER_9500,950.0,19.0,,,,,951,19,,,,,950.5,0.0
1,35200,VOLCANIC_ROCK_VOUCHER_9500,950.0,13.0,,,,,952,13,,,,,951.0,0.0
1,35300,VOLCANIC_ROCK_VOUCHER_9500,948.0,12.0,,,,,949,12,,,,,948.5,0.0
1,35400,VOLCANIC_ROCK_VOUCHER_9500,948.0,7.0,,,,,950,22,,,,,949.0,0.0
1,35500,VOLCANIC_ROCK_VOUCHER_9500,956.0,22.0,,,,,957,22,,,,,956.5,0.0
1,35600,VOLCANIC_ROCK_VOUCHER_9500,956.0,20.0,,,,,957,20,,,,,956.5,0.0
1,35700,VOLCANIC_ROCK_VOUCHER_9500,956.0,15.0,,,,,957,15,,,,,956.5,0.0
1,35800,VOLCANIC_ROCK_VOUCHER_9500,954.0,16.0,,,,,955,16,,,,,954.5,0.0
1,35900,VOLCANIC_ROCK_VOUCHER_9500,952.0,21.0,,,,,953,21,,,,,952.5,0.0
1,36000,VOLCANIC_ROCK_VOUCHER_9500,950.0,10.0,,,,,951,10,,,,,950.5,0.0
1,36100,VOLCANIC_ROCK_VOUCHER_9500,947.0,32.0,,,,,948,22,,,,,947.5,0.0
1,36200,VOLCANIC_ROCK_VOUCHER_9500,948.0,12.0,,,,,949,17,,,,,948.5,0.0
1,36300,VOLCANIC_ROCK_VOUCHER_9500,949.0,11.0,,,,,950,11,,,,,949.5,0.0
1,36400,VOLCANIC_ROCK_VOUCHER_9500,950.0,17.0,,,,,951,17,,,,,950.5,0.0
1,36500,VOLCANIC_ROCK_VOUCHER_9500,953.0,33.0,,,,,954,18,,,,,953.5,0.0
1,36600,VOLCANIC_ROCK_VOUCHER_9500,954.0,13.0,,,,,955,13,,,,,954.5,0.0
1,36700,VOLCANIC_ROCK_VOUCHER_9500,955.0,20.0,,,,,956,20,,,,,955.5,0.0
1,36800,VOLCANIC_ROCK_VOUCHER_9500,954.0,16.0,,,,,955,16,,,,,954.5,0.0
1,36900,VOLCANIC_ROCK_VOUCHER_9500,952.0,32.0,,,,,953,16,,,,,952.5,0.0
1,37000,VOLCANIC_ROCK_VOUCHER_9500,953.0,13.0,,,,,954,13,,,,,953.5,0.0
1,37100,VOLCANIC_ROCK_VOUCHER_9500,948.0,15.0,,,,,949,15,,,,,948.5,0.0
1,37200,VOLCANIC_ROCK_VOUCHER_9500,949.0,17.0,,,,,950,17,,,,,949.5,0.0
1,37300,VOLCANIC_ROCK_VOUCHER_9500,,,,,,,950,3,951.0,17.0,,,950.0,0.0
1,37400,VOLCANIC_ROCK_VOUCHER_9500,949.0,13.0,,,,,950,13,,,,,949.5,0.0
1,37500,VOLCANIC_ROCK_VOUCHER_9500,951.0,15.0,,,,,952,15,,,,,951.5,0.0
1,37600,VOLCANIC_ROCK_VOUCHER_9500,950.0,20.0,,,,,951,20,,,,,950.5,0.0
1,37700,VOLCANIC_ROCK_VOUCHER_9500,950.0,10.0,,,,,951,10,,,,,950.5,0.0
1,37800,VOLCANIC_ROCK_VOUCHER_9500,948.0,18.0,,,,,950,18,,,,,949.0,0.0
1,37900,VOLCANIC_ROCK_VOUCHER_9500,946.0,22.0,,,,,947,22,,,,,946.5,0.0
1,38000,VOLCANIC_ROCK_VOUCHER_9500,944.0,20.0,,,,,945,20,,,,,944.5,0.0
1,38100,VOLCANIC_ROCK_VOUCHER_9500,947.0,11.0,,,,,948,11,,,,,947.5,0.0
1,38200,VOLCANIC_ROCK_VOUCHER_9500,948.0,18.0,,,,,949,18,,,,,948.5,0.0
1,38300,VOLCANIC_ROCK_VOUCHER_9500,952.0,15.0,,,,,954,15,,,,,953.0,0.0
1,38400,VOLCANIC_ROCK_VOUCHER_9500,952.0,20.0,,,,,954,20,,,,,953.0,0.0
1,38500,VOLCANIC_ROCK_VOUCHER_9500,953.0,20.0,,,,,954,20,,,,,953.5,0.0
1,38600,VOLCANIC_ROCK_VOUCHER_9500,957.0,15.0,,,,,958,15,,,,,957.5,0.0
1,38700,VOLCANIC_ROCK_VOUCHER_9500,956.0,12.0,,,,,957,12,,,,,956.5,0.0
1,38800,VOLCANIC_ROCK_VOUCHER_9500,955.0,1.0,,,,,956,12,,,,,955.5,0.0
1,38900,VOLCANIC_ROCK_VOUCHER_9500,957.0,20.0,,,,,959,20,,,,,958.0,0.0
1,39000,VOLCANIC_ROCK_VOUCHER_9500,957.0,16.0,,,,,958,16,,,,,957.5,0.0
1,39100,VOLCANIC_ROCK_VOUCHER_9500,951.0,6.0,,,,,952,18,,,,,951.5,0.0
1,39200,VOLCANIC_ROCK_VOUCHER_9500,953.0,15.0,,,,,954,15,,,,,953.5,0.0
1,39300,VOLCANIC_ROCK_VOUCHER_9500,953.0,30.0,,,,,954,11,,,,,953.5,0.0
1,39400,VOLCANIC_ROCK_VOUCHER_9500,951.0,22.0,,,,,952,11,,,,,951.5,0.0
1,39500,VOLCANIC_ROCK_VOUCHER_9500,950.0,19.0,,,,,951,19,,,,,950.5,0.0
1,39600,VOLCANIC_ROCK_VOUCHER_9500,949.0,20.0,,,,,950,20,,,,,949.5,0.0
1,39700,VOLCANIC_ROCK_VOUCHER_9500,956.0,12.0,,,,,958,12,,,,,957.0,0.0
1,39800,VOLCANIC_ROCK_VOUCHER_9500,959.0,15.0,,,,,960,15,,,,,959.5,0.0
1,39900,VOLCANIC_ROCK_VOUCHER_9500,961.0,20.0,,,,,962,20,,,,,961.5,0.0
1,40000,VOLCANIC_ROCK_VOUCHER_9500,960.0,20.0,,,,,961,20,,,,,960.5,0.0
1,40100,VOLCANIC_ROCK_VOUCHER_9500,962.0,19.0,,,,,963,19,,,,,962.5,0.0
1,40200,VOLCANIC_ROCK_VOUCHER_9500,957.0,17.0,,,,,958,17,,,,,957.5,0.0
1,40300,VOLCANIC_ROCK_VOUCHER_9500,957.0,21.0,,,,,958,21,,,,,957.5,0.0
1,40400,VOLCANIC_ROCK_VOUCHER_9500,955.0,22.0,,,,,956,22,,,,,955.5,0.0
1,40500,VOLCANIC_ROCK_VOUCHER_9500,957.0,34.0,,,,,958,15,,,,,957.5,0.0
1,40600,VOLCANIC_ROCK_VOUCHER_9500,957.0,12.0,,,,,958,12,,,,,957.5,0.0
1,40700,VOLCANIC_ROCK_VOUCHER_9500,958.0,16.0,,,,,959,16,,,,,958.5,0.0
1,40800,VOLCANIC_ROCK_VOUCHER_9500,957.0,2.0,,,,,959,18,,,,,958.0,0.0
1,40900,VOLCANIC_ROCK_VOUCHER_9500,957.0,16.0,,,,,959,16,,,,,958.0,0.0
1,41000,VOLCANIC_ROCK_VOUCHER_9500,958.0,17.0,,,,,960,17,,,,,959.0,0.0
1,41100,VOLCANIC_ROCK_VOUCHER_9500,959.0,21.0,,,,,960,21,,,,,959.5,0.0
1,41200,VOLCANIC_ROCK_VOUCHER_9500,962.0,35.0,,,,,963,19,,,,,962.5,0.0
1,41300,VOLCANIC_ROCK_VOUCHER_9500,962.0,34.0,,,,,963,20,,,,,962.5,0.0
1,41400,VOLCANIC_ROCK_VOUCHER_9500,961.0,20.0,,,,,962,20,,,,,961.5,0.0
1,41500,VOLCANIC_ROCK_VOUCHER_9500,962.0,18.0,,,,,963,18,,,,,962.5,0.0
1,41600,VOLCANIC_ROCK_VOUCHER_9500,965.0,13.0,,,,,966,13,,,,,965.5,0.0
1,41700,VOLCANIC_ROCK_VOUCHER_9500,958.0,19.0,,,,,960,19,,,,,959.0,0.0
1,41800,VOLCANIC_ROCK_VOUCHER_9500,965.0,33.0,,,,,966,20,,,,,965.5,0.0
1,41900,VOLCANIC_ROCK_VOUCHER_9500,965.0,32.0,,,,,966,16,,,,,965.5,0.0
1,42000,VOLCANIC_ROCK_VOUCHER_9500,963.0,12.0,,,,,965,12,,,,,964.0,0.0
1,42100,VOLCANIC_ROCK_VOUCHER_9500,963.0,25.0,,,,,964,15,,,,,963.5,0.0
1,42200,VOLCANIC_ROCK_VOUCHER_9500,962.0,19.0,,,,,963,19,,,,,962.5,0.0
1,42300,VOLCANIC_ROCK_VOUCHER_9500,964.0,17.0,,,,,965,17,,,,,964.5,0.0
1,42400,VOLCANIC_ROCK_VOUCHER_9500,963.0,18.0,,,,,964,18,,,,,963.5,0.0
1,42500,VOLCANIC_ROCK_VOUCHER_9500,964.0,27.0,,,,,965,13,,,,,964.5,0.0
1,42600,VOLCANIC_ROCK_VOUCHER_9500,959.0,16.0,,,,,960,16,,,,,959.5,0.0
1,42700,VOLCANIC_ROCK_VOUCHER_9500,960.0,30.0,,,,,961,14,,,,,960.5,0.0
1,42800,VOLCANIC_ROCK_VOUCHER_9500,961.0,17.0,,,,,962,17,,,,,961.5,0.0
1,42900,VOLCANIC_ROCK_VOUCHER_9500,964.0,17.0,,,,,965,17,,,,,964.5,0.0
1,43000,VOLCANIC_ROCK_VOUCHER_9500,964.0,18.0,,,,,966,18,,,,,965.0,0.0
1,43100,VOLCANIC_ROCK_VOUCHER_9500,963.0,14.0,,,,,964,14,,,,,963.5,0.0
1,43200,VOLCANIC_ROCK_VOUCHER_9500,963.0,15.0,,,,,965,15,,,,,964.0,0.0
1,43300,VOLCANIC_ROCK_VOUCHER_9500,962.0,17.0,,,,,963,17,,,,,962.5,0.0
1,43400,VOLCANIC_ROCK_VOUCHER_9500,961.0,17.0,,,,,962,17,,,,,961.5,0.0
1,43500,VOLCANIC_ROCK_VOUCHER_9500,962.0,2.0,,,,,963,14,,,,,962.5,0.0
1,43600,VOLCANIC_ROCK_VOUCHER_9500,961.0,11.0,,,,,962,11,,,,,961.5,0.0
1,43700,VOLCANIC_ROCK_VOUCHER_9500,960.0,19.0,,,,,961,19,,,,,960.5,0.0
1,43800,VOLCANIC_ROCK_VOUCHER_9500,961.0,18.0,,,,,963,18,,,,,962.0,0.0
1,43900,VOLCANIC_ROCK_VOUCHER_9500,960.0,13.0,,,,,961,13,,,,,960.5,0.0
1,44000,VOLCANIC_ROCK_VOUCHER_9500,958.0,18.0,,,,,959,18,,,,,958.5,0.0
1,44100,VOLCANIC_ROCK_VOUCHER_9500,949.0,15.0,,,,,950,15,,,,,949.5,0.0
1,44200,VOLCANIC_ROCK_VOUCHER_9500,947.0,14.0,,,,,949,14,,,,,948.0,0.0
1,44300,VOLCANIC_ROCK_VOUCHER_9500,949.0,12.0,,,,,950,12,,,,,949.5,0.0
1,44400,VOLCANIC_ROCK_VOUCHER_9500,950.0,34.0,,,,,951,14,,,,,950.5,0.0
1,44500,VOLCANIC_ROCK_VOUCHER_9500,951.0,14.0,,,,,952,14,,,,,951.5,0.0
1,44600,VOLCANIC_ROCK_VOUCHER_9500,952.0,8.0,,,,,953,21,,,,,952.5,0.0
1,44700,VOLCANIC_ROCK_VOUCHER_9500,950.0,15.0,,,,,951,15,,,,,950.5,0.0
1,44800,VOLCANIC_ROCK_VOUCHER_9500,950.0,10.0,,,,,952,10,,,,,951.0,0.0
1,44900,VOLCANIC_ROCK_VOUCHER_9500,950.0,22.0,,,,,951,22,,,,,950.5,0.0
1,45000,VOLCANIC_ROCK_VOUCHER_9500,950.0,20.0,,,,,951,20,,,,,950.5,0.0
1,45100,VOLCANIC_ROCK_VOUCHER_9500,950.0,20.0,,,,,951,20,,,,,950.5,0.0
1,45200,VOLCANIC_ROCK_VOUCHER_9500,951.0,14.0,,,,,952,14,,,,,951.5,0.0
1,45300,VOLCANIC_ROCK_VOUCHER_9500,952.0,15.0,,,,,953,15,,,,,952.5,0.0
1,45400,VOLCANIC_ROCK_VOUCHER_9500,951.0,27.0,,,,,952,17,,,,,951.5,0.0
1,45500,VOLCANIC_ROCK_VOUCHER_9500,948.0,13.0,,,,,949,13,,,,,948.5,0.0
1,45600,VOLCANIC_ROCK_VOUCHER_9500,947.0,17.0,,,,,948,17,,,,,947.5,0.0
1,45700,VOLCANIC_ROCK_VOUCHER_9500,,,,,,,948,7,949.0,13.0,,,948.0,0.0
1,45800,VOLCANIC_ROCK_VOUCHER_9500,948.0,19.0,,,,,949,19,,,,,948.5,0.0
1,45900,VOLCANIC_ROCK_VOUCHER_9500,948.0,17.0,,,,,950,17,,,,,949.0,0.0
1,46000,VOLCANIC_ROCK_VOUCHER_9500,950.0,16.0,,,,,951,16,,,,,950.5,0.0
1,46100,VOLCANIC_ROCK_VOUCHER_9500,950.0,24.0,,,,,952,13,,,,,951.0,0.0
1,46200,VOLCANIC_ROCK_VOUCHER_9500,950.0,15.0,,,,,951,15,,,,,950.5,0.0
1,46300,VOLCANIC_ROCK_VOUCHER_9500,952.0,13.0,,,,,953,13,,,,,952.5,0.0
1,46400,VOLCANIC_ROCK_VOUCHER_9500,950.0,12.0,,,,,951,12,,,,,950.5,0.0
1,46500,VOLCANIC_ROCK_VOUCHER_9500,950.0,21.0,,,,,951,1,952.0,20.0,,,950.5,0.0
1,46600,VOLCANIC_ROCK_VOUCHER_9500,949.0,4.0,,,,,950,20,,,,,949.5,0.0
1,46700,VOLCANIC_ROCK_VOUCHER_9500,950.0,15.0,,,,,952,15,,,,,951.0,0.0
1,46800,VOLCANIC_ROCK_VOUCHER_9500,948.0,22.0,,,,,949,12,,,,,948.5,0.0
1,46900,VOLCANIC_ROCK_VOUCHER_9500,948.0,18.0,,,,,949,18,,,,,948.5,0.0
1,47000,VOLCANIC_ROCK_VOUCHER_9500,947.0,21.0,,,,,948,21,,,,,947.5,0.0
1,47100,VOLCANIC_ROCK_VOUCHER_9500,948.0,15.0,,,,,949,15,,,,,948.5,0.0
1,47200,VOLCANIC_ROCK_VOUCHER_9500,949.0,21.0,,,,,950,21,,,,,949.5,0.0
1,47300,VOLCANIC_ROCK_VOUCHER_9500,949.0,37.0,,,,,950,19,,,,,949.5,0.0
1,47400,VOLCANIC_ROCK_VOUCHER_9500,950.0,20.0,,,,,951,20,,,,,950.5,0.0
1,47500,VOLCANIC_ROCK_VOUCHER_9500,950.0,12.0,,,,,951,12,,,,,950.5,0.0
1,47600,VOLCANIC_ROCK_VOUCHER_9500,948.0,15.0,,,,,949,15,,,,,948.5,0.0
1,47700,VOLCANIC_ROCK_VOUCHER_9500,946.0,15.0,,,,,947,15,,,,,946.5,0.0
1,47800,VOLCANIC_ROCK_VOUCHER_9500,944.0,20.0,,,,,945,20,,,,,944.5,0.0
1,47900,VOLCANIC_ROCK_VOUCHER_9500,945.0,14.0,,,,,946,14,,,,,945.5,0.0
1,48000,VOLCANIC_ROCK_VOUCHER_9500,946.0,21.0,,,,,947,21,,,,,946.5,0.0
1,48100,VOLCANIC_ROCK_VOUCHER_9500,945.0,13.0,,,,,946,13,,,,,945.5,0.0
1,48200,VOLCANIC_ROCK_VOUCHER_9500,943.0,17.0,,,,,944,17,,,,,943.5,0.0
1,48300,VOLCANIC_ROCK_VOUCHER_9500,943.0,29.0,,,,,945,18,,,,,944.0,0.0
1,48400,VOLCANIC_ROCK_VOUCHER_9500,943.0,22.0,,,,,945,22,,,,,944.0,0.0
1,48500,VOLCANIC_ROCK_VOUCHER_9500,946.0,19.0,,,,,947,19,,,,,946.5,0.0
1,48600,VOLCANIC_ROCK_VOUCHER_9500,945.0,19.0,,,,,946,19,,,,,945.5,0.0
1,48700,VOLCANIC_ROCK_VOUCHER_9500,950.0,31.0,,,,,951,14,,,,,950.5,0.0
1,48800,VOLCANIC_ROCK_VOUCHER_9500,951.0,20.0,,,,,952,20,,,,,951.5,0.0
1,48900,VOLCANIC_ROCK_VOUCHER_9500,952.0,13.0,,,,,954,13,,,,,953.0,0.0
1,49000,VOLCANIC_ROCK_VOUCHER_9500,950.0,20.0,,,,,951,20,,,,,950.5,0.0
1,49100,VOLCANIC_ROCK_VOUCHER_9500,948.0,19.0,,,,,949,19,,,,,948.5,0.0
1,49200,VOLCANIC_ROCK_VOUCHER_9500,949.0,20.0,,,,,950,20,,,,,949.5,0.0
1,49300,VOLCANIC_ROCK_VOUCHER_9500,948.0,16.0,,,,,949,16,,,,,948.5,0.0
1,49400,VOLCANIC_ROCK_VOUCHER_9500,948.0,15.0,,,,,950,15,,,,,949.0,0.0
1,49500,VOLCANIC_ROCK_VOUCHER_9500,948.0,12.0,,,,,950,12,,,,,949.0,0.0
1,49600,VOLCANIC_ROCK_VOUCHER_9500,,,,,,,942,3,943.0,17.0,,,942.0,0.0
1,49700,VOLCANIC_ROCK_VOUCHER_9500,945.0,15.0,,,,,946,15,,,,,945.5,0.0
1,49800,VOLCANIC_ROCK_VOUCHER_9500,944.0,15.0,,,,,945,15,,,,,944.5,0.0
1,49900,VOLCANIC_ROCK_VOUCHER_9500,945.0,17.0,,,,,946,17,,,,,945.5,0.0
1,50000,VOLCANIC_ROCK_VOUCHER_9500,945.0,18.0,,,,,946,18,,,,,945.5,0.0
1,50100,VOLCANIC_ROCK_VOUCHER_9500,944.0,14.0,,,,,945,14,,,,,944.5,0.0
1,50200,VOLCANIC_ROCK_VOUCHER_9500,946.0,30.0,,,,,947,15,,,,,946.5,0.0
1,50300,VOLCANIC_ROCK_VOUCHER_9500,951.0,11.0,,,,,952,11,,,,,951.5,0.0
1,50400,VOLCANIC_ROCK_VOUCHER_9500,956.0,20.0,,,,,957,20,,,,,956.5,0.0
1,50500,VOLCANIC_ROCK_VOUCHER_9500,950.0,19.0,,,,,951,19,,,,,950.5,0.0
1,50600,VOLCANIC_ROCK_VOUCHER_9500,953.0,0.0,,,,,954,13,,,,,953.5,0.0
1,50700,VOLCANIC_ROCK_VOUCHER_9500,953.0,11.0,,,,,954,11,,,,,953.5,0.0
1,50800,VOLCANIC_ROCK_VOUCHER_9500,955.0,21.0,,,,,956,21,,,,,955.5,0.0
1,50900,VOLCANIC_ROCK_VOUCHER_9500,951.0,13.0,,,,,953,13,,,,,952.0,0.0
1,51000,VOLCANIC_ROCK_VOUCHER_9500,947.0,21.0,,,,,949,21,,,,,948.0,0.0
1,51100,VOLCANIC_ROCK_VOUCHER_9500,,,,,,,946,1,948.0,13.0,,,946.0,0.0
1,51200,VOLCANIC_ROCK_VOUCHER_9500,941.0,16.0,,,,,943,16,,,,,942.0,0.0
1,51300,VOLCANIC_ROCK_VOUCHER_9500,939.0,18.0,,,,,940,18,,,,,939.5,0.0
1,51400,VOLCANIC_ROCK_VOUCHER_9500,939.0,17.0,,,,,940,17,,,,,939.5,0.0
1,51500,VOLCANIC_ROCK_VOUCHER_9500,946.0,14.0,,,,,947,14,,,,,946.5,0.0
1,51600,VOLCANIC_ROCK_VOUCHER_9500,944.0,12.0,,,,,945,12,,,,,944.5,0.0
1,51700,VOLCANIC_ROCK_VOUCHER_9500,943.0,20.0,,,,,944,20,,,,,943.5,0.0
1,51800,VOLCANIC_ROCK_VOUCHER_9500,943.0,16.0,,,,,944,16,,,,,943.5,0.0
1,51900,VOLCANIC_ROCK_VOUCHER_9500,943.0,12.0,,,,,944,12,,,,,943.5,0.0
1,52000,VOLCANIC_ROCK_VOUCHER_9500,945.0,16.0,,,,,946,16,,,,,945.5,0.0
1,52100,VOLCANIC_ROCK_VOUCHER_9500,945.0,13.0,,,,,946,13,,,,,945.5,0.0
1,52200,VOLCANIC_ROCK_VOUCHER_9500,946.0,14.0,,,,,947,14,,,,,946.5,0.0
1,52300,VOLCANIC_ROCK_VOUCHER_9500,945.0,13.0,,,,,946,13,,,,,945.5,0.0
1,52400,VOLCANIC_ROCK_VOUCHER_9500,944.0,30.0,,,,,945,21,,,,,944.5,0.0
1,52500,VOLCANIC_ROCK_VOUCHER_9500,940.0,7.0,,,,,941,19,,,,,940.5,0.0
1,52600,VOLCANIC_ROCK_VOUCHER_9500,940.0,17.0,,,,,941,17,,,,,940.5,0.0
1,52700,VOLCANIC_ROCK_VOUCHER_9500,940.0,20.0,,,,,941,20,,,,,940.5,0.0
1,52800,VOLCANIC_ROCK_VOUCHER_9500,943.0,17.0,,,,,944,17,,,,,943.5,0.0
1,52900,VOLCANIC_ROCK_VOUCHER_9500,943.0,11.0,,,,,944,11,,,,,943.5,0.0
1,53000,VOLCANIC_ROCK_VOUCHER_9500,949.0,20.0,,,,,950,20,,,,,949.5,0.0
1,53100,VOLCANIC_ROCK_VOUCHER_9500,948.0,18.0,,,,,949,18,,,,,948.5,0.0
1,53200,VOLCANIC_ROCK_VOUCHER_9500,953.0,20.0,,,,,954,20,,,,,953.5,0.0
1,53300,VOLCANIC_ROCK_VOUCHER_9500,955.0,17.0,,,,,956,17,,,,,955.5,0.0
1,53400,VOLCANIC_ROCK_VOUCHER_9500,960.0,16.0,,,,,961,16,,,,,960.5,0.0
1,53500,VOLCANIC_ROCK_VOUCHER_9500,961.0,13.0,,,,,962,13,,,,,961.5,0.0
1,53600,VOLCANIC_ROCK_VOUCHER_9500,959.0,13.0,,,,,960,13,,,,,959.5,0.0
1,53700,VOLCANIC_ROCK_VOUCHER_9500,959.0,19.0,,,,,960,19,,,,,959.5,0.0
1,53800,VOLCANIC_ROCK_VOUCHER_9500,960.0,15.0,,,,,961,15,,,,,960.5,0.0
1,53900,VOLCANIC_ROCK_VOUCHER_9500,962.0,15.0,,,,,963,15,,,,,962.5,0.0
1,54000,VOLCANIC_ROCK_VOUCHER_9500,962.0,39.0,,,,,963,13,,,,,962.5,0.0
1,54100,VOLCANIC_ROCK_VOUCHER_9500,961.0,18.0,,,,,962,18,,,,,961.5,0.0
1,54200,VOLCANIC_ROCK_VOUCHER_9500,963.0,9.0,962.0,13.0,,,964,13,,,,,963.5,0.0
1,54300,VOLCANIC_ROCK_VOUCHER_9500,963.0,18.0,,,,,964,18,,,,,963.5,0.0
1,54400,VOLCANIC_ROCK_VOUCHER_9500,962.0,4.0,,,,,964,15,,,,,963.0,0.0
1,54500,VOLCANIC_ROCK_VOUCHER_9500,962.0,14.0,,,,,964,14,,,,,963.0,0.0
1,54600,VOLCANIC_ROCK_VOUCHER_9500,961.0,35.0,,,,,963,18,,,,,962.0,0.0
1,54700,VOLCANIC_ROCK_VOUCHER_9500,966.0,21.0,,,,,968,21,,,,,967.0,0.0
1,54800,VOLCANIC_ROCK_VOUCHER_9500,967.0,14.0,,,,,968,14,,,,,967.5,0.0
1,54900,VOLCANIC_ROCK_VOUCHER_9500,970.0,17.0,,,,,972,17,,,,,971.0,0.0
1,55000,VOLCANIC_ROCK_VOUCHER_9500,976.0,20.0,,,,,977,20,,,,,976.5,0.0
1,55100,VOLCANIC_ROCK_VOUCHER_9500,976.0,15.0,,,,,978,15,,,,,977.0,0.0
1,55200,VOLCANIC_ROCK_VOUCHER_9500,975.0,14.0,,,,,976,14,,,,,975.5,0.0
1,55300,VOLCANIC_ROCK_VOUCHER_9500,,,,,,,975,5,976.0,11.0,,,975.0,0.0
1,55400,VOLCANIC_ROCK_VOUCHER_9500,975.0,24.0,,,,,976,13,,,,,975.5,0.0
1,55500,VOLCANIC_ROCK_VOUCHER_9500,975.0,12.0,,,,,976,12,,,,,975.5,0.0
1,55600,VOLCANIC_ROCK_VOUCHER_9500,972.0,11.0,,,,,973,11,,,,,972.5,0.0
1,55700,VOLCANIC_ROCK_VOUCHER_9500,973.0,19.0,,,,,974,19,,,,,973.5,0.0
1,55800,VOLCANIC_ROCK_VOUCHER_9500,975.0,11.0,,,,,976,11,,,,,975.5,0.0
1,55900,VOLCANIC_ROCK_VOUCHER_9500,974.0,20.0,,,,,976,20,,,,,975.0,0.0
1,56000,VOLCANIC_ROCK_VOUCHER_9500,972.0,18.0,,,,,973,18,,,,,972.5,0.0
1,56100,VOLCANIC_ROCK_VOUCHER_9500,973.0,11.0,,,,,974,11,,,,,973.5,0.0
1,56200,VOLCANIC_ROCK_VOUCHER_9500,975.0,12.0,,,,,976,12,,,,,975.5,0.0
1,56300,VOLCANIC_ROCK_VOUCHER_9500,975.0,13.0,,,,,977,13,,,,,976.0,0.0
1,56400,VOLCANIC_ROCK_VOUCHER_9500,972.0,15.0,,,,,973,15,,,,,972.5,0.0
1,56500,VOLCANIC_ROCK_VOUCHER_9500,972.0,12.0,,,,,974,12,,,,,973.0,0.0
1,56600,VOLCANIC_ROCK_VOUCHER_9500,973.0,22.0,,,,,974,22,,,,,973.5,0.0
1,56700,VOLCANIC_ROCK_VOUCHER_9500,972.0,17.0,,,,,973,17,,,,,972.5,0.0
1,56800,VOLCANIC_ROCK_VOUCHER_9500,971.0,13.0,,,,,972,13,,,,,971.5,0.0
1,56900,VOLCANIC_ROCK_VOUCHER_9500,966.0,15.0,,,,,968,15,,,,,967.0,0.0
1,57000,VOLCANIC_ROCK_VOUCHER_9500,965.0,22.0,,,,,966,22,,,,,965.5,0.0
1,57100,VOLCANIC_ROCK_VOUCHER_9500,964.0,19.0,,,,,965,19,,,,,964.5,0.0
1,57200,VOLCANIC_ROCK_VOUCHER_9500,964.0,12.0,,,,,965,12,,,,,964.5,0.0
1,57300,VOLCANIC_ROCK_VOUCHER_9500,964.0,15.0,,,,,966,15,,,,,965.0,0.0
1,57400,VOLCANIC_ROCK_VOUCHER_9500,964.0,15.0,,,,,965,15,,,,,964.5,0.0
1,57500,VOLCANIC_ROCK_VOUCHER_9500,,,,,,,963,3,964.0,11.0,,,963.0,0.0
1,57600,VOLCANIC_ROCK_VOUCHER_9500,961.0,22.0,,,,,962,22,,,,,961.5,0.0
1,57700,VOLCANIC_ROCK_VOUCHER_9500,963.0,20.0,,,,,964,20,,,,,963.5,0.0
1,57800,VOLCANIC_ROCK_VOUCHER_9500,964.0,14.0,,,,,965,14,,,,,964.5,0.0
1,57900,VOLCANIC_ROCK_VOUCHER_9500,965.0,18.0,,,,,966,18,,,,,965.5,0.0
1,58000,VOLCANIC_ROCK_VOUCHER_9500,964.0,19.0,,,,,966,19,,,,,965.0,0.0
1,58100,VOLCANIC_ROCK_VOUCHER_9500,965.0,13.0,,,,,966,13,,,,,965.5,0.0
1,58200,VOLCANIC_ROCK_VOUCHER_9500,969.0,21.0,,,,,970,21,,,,,969.5,0.0
1,58300,VOLCANIC_ROCK_VOUCHER_9500,967.0,12.0,,,,,968,12,,,,,967.5,0.0
1,58400,VOLCANIC_ROCK_VOUCHER_9500,968.0,13.0,,,,,970,13,,,,,969.0,0.0
1,58500,VOLCANIC_ROCK_VOUCHER_9500,968.0,19.0,,,,,969,19,,,,,968.5,0.0
1,58600,VOLCANIC_ROCK_VOUCHER_9500,968.0,14.0,,,,,969,14,,,,,968.5,0.0
1,58700,VOLCANIC_ROCK_VOUCHER_9500,970.0,20.0,,,,,971,20,,,,,970.5,0.0
1,58800,VOLCANIC_ROCK_VOUCHER_9500,972.0,19.0,,,,,973,19,,,,,972.5,0.0
1,58900,VOLCANIC_ROCK_VOUCHER_9500,970.0,2.0,969.0,15.0,,,971,17,,,,,970.5,0.0
1,59000,VOLCANIC_ROCK_VOUCHER_9500,968.0,2.0,,,,,969,19,,,,,968.5,0.0
1,59100,VOLCANIC_ROCK_VOUCHER_9500,968.0,12.0,,,,,969,12,,,,,968.5,0.0
1,59200,VOLCANIC_ROCK_VOUCHER_9500,970.0,40.0,,,,,971,22,,,,,970.5,0.0
1,59300,VOLCANIC_ROCK_VOUCHER_9500,970.0,14.0,,,,,971,14,,,,,970.5,0.0
1,59400,VOLCANIC_ROCK_VOUCHER_9500,970.0,17.0,,,,,971,17,,,,,970.5,0.0
1,59500,VOLCANIC_ROCK_VOUCHER_9500,971.0,14.0,,,,,972,14,,,,,971.5,0.0
1,59600,VOLCANIC_ROCK_VOUCHER_9500,968.0,12.0,,,,,969,12,,,,,968.5,0.0
1,59700,VOLCANIC_ROCK_VOUCHER_9500,970.0,17.0,,,,,972,17,,,,,971.0,0.0
1,59800,VOLCANIC_ROCK_VOUCHER_9500,969.0,13.0,,,,,970,13,,,,,969.5,0.0
1,59900,VOLCANIC_ROCK_VOUCHER_9500,970.0,12.0,,,,,971,12,,,,,970.5,0.0
1,60000,VOLCANIC_ROCK_VOUCHER_9500,970.0,16.0,,,,,971,16,,,,,970.5,0.0
1,60100,VOLCANIC_ROCK_VOUCHER_9500,965.0,11.0,,,,,966,11,,,,,965.5,0.0
1,60200,VOLCANIC_ROCK_VOUCHER_9500,968.0,12.0,,,,,970,12,,,,,969.0,0.0
1,60300,VOLCANIC_ROCK_VOUCHER_9500,968.0,20.0,,,,,969,20,,,,,968.5,0.0
1,60400,VOLCANIC_ROCK_VOUCHER_9500,966.0,17.0,,,,,967,17,,,,,966.5,0.0
1,60500,VOLCANIC_ROCK_VOUCHER_9500,970.0,20.0,,,,,971,20,,,,,970.5,0.0
1,60600,VOLCANIC_ROCK_VOUCHER_9500,969.0,13.0,,,,,971,13,,,,,970.0,0.0
1,60700,VOLCANIC_ROCK_VOUCHER_9500,970.0,20.0,,,,,971,20,,,,,970.5,0.0
1,60800,VOLCANIC_ROCK_VOUCHER_9500,969.0,19.0,,,,,970,19,,,,,969.5,0.0
1,60900,VOLCANIC_ROCK_VOUCHER_9500,970.0,22.0,,,,,971,13,,,,,970.5,0.0
1,61000,VOLCANIC_ROCK_VOUCHER_9500,972.0,20.0,,,,,973,20,,,,,972.5,0.0
1,61100,VOLCANIC_ROCK_VOUCHER_9500,970.0,26.0,,,,,971,13,,,,,970.5,0.0
1,61200,VOLCANIC_ROCK_VOUCHER_9500,970.0,19.0,,,,,971,19,,,,,970.5,0.0
1,61300,VOLCANIC_ROCK_VOUCHER_9500,971.0,11.0,,,,,972,11,,,,,971.5,0.0
1,61400,VOLCANIC_ROCK_VOUCHER_9500,968.0,21.0,,,,,969,11,,,,,968.5,0.0
1,61500,VOLCANIC_ROCK_VOUCHER_9500,966.0,19.0,,,,,967,19,,,,,966.5,0.0
1,61600,VOLCANIC_ROCK_VOUCHER_9500,962.0,12.0,,,,,963,12,,,,,962.5,0.0
1,61700,VOLCANIC_ROCK_VOUCHER_9500,962.0,22.0,,,,,963,22,,,,,962.5,0.0
1,61800,VOLCANIC_ROCK_VOUCHER_9500,962.0,13.0,,,,,963,13,,,,,962.5,0.0
1,61900,VOLCANIC_ROCK_VOUCHER_9500,959.0,6.0,,,,,960,20,,,,,959.5,0.0
1,62000,VOLCANIC_ROCK_VOUCHER_9500,962.0,20.0,,,,,963,20,,,,,962.5,0.0
1,62100,VOLCANIC_ROCK_VOUCHER_9500,963.0,21.0,,,,,964,21,,,,,963.5,0.0
1,62200,VOLCANIC_ROCK_VOUCHER_9500,963.0,19.0,,,,,964,19,,,,,963.5,0.0
1,62300,VOLCANIC_ROCK_VOUCHER_9500,965.0,13.0,,,,,966,13,,,,,965.5,0.0
1,62400,VOLCANIC_ROCK_VOUCHER_9500,965.0,16.0,,,,,967,16,,,,,966.0,0.0
1,62500,VOLCANIC_ROCK_VOUCHER_9500,967.0,19.0,,,,,968,19,,,,,967.5,0.0
1,62600,VOLCANIC_ROCK_VOUCHER_9500,,,,,,,969,5,970.0,13.0,,,969.0,0.0
1,62700,VOLCANIC_ROCK_VOUCHER_9500,969.0,15.0,,,,,971,15,,,,,970.0,0.0
1,62800,VOLCANIC_ROCK_VOUCHER_9500,969.0,20.0,,,,,970,20,,,,,969.5,0.0
1,62900,VOLCANIC_ROCK_VOUCHER_9500,969.0,0.0,,,,,970,15,,,,,969.5,0.0
1,63000,VOLCANIC_ROCK_VOUCHER_9500,967.0,12.0,,,,,969,12,,,,,968.0,0.0
1,63100,VOLCANIC_ROCK_VOUCHER_9500,965.0,17.0,,,,,966,17,,,,,965.5,0.0
1,63200,VOLCANIC_ROCK_VOUCHER_9500,968.0,16.0,,,,,969,16,,,,,968.5,0.0
1,63300,VOLCANIC_ROCK_VOUCHER_9500,973.0,19.0,,,,,974,13,,,,,973.5,0.0
1,63400,VOLCANIC_ROCK_VOUCHER_9500,974.0,15.0,,,,,975,15,,,,,974.5,0.0
1,63500,VOLCANIC_ROCK_VOUCHER_9500,975.0,25.0,,,,,976,10,,,,,975.5,0.0
1,63600,VOLCANIC_ROCK_VOUCHER_9500,972.0,18.0,,,,,974,18,,,,,973.0,0.0
1,63700,VOLCANIC_ROCK_VOUCHER_9500,973.0,14.0,,,,,974,14,,,,,973.5,0.0
1,63800,VOLCANIC_ROCK_VOUCHER_9500,973.0,19.0,,,,,974,19,,,,,973.5,0.0
1,63900,VOLCANIC_ROCK_VOUCHER_9500,972.0,20.0,,,,,973,20,,,,,972.5,0.0
1,64000,VOLCANIC_ROCK_VOUCHER_9500,974.0,19.0,,,,,975,19,,,,,974.5,0.0
1,64100,VOLCANIC_ROCK_VOUCHER_9500,968.0,2.0,967.0,19.0,,,969,21,,,,,968.5,0.0
1,64200,VOLCANIC_ROCK_VOUCHER_9500,970.0,15.0,,,,,971,15,,,,,970.5,0.0
1,64300,VOLCANIC_ROCK_VOUCHER_9500,967.0,15.0,,,,,969,15,,,,,968.0,0.0
1,64400,VOLCANIC_ROCK_VOUCHER_9500,968.0,18.0,,,,,969,18,,,,,968.5,0.0
1,64500,VOLCANIC_ROCK_VOUCHER_9500,966.0,14.0,,,,,967,14,,,,,966.5,0.0
1,64600,VOLCANIC_ROCK_VOUCHER_9500,962.0,29.0,,,,,963,15,,,,,962.5,0.0
1,64700,VOLCANIC_ROCK_VOUCHER_9500,965.0,12.0,,,,,967,12,,,,,966.0,0.0
1,64800,VOLCANIC_ROCK_VOUCHER_9500,963.0,34.0,,,,,964,17,,,,,963.5,0.0
1,64900,VOLCANIC_ROCK_VOUCHER_9500,965.0,17.0,,,,,966,2,967.0,15.0,,,965.5,0.0
1,65000,VOLCANIC_ROCK_VOUCHER_9500,965.0,21.0,,,,,966,21,,,,,965.5,0.0
1,65100,VOLCANIC_ROCK_VOUCHER_9500,965.0,33.0,,,,,966,15,,,,,965.5,0.0
1,65200,VOLCANIC_ROCK_VOUCHER_9500,968.0,14.0,,,,,969,14,,,,,968.5,0.0
1,65300,VOLCANIC_ROCK_VOUCHER_9500,968.0,20.0,,,,,969,20,,,,,968.5,0.0
1,65400,VOLCANIC_ROCK_VOUCHER_9500,964.0,12.0,,,,,965,12,,,,,964.5,0.0
1,65500,VOLCANIC_ROCK_VOUCHER_9500,965.0,13.0,,,,,966,13,,,,,965.5,0.0
1,65600,VOLCANIC_ROCK_VOUCHER_9500,965.0,19.0,,,,,966,19,,,,,965.5,0.0
1,65700,VOLCANIC_ROCK_VOUCHER_9500,964.0,14.0,,,,,966,14,,,,,965.0,0.0
1,65800,VOLCANIC_ROCK_VOUCHER_9500,965.0,11.0,,,,,967,11,,,,,966.0,0.0
1,65900,VOLCANIC_ROCK_VOUCHER_9500,965.0,22.0,,,,,966,22,,,,,965.5,0.0
1,66000,VOLCANIC_ROCK_VOUCHER_9500,965.0,29.0,,,,,966,13,,,,,965.5,0.0
1,66100,VOLCANIC_ROCK_VOUCHER_9500,966.0,32.0,,,,,968,14,,,,,967.0,0.0
1,66200,VOLCANIC_ROCK_VOUCHER_9500,963.0,17.0,,,,,964,17,,,,,963.5,0.0
1,66300,VOLCANIC_ROCK_VOUCHER_9500,961.0,13.0,,,,,962,13,,,,,961.5,0.0
1,66400,VOLCANIC_ROCK_VOUCHER_9500,961.0,14.0,,,,,962,14,,,,,961.5,0.0
1,66500,VOLCANIC_ROCK_VOUCHER_9500,962.0,11.0,,,,,963,11,,,,,962.5,0.0
1,66600,VOLCANIC_ROCK_VOUCHER_9500,957.0,20.0,,,,,958,20,,,,,957.5,0.0
1,66700,VOLCANIC_ROCK_VOUCHER_9500,957.0,17.0,,,,,958,17,,,,,957.5,0.0
1,66800,VOLCANIC_ROCK_VOUCHER_9500,954.0,15.0,,,,,955,15,,,,,954.5,0.0
1,66900,VOLCANIC_ROCK_VOUCHER_9500,953.0,11.0,,,,,955,11,,,,,954.0,0.0
1,67000,VOLCANIC_ROCK_VOUCHER_9500,955.0,15.0,,,,,956,15,,,,,955.5,0.0
1,67100,VOLCANIC_ROCK_VOUCHER_9500,957.0,18.0,,,,,958,18,,,,,957.5,0.0
1,67200,VOLCANIC_ROCK_VOUCHER_9500,958.0,17.0,,,,,959,17,,,,,958.5,0.0
1,67300,VOLCANIC_ROCK_VOUCHER_9500,961.0,13.0,,,,,962,11,963.0,13.0,,,961.5,0.0
1,67400,VOLCANIC_ROCK_VOUCHER_9500,962.0,13.0,,,,,963,13,,,,,962.5,0.0
1,67500,VOLCANIC_ROCK_VOUCHER_9500,961.0,33.0,,,,,962,14,,,,,961.5,0.0
1,67600,VOLCANIC_ROCK_VOUCHER_9500,959.0,20.0,,,,,960,20,,,,,959.5,0.0
1,67700,VOLCANIC_ROCK_VOUCHER_9500,959.0,13.0,,,,,960,13,,,,,959.5,0.0
1,67800,VOLCANIC_ROCK_VOUCHER_9500,958.0,12.0,,,,,959,12,,,,,958.5,0.0
1,67900,VOLCANIC_ROCK_VOUCHER_9500,956.0,14.0,,,,,957,14,,,,,956.5,0.0
1,68000,VOLCANIC_ROCK_VOUCHER_9500,953.0,20.0,,,,,954,20,,,,,953.5,0.0
1,68100,VOLCANIC_ROCK_VOUCHER_9500,954.0,18.0,,,,,956,18,,,,,955.0,0.0
1,68200,VOLCANIC_ROCK_VOUCHER_9500,953.0,19.0,,,,,955,19,,,,,954.0,0.0
1,68300,VOLCANIC_ROCK_VOUCHER_9500,956.0,20.0,,,,,958,20,,,,,957.0,0.0
1,68400,VOLCANIC_ROCK_VOUCHER_9500,960.0,11.0,,,,,961,11,,,,,960.5,0.0
1,68500,VOLCANIC_ROCK_VOUCHER_9500,960.0,20.0,,,,,961,20,,,,,960.5,0.0
1,68600,VOLCANIC_ROCK_VOUCHER_9500,961.0,19.0,,,,,962,19,,,,,961.5,0.0
1,68700,VOLCANIC_ROCK_VOUCHER_9500,963.0,18.0,,,,,964,18,,,,,963.5,0.0
1,68800,VOLCANIC_ROCK_VOUCHER_9500,962.0,13.0,,,,,963,13,,,,,962.5,0.0
1,68900,VOLCANIC_ROCK_VOUCHER_9500,967.0,18.0,,,,,968,18,,,,,967.5,0.0
1,69000,VOLCANIC_ROCK_VOUCHER_9500,967.0,17.0,,,,,968,17,,,,,967.5,0.0
1,69100,VOLCANIC_ROCK_VOUCHER_9500,962.0,17.0,,,,,963,17,,,,,962.5,0.0
1,69200,VOLCANIC_ROCK_VOUCHER_9500,963.0,24.0,,,,,964,16,,,,,963.5,0.0
1,69300,VOLCANIC_ROCK_VOUCHER_9500,965.0,16.0,,,,,966,16,,,,,965.5,0.0
1,69400,VOLCANIC_ROCK_VOUCHER_9500,965.0,14.0,,,,,966,14,,,,,965.5,0.0
1,69500,VOLCANIC_ROCK_VOUCHER_9500,965.0,19.0,,,,,966,19,,,,,965.5,0.0
1,69600,VOLCANIC_ROCK_VOUCHER_9500,965.0,22.0,,,,,966,22,,,,,965.5,0.0
1,69700,VOLCANIC_ROCK_VOUCHER_9500,965.0,19.0,,,,,966,19,,,,,965.5,0.0
1,69800,VOLCANIC_ROCK_VOUCHER_9500,967.0,12.0,,,,,968,12,,,,,967.5,0.0
1,69900,VOLCANIC_ROCK_VOUCHER_9500,967.0,18.0,,,,,968,18,,,,,967.5,0.0
1,70000,VOLCANIC_ROCK_VOUCHER_9500,968.0,20.0,,,,,969,20,,,,,968.5,0.0
1,70100,VOLCANIC_ROCK_VOUCHER_9500,966.0,18.0,,,,,968,18,,,,,967.0,0.0
1,70200,VOLCANIC_ROCK_VOUCHER_9500,968.0,17.0,,,,,969,17,,,,,968.5,0.0
1,70300,VOLCANIC_ROCK_VOUCHER_9500,967.0,18.0,,,,,968,18,,,,,967.5,0.0
1,70400,VOLCANIC_ROCK_VOUCHER_9500,969.0,20.0,,,,,970,2,971.0,18.0,,,969.5,0.0
1,70500,VOLCANIC_ROCK_VOUCHER_9500,969.0,12.0,,,,,970,12,,,,,969.5,0.0
1,70600,VOLCANIC_ROCK_VOUCHER_9500,968.0,18.0,,,,,969,18,,,,,968.5,0.0
1,70700,VOLCANIC_ROCK_VOUCHER_9500,967.0,11.0,,,,,968,11,,,,,967.5,0.0
1,70800,VOLCANIC_ROCK_VOUCHER_9500,965.0,16.0,,,,,966,16,,,,,965.5,0.0
1,70900,VOLCANIC_ROCK_VOUCHER_9500,965.0,17.0,,,,,966,17,,,,,965.5,0.0
1,71000,VOLCANIC_ROCK_VOUCHER_9500,965.0,22.0,,,,,966,22,,,,,965.5,0.0
1,71100,VOLCANIC_ROCK_VOUCHER_9500,964.0,10.0,,,,,965,10,,,,,964.5,0.0
1,71200,VOLCANIC_ROCK_VOUCHER_9500,964.0,15.0,,,,,965,15,,,,,964.5,0.0
1,71300,VOLCANIC_ROCK_VOUCHER_9500,968.0,21.0,,,,,970,21,,,,,969.0,0.0
1,71400,VOLCANIC_ROCK_VOUCHER_9500,968.0,16.0,,,,,970,16,,,,,969.0,0.0
1,71500,VOLCANIC_ROCK_VOUCHER_9500,968.0,14.0,,,,,970,14,,,,,969.0,0.0
1,71600,VOLCANIC_ROCK_VOUCHER_9500,964.0,20.0,,,,,966,20,,,,,965.0,0.0
1,71700,VOLCANIC_ROCK_VOUCHER_9500,968.0,14.0,,,,,970,14,,,,,969.0,0.0
1,71800,VOLCANIC_ROCK_VOUCHER_9500,968.0,12.0,,,,,969,12,,,,,968.5,0.0
1,71900,VOLCANIC_ROCK_VOUCHER_9500,967.0,18.0,,,,,968,18,,,,,967.5,0.0
1,72000,VOLCANIC_ROCK_VOUCHER_9500,967.0,0.0,,,,,968,17,,,,,967.5,0.0
1,72100,VOLCANIC_ROCK_VOUCHER_9500,967.0,21.0,,,,,968,21,,,,,967.5,0.0
1,72200,VOLCANIC_ROCK_VOUCHER_9500,968.0,13.0,,,,,969,13,,,,,968.5,0.0
1,72300,VOLCANIC_ROCK_VOUCHER_9500,967.0,14.0,,,,,968,14,,,,,967.5,0.0
1,72400,VOLCANIC_ROCK_VOUCHER_9500,968.0,36.0,,,,,969,19,,,,,968.5,0.0
1,72500,VOLCANIC_ROCK_VOUCHER_9500,969.0,20.0,,,,,970,20,,,,,969.5,0.0
1,72600,VOLCANIC_ROCK_VOUCHER_9500,972.0,11.0,,,,,973,11,,,,,972.5,0.0
1,72700,VOLCANIC_ROCK_VOUCHER_9500,973.0,11.0,,,,,974,11,,,,,973.5,0.0
1,72800,VOLCANIC_ROCK_VOUCHER_9500,977.0,22.0,,,,,978,22,,,,,977.5,0.0
1,72900,VOLCANIC_ROCK_VOUCHER_9500,978.0,16.0,,,,,979,16,,,,,978.5,0.0
1,73000,VOLCANIC_ROCK_VOUCHER_9500,973.0,16.0,,,,,974,16,,,,,973.5,0.0
1,73100,VOLCANIC_ROCK_VOUCHER_9500,974.0,18.0,,,,,975,18,,,,,974.5,0.0
1,73200,VOLCANIC_ROCK_VOUCHER_9500,975.0,17.0,,,,,976,17,,,,,975.5,0.0
1,73300,VOLCANIC_ROCK_VOUCHER_9500,974.0,5.0,,,,,975,15,,,,,974.5,0.0
1,73400,VOLCANIC_ROCK_VOUCHER_9500,975.0,20.0,,,,,976,20,,,,,975.5,0.0
1,73500,VOLCANIC_ROCK_VOUCHER_9500,975.0,19.0,,,,,976,19,,,,,975.5,0.0
1,73600,VOLCANIC_ROCK_VOUCHER_9500,973.0,19.0,,,,,974,19,,,,,973.5,0.0
1,73700,VOLCANIC_ROCK_VOUCHER_9500,975.0,13.0,,,,,976,13,,,,,975.5,0.0
1,73800,VOLCANIC_ROCK_VOUCHER_9500,974.0,14.0,,,,,975,14,,,,,974.5,0.0
1,73900,VOLCANIC_ROCK_VOUCHER_9500,972.0,13.0,,,,,973,13,,,,,972.5,0.0
1,74000,VOLCANIC_ROCK_VOUCHER_9500,974.0,13.0,,,,,975,13,,,,,974.5,0.0
1,74100,VOLCANIC_ROCK_VOUCHER_9500,972.0,16.0,,,,,973,16,,,,,972.5,0.0
1,74200,VOLCANIC_ROCK_VOUCHER_9500,968.0,12.0,,,,,969,12,,,,,968.5,0.0
1,74300,VOLCANIC_ROCK_VOUCHER_9500,968.0,18.0,,,,,969,18,,,,,968.5,0.0
1,74400,VOLCANIC_ROCK_VOUCHER_9500,966.0,12.0,,,,,968,12,,,,,967.0,0.0
1,74500,VOLCANIC_ROCK_VOUCHER_9500,968.0,13.0,,,,,969,13,,,,,968.5,0.0
1,74600,VOLCANIC_ROCK_VOUCHER_9500,970.0,13.0,,,,,971,13,,,,,970.5,0.0
1,74700,VOLCANIC_ROCK_VOUCHER_9500,968.0,12.0,,,,,969,12,,,,,968.5,0.0
1,74800,VOLCANIC_ROCK_VOUCHER_9500,969.0,3.0,,,,,970,17,,,,,969.5,0.0
1,74900,VOLCANIC_ROCK_VOUCHER_9500,969.0,34.0,,,,,970,21,,,,,969.5,0.0
1,75000,VOLCANIC_ROCK_VOUCHER_9500,969.0,21.0,,,,,970,21,,,,,969.5,0.0
1,75100,VOLCANIC_ROCK_VOUCHER_9500,968.0,16.0,,,,,969,16,,,,,968.5,0.0
1,75200,VOLCANIC_ROCK_VOUCHER_9500,964.0,14.0,,,,,965,14,,,,,964.5,0.0
1,75300,VOLCANIC_ROCK_VOUCHER_9500,965.0,17.0,,,,,967,17,,,,,966.0,0.0
1,75400,VOLCANIC_ROCK_VOUCHER_9500,965.0,17.0,,,,,966,17,,,,,965.5,0.0
1,75500,VOLCANIC_ROCK_VOUCHER_9500,964.0,34.0,,,,,965,16,,,,,964.5,0.0
1,75600,VOLCANIC_ROCK_VOUCHER_9500,962.0,6.0,,,,,963,15,,,,,962.5,0.0
1,75700,VOLCANIC_ROCK_VOUCHER_9500,964.0,17.0,,,,,965,17,,,,,964.5,0.0
1,75800,VOLCANIC_ROCK_VOUCHER_9500,964.0,15.0,,,,,965,15,,,,,964.5,0.0
1,75900,VOLCANIC_ROCK_VOUCHER_9500,964.0,13.0,,,,,965,13,,,,,964.5,0.0
1,76000,VOLCANIC_ROCK_VOUCHER_9500,964.0,16.0,,,,,965,16,,,,,964.5,0.0
1,76100,VOLCANIC_ROCK_VOUCHER_9500,964.0,10.0,,,,,965,10,,,,,964.5,0.0
1,76200,VOLCANIC_ROCK_VOUCHER_9500,967.0,12.0,,,,,968,12,,,,,967.5,0.0
1,76300,VOLCANIC_ROCK_VOUCHER_9500,971.0,19.0,,,,,972,19,,,,,971.5,0.0
1,76400,VOLCANIC_ROCK_VOUCHER_9500,970.0,20.0,,,,,971,20,,,,,970.5,0.0
1,76500,VOLCANIC_ROCK_VOUCHER_9500,971.0,19.0,,,,,972,19,,,,,971.5,0.0
1,76600,VOLCANIC_ROCK_VOUCHER_9500,969.0,15.0,,,,,970,15,,,,,969.5,0.0
1,76700,VOLCANIC_ROCK_VOUCHER_9500,968.0,20.0,,,,,969,20,,,,,968.5,0.0
1,76800,VOLCANIC_ROCK_VOUCHER_9500,967.0,14.0,,,,,969,14,,,,,968.0,0.0
1,76900,VOLCANIC_ROCK_VOUCHER_9500,966.0,22.0,,,,,967,22,,,,,966.5,0.0
1,77000,VOLCANIC_ROCK_VOUCHER_9500,966.0,20.0,,,,,967,20,,,,,966.5,0.0
1,77100,VOLCANIC_ROCK_VOUCHER_9500,965.0,27.0,,,,,966,11,,,,,965.5,0.0
1,77200,VOLCANIC_ROCK_VOUCHER_9500,965.0,12.0,,,,,966,12,,,,,965.5,0.0
1,77300,VOLCANIC_ROCK_VOUCHER_9500,965.0,16.0,,,,,966,16,,,,,965.5,0.0
1,77400,VOLCANIC_ROCK_VOUCHER_9500,963.0,14.0,,,,,964,14,,,,,963.5,0.0
1,77500,VOLCANIC_ROCK_VOUCHER_9500,963.0,21.0,,,,,964,21,,,,,963.5,0.0
1,77600,VOLCANIC_ROCK_VOUCHER_9500,964.0,11.0,,,,,965,17,966.0,11.0,,,964.5,0.0
1,77700,VOLCANIC_ROCK_VOUCHER_9500,964.0,19.0,,,,,966,19,,,,,965.0,0.0
1,77800,VOLCANIC_ROCK_VOUCHER_9500,967.0,17.0,,,,,968,17,,,,,967.5,0.0
1,77900,VOLCANIC_ROCK_VOUCHER_9500,968.0,12.0,,,,,969,12,,,,,968.5,0.0
1,78000,VOLCANIC_ROCK_VOUCHER_9500,967.0,14.0,,,,,968,14,,,,,967.5,0.0
1,78100,VOLCANIC_ROCK_VOUCHER_9500,965.0,16.0,,,,,966,16,,,,,965.5,0.0
1,78200,VOLCANIC_ROCK_VOUCHER_9500,965.0,15.0,,,,,966,15,,,,,965.5,0.0
1,78300,VOLCANIC_ROCK_VOUCHER_9500,967.0,12.0,,,,,968,12,,,,,967.5,0.0
1,78400,VOLCANIC_ROCK_VOUCHER_9500,967.0,14.0,,,,,968,14,,,,,967.5,0.0
1,78500,VOLCANIC_ROCK_VOUCHER_9500,967.0,3.0,,,,,968,16,,,,,967.5,0.0
1,78600,VOLCANIC_ROCK_VOUCHER_9500,965.0,14.0,,,,,966,14,,,,,965.5,0.0
1,78700,VOLCANIC_ROCK_VOUCHER_9500,964.0,14.0,,,,,965,14,,,,,964.5,0.0
1,78800,VOLCANIC_ROCK_VOUCHER_9500,964.0,12.0,,,,,965,12,,,,,964.5,0.0
1,78900,VOLCANIC_ROCK_VOUCHER_9500,963.0,20.0,,,,,964,20,,,,,963.5,0.0
1,79000,VOLCANIC_ROCK_VOUCHER_9500,964.0,16.0,,,,,965,16,,,,,964.5,0.0
1,79100,VOLCANIC_ROCK_VOUCHER_9500,964.0,18.0,,,,,965,18,,,,,964.5,0.0
1,79200,VOLCANIC_ROCK_VOUCHER_9500,964.0,22.0,,,,,965,22,,,,,964.5,0.0
1,79300,VOLCANIC_ROCK_VOUCHER_9500,964.0,13.0,,,,,965,13,,,,,964.5,0.0
1,79400,VOLCANIC_ROCK_VOUCHER_9500,965.0,2.0,,,,,966,15,,,,,965.5,0.0
1,79500,VOLCANIC_ROCK_VOUCHER_9500,964.0,16.0,,,,,965,16,,,,,964.5,0.0
1,79600,VOLCANIC_ROCK_VOUCHER_9500,963.0,17.0,,,,,964,17,,,,,963.5,0.0
1,79700,VOLCANIC_ROCK_VOUCHER_9500,963.0,17.0,,,,,964,17,,,,,963.5,0.0
1,79800,VOLCANIC_ROCK_VOUCHER_9500,963.0,17.0,,,,,964,17,,,,,963.5,0.0
1,79900,VOLCANIC_ROCK_VOUCHER_9500,961.0,21.0,,,,,962,21,,,,,961.5,0.0
1,80000,VOLCANIC_ROCK_VOUCHER_9500,963.0,22.0,,,,,964,22,,,,,963.5,0.0
1,80100,VOLCANIC_ROCK_VOUCHER_9500,960.0,20.0,,,,,961,20,,,,,960.5,0.0
1,80200,VOLCANIC_ROCK_VOUCHER_9500,957.0,19.0,,,,,959,19,,,,,958.0,0.0
1,80300,VOLCANIC_ROCK_VOUCHER_9500,959.0,15.0,,,,,960,15,,,,,959.5,0.0
1,80400,VOLCANIC_ROCK_VOUCHER_9500,959.0,13.0,,,,,961,13,,,,,960.0,0.0
1,80500,VOLCANIC_ROCK_VOUCHER_9500,960.0,18.0,,,,,961,18,,,,,960.5,0.0
1,80600,VOLCANIC_ROCK_VOUCHER_9500,962.0,32.0,,,,,963,19,,,,,962.5,0.0
1,80700,VOLCANIC_ROCK_VOUCHER_9500,965.0,19.0,,,,,966,19,,,,,965.5,0.0
1,80800,VOLCANIC_ROCK_VOUCHER_9500,964.0,17.0,,,,,965,17,,,,,964.5,0.0
1,80900,VOLCANIC_ROCK_VOUCHER_9500,964.0,18.0,,,,,965,18,,,,,964.5,0.0
1,81000,VOLCANIC_ROCK_VOUCHER_9500,964.0,15.0,,,,,965,15,,,,,964.5,0.0
1,81100,VOLCANIC_ROCK_VOUCHER_9500,963.0,13.0,,,,,964,13,,,,,963.5,0.0
1,81200,VOLCANIC_ROCK_VOUCHER_9500,962.0,19.0,,,,,963,19,,,,,962.5,0.0
1,81300,VOLCANIC_ROCK_VOUCHER_9500,963.0,12.0,,,,,964,12,,,,,963.5,0.0
1,81400,VOLCANIC_ROCK_VOUCHER_9500,964.0,13.0,,,,,966,13,,,,,965.0,0.0
1,81500,VOLCANIC_ROCK_VOUCHER_9500,962.0,20.0,,,,,963,20,,,,,962.5,0.0
1,81600,VOLCANIC_ROCK_VOUCHER_9500,961.0,19.0,,,,,963,19,,,,,962.0,0.0
1,81700,VOLCANIC_ROCK_VOUCHER_9500,961.0,19.0,,,,,962,19,,,,,961.5,0.0
1,81800,VOLCANIC_ROCK_VOUCHER_9500,962.0,12.0,,,,,963,12,,,,,962.5,0.0
1,81900,VOLCANIC_ROCK_VOUCHER_9500,963.0,16.0,,,,,964,16,,,,,963.5,0.0
1,82000,VOLCANIC_ROCK_VOUCHER_9500,964.0,12.0,,,,,965,12,,,,,964.5,0.0
1,82100,VOLCANIC_ROCK_VOUCHER_9500,970.0,16.0,,,,,971,16,,,,,970.5,0.0
1,82200,VOLCANIC_ROCK_VOUCHER_9500,973.0,10.0,,,,,974,10,,,,,973.5,0.0
1,82300,VOLCANIC_ROCK_VOUCHER_9500,975.0,18.0,,,,,976,18,,,,,975.5,0.0
1,82400,VOLCANIC_ROCK_VOUCHER_9500,974.0,14.0,,,,,975,14,,,,,974.5,0.0
1,82500,VOLCANIC_ROCK_VOUCHER_9500,973.0,15.0,,,,,974,15,,,,,973.5,0.0
1,82600,VOLCANIC_ROCK_VOUCHER_9500,971.0,20.0,,,,,972,20,,,,,971.5,0.0
1,82700,VOLCANIC_ROCK_VOUCHER_9500,973.0,21.0,,,,,974,21,,,,,973.5,0.0
1,82800,VOLCANIC_ROCK_VOUCHER_9500,974.0,13.0,,,,,975,13,,,,,974.5,0.0
1,82900,VOLCANIC_ROCK_VOUCHER_9500,973.0,17.0,,,,,974,17,,,,,973.5,0.0
1,83000,VOLCANIC_ROCK_VOUCHER_9500,973.0,17.0,,,,,974,2,975.0,15.0,,,973.5,0.0
1,83100,VOLCANIC_ROCK_VOUCHER_9500,972.0,18.0,,,,,973,18,,,,,972.5,0.0
1,83200,VOLCANIC_ROCK_VOUCHER_9500,,,,,,,972,3,973.0,14.0,,,972.0,0.0
1,83300,VOLCANIC_ROCK_VOUCHER_9500,975.0,8.0,,,,,976,20,,,,,975.5,0.0
1,83400,VOLCANIC_ROCK_VOUCHER_9500,975.0,13.0,,,,,976,13,,,,,975.5,0.0
1,83500,VOLCANIC_ROCK_VOUCHER_9500,977.0,13.0,,,,,978,13,,,,,977.5,0.0
1,83600,VOLCANIC_ROCK_VOUCHER_9500,977.0,20.0,,,,,978,20,,,,,977.5,0.0
1,83700,VOLCANIC_ROCK_VOUCHER_9500,979.0,22.0,,,,,980,11,,,,,979.5,0.0
1,83800,VOLCANIC_ROCK_VOUCHER_9500,980.0,11.0,,,,,981,11,,,,,980.5,0.0
1,83900,VOLCANIC_ROCK_VOUCHER_9500,982.0,14.0,,,,,983,14,,,,,982.5,0.0
1,84000,VOLCANIC_ROCK_VOUCHER_9500,983.0,30.0,,,,,984,12,,,,,983.5,0.0
1,84100,VOLCANIC_ROCK_VOUCHER_9500,978.0,13.0,,,,,979,13,,,,,978.5,0.0
1,84200,VOLCANIC_ROCK_VOUCHER_9500,975.0,16.0,,,,,976,16,,,,,975.5,0.0
1,84300,VOLCANIC_ROCK_VOUCHER_9500,977.0,26.0,,,,,978,12,,,,,977.5,0.0
1,84400,VOLCANIC_ROCK_VOUCHER_9500,977.0,21.0,,,,,978,21,,,,,977.5,0.0
1,84500,VOLCANIC_ROCK_VOUCHER_9500,977.0,21.0,,,,,978,21,,,,,977.5,0.0
1,84600,VOLCANIC_ROCK_VOUCHER_9500,975.0,14.0,,,,,976,14,,,,,975.5,0.0
1,84700,VOLCANIC_ROCK_VOUCHER_9500,974.0,27.0,,,,,975,15,,,,,974.5,0.0
1,84800,VOLCANIC_ROCK_VOUCHER_9500,974.0,18.0,,,,,976,18,,,,,975.0,0.0
1,84900,VOLCANIC_ROCK_VOUCHER_9500,977.0,29.0,,,,,978,17,,,,,977.5,0.0
1,85000,VOLCANIC_ROCK_VOUCHER_9500,981.0,20.0,,,,,982,20,,,,,981.5,0.0
1,85100,VOLCANIC_ROCK_VOUCHER_9500,982.0,11.0,,,,,983,11,,,,,982.5,0.0
1,85200,VOLCANIC_ROCK_VOUCHER_9500,985.0,11.0,,,,,986,11,,,,,985.5,0.0
1,85300,VOLCANIC_ROCK_VOUCHER_9500,984.0,13.0,,,,,985,13,,,,,984.5,0.0
1,85400,VOLCANIC_ROCK_VOUCHER_9500,982.0,11.0,,,,,983,11,,,,,982.5,0.0
1,85500,VOLCANIC_ROCK_VOUCHER_9500,981.0,20.0,,,,,982,20,,,,,981.5,0.0
1,85600,VOLCANIC_ROCK_VOUCHER_9500,983.0,12.0,,,,,984,12,,,,,983.5,0.0
1,85700,VOLCANIC_ROCK_VOUCHER_9500,985.0,12.0,,,,,986,12,,,,,985.5,0.0
1,85800,VOLCANIC_ROCK_VOUCHER_9500,984.0,18.0,,,,,985,18,,,,,984.5,0.0
1,85900,VOLCANIC_ROCK_VOUCHER_9500,986.0,12.0,,,,,987,12,,,,,986.5,0.0
1,86000,VOLCANIC_ROCK_VOUCHER_9500,985.0,15.0,,,,,986,15,,,,,985.5,0.0
1,86100,VOLCANIC_ROCK_VOUCHER_9500,991.0,14.0,,,,,992,14,,,,,991.5,0.0
1,86200,VOLCANIC_ROCK_VOUCHER_9500,991.0,16.0,,,,,992,16,,,,,991.5,0.0
1,86300,VOLCANIC_ROCK_VOUCHER_9500,989.0,18.0,,,,,990,18,,,,,989.5,0.0
1,86400,VOLCANIC_ROCK_VOUCHER_9500,993.0,16.0,,,,,994,16,,,,,993.5,0.0
1,86500,VOLCANIC_ROCK_VOUCHER_9500,991.0,15.0,,,,,992,15,,,,,991.5,0.0
1,86600,VOLCANIC_ROCK_VOUCHER_9500,990.0,16.0,,,,,991,16,,,,,990.5,0.0
1,86700,VOLCANIC_ROCK_VOUCHER_9500,990.0,15.0,,,,,991,15,,,,,990.5,0.0
1,86800,VOLCANIC_ROCK_VOUCHER_9500,982.0,13.0,,,,,983,13,,,,,982.5,0.0
1,86900,VOLCANIC_ROCK_VOUCHER_9500,985.0,19.0,,,,,986,19,,,,,985.5,0.0
1,87000,VOLCANIC_ROCK_VOUCHER_9500,989.0,15.0,,,,,990,15,,,,,989.5,0.0
1,87100,VOLCANIC_ROCK_VOUCHER_9500,988.0,19.0,,,,,989,19,,,,,988.5,0.0
1,87200,VOLCANIC_ROCK_VOUCHER_9500,988.0,12.0,,,,,990,12,,,,,989.0,0.0
1,87300,VOLCANIC_ROCK_VOUCHER_9500,989.0,5.0,,,,,990,16,,,,,989.5,0.0
1,87400,VOLCANIC_ROCK_VOUCHER_9500,989.0,11.0,,,,,991,11,,,,,990.0,0.0
1,87500,VOLCANIC_ROCK_VOUCHER_9500,991.0,36.0,,,,,992,19,,,,,991.5,0.0
1,87600,VOLCANIC_ROCK_VOUCHER_9500,992.0,14.0,,,,,993,14,,,,,992.5,0.0
1,87700,VOLCANIC_ROCK_VOUCHER_9500,998.0,14.0,,,,,999,14,,,,,998.5,0.0
1,87800,VOLCANIC_ROCK_VOUCHER_9500,998.0,17.0,,,,,999,17,,,,,998.5,0.0
1,87900,VOLCANIC_ROCK_VOUCHER_9500,999.0,16.0,,,,,1000,16,,,,,999.5,0.0
1,88000,VOLCANIC_ROCK_VOUCHER_9500,997.0,19.0,996.0,20.0,,,998,20,,,,,997.5,0.0
1,88100,VOLCANIC_ROCK_VOUCHER_9500,997.0,13.0,,,,,998,13,,,,,997.5,0.0
1,88200,VOLCANIC_ROCK_VOUCHER_9500,1001.0,19.0,,,,,1002,19,,,,,1001.5,0.0
1,88300,VOLCANIC_ROCK_VOUCHER_9500,1004.0,11.0,,,,,1005,11,,,,,1004.5,0.0
1,88400,VOLCANIC_ROCK_VOUCHER_9500,1002.0,19.0,,,,,1003,19,,,,,1002.5,0.0
1,88500,VOLCANIC_ROCK_VOUCHER_9500,,,,,,,1003,1,1004.0,19.0,,,1003.0,0.0
1,88600,VOLCANIC_ROCK_VOUCHER_9500,996.0,16.0,,,,,998,16,,,,,997.0,0.0
1,88700,VOLCANIC_ROCK_VOUCHER_9500,998.0,12.0,,,,,999,12,,,,,998.5,0.0
1,88800,VOLCANIC_ROCK_VOUCHER_9500,996.0,17.0,,,,,997,17,,,,,996.5,0.0
1,88900,VOLCANIC_ROCK_VOUCHER_9500,999.0,15.0,,,,,1000,15,,,,,999.5,0.0
1,89000,VOLCANIC_ROCK_VOUCHER_9500,1002.0,18.0,,,,,1003,18,,,,,1002.5,0.0
1,89100,VOLCANIC_ROCK_VOUCHER_9500,1003.0,17.0,,,,,1004,17,,,,,1003.5,0.0
1,89200,VOLCANIC_ROCK_VOUCHER_9500,1003.0,3.0,,,,,1004,19,,,,,1003.5,0.0
1,89300,VOLCANIC_ROCK_VOUCHER_9500,1003.0,14.0,,,,,1004,14,,,,,1003.5,0.0
1,89400,VOLCANIC_ROCK_VOUCHER_9500,1007.0,17.0,,,,,1008,17,,,,,1007.5,0.0
1,89500,VOLCANIC_ROCK_VOUCHER_9500,1008.0,17.0,,,,,1009,17,,,,,1008.5,0.0
1,89600,VOLCANIC_ROCK_VOUCHER_9500,1007.0,19.0,,,,,1008,19,,,,,1007.5,0.0
1,89700,VOLCANIC_ROCK_VOUCHER_9500,1007.0,19.0,,,,,1008,19,,,,,1007.5,0.0
1,89800,VOLCANIC_ROCK_VOUCHER_9500,1006.0,18.0,,,,,1007,18,,,,,1006.5,0.0
1,89900,VOLCANIC_ROCK_VOUCHER_9500,1006.0,18.0,,,,,1007,18,,,,,1006.5,0.0
1,90000,VOLCANIC_ROCK_VOUCHER_9500,1005.0,19.0,,,,,1006,19,,,,,1005.5,0.0
1,90100,VOLCANIC_ROCK_VOUCHER_9500,1008.0,13.0,,,,,1009,13,,,,,1008.5,0.0
1,90200,VOLCANIC_ROCK_VOUCHER_9500,1008.0,21.0,,,,,1010,21,,,,,1009.0,0.0
1,90300,VOLCANIC_ROCK_VOUCHER_9500,1010.0,17.0,,,,,1011,17,,,,,1010.5,0.0
1,90400,VOLCANIC_ROCK_VOUCHER_9500,1012.0,20.0,,,,,1013,20,,,,,1012.5,0.0
1,90500,VOLCANIC_ROCK_VOUCHER_9500,1009.0,14.0,,,,,1010,14,,,,,1009.5,0.0
1,90600,VOLCANIC_ROCK_VOUCHER_9500,1009.0,21.0,,,,,1010,21,,,,,1009.5,0.0
1,90700,VOLCANIC_ROCK_VOUCHER_9500,1006.0,15.0,,,,,1008,15,,,,,1007.0,0.0
1,90800,VOLCANIC_ROCK_VOUCHER_9500,1008.0,11.0,,,,,1009,11,,,,,1008.5,0.0
1,90900,VOLCANIC_ROCK_VOUCHER_9500,1008.0,10.0,,,,,1009,10,,,,,1008.5,0.0
1,91000,VOLCANIC_ROCK_VOUCHER_9500,1008.0,22.0,,,,,1010,22,,,,,1009.0,0.0
1,91100,VOLCANIC_ROCK_VOUCHER_9500,1009.0,20.0,,,,,1010,20,,,,,1009.5,0.0
1,91200,VOLCANIC_ROCK_VOUCHER_9500,1009.0,15.0,1008.0,16.0,,,1010,16,,,,,1009.5,0.0
1,91300,VOLCANIC_ROCK_VOUCHER_9500,1013.0,20.0,,,,,1014,15,,,,,1013.5,0.0
1,91400,VOLCANIC_ROCK_VOUCHER_9500,1015.0,19.0,,,,,1016,19,,,,,1015.5,0.0
1,91500,VOLCANIC_ROCK_VOUCHER_9500,1014.0,11.0,,,,,1016,11,,,,,1015.0,0.0
1,91600,VOLCANIC_ROCK_VOUCHER_9500,1013.0,19.0,,,,,1014,19,,,,,1013.5,0.0
1,91700,VOLCANIC_ROCK_VOUCHER_9500,1008.0,15.0,,,,,1009,15,,,,,1008.5,0.0
1,91800,VOLCANIC_ROCK_VOUCHER_9500,1006.0,14.0,,,,,1007,14,,,,,1006.5,0.0
1,91900,VOLCANIC_ROCK_VOUCHER_9500,1002.0,11.0,,,,,1003,11,,,,,1002.5,0.0
1,92000,VOLCANIC_ROCK_VOUCHER_9500,1001.0,12.0,,,,,1002,12,,,,,1001.5,0.0
1,92100,VOLCANIC_ROCK_VOUCHER_9500,1001.0,13.0,,,,,1002,13,,,,,1001.5,0.0
1,92200,VOLCANIC_ROCK_VOUCHER_9500,1001.0,14.0,,,,,1003,10,,,,,1002.0,0.0
1,92300,VOLCANIC_ROCK_VOUCHER_9500,1001.0,15.0,,,,,1003,15,,,,,1002.0,0.0
1,92400,VOLCANIC_ROCK_VOUCHER_9500,1003.0,10.0,,,,,1004,10,,,,,1003.5,0.0
1,92500,VOLCANIC_ROCK_VOUCHER_9500,1001.0,21.0,,,,,1002,21,,,,,1001.5,0.0
1,92600,VOLCANIC_ROCK_VOUCHER_9500,998.0,13.0,,,,,999,13,,,,,998.5,0.0
1,92700,VOLCANIC_ROCK_VOUCHER_9500,999.0,22.0,,,,,1000,13,,,,,999.5,0.0
1,92800,VOLCANIC_ROCK_VOUCHER_9500,998.0,11.0,,,,,999,11,,,,,998.5,0.0
1,92900,VOLCANIC_ROCK_VOUCHER_9500,997.0,12.0,,,,,998,12,,,,,997.5,0.0
1,93000,VOLCANIC_ROCK_VOUCHER_9500,1000.0,12.0,,,,,1001,12,,,,,1000.5,0.0
1,93100,VOLCANIC_ROCK_VOUCHER_9500,1000.0,13.0,,,,,1001,13,,,,,1000.5,0.0
1,93200,VOLCANIC_ROCK_VOUCHER_9500,1000.0,13.0,,,,,1001,13,,,,,1000.5,0.0
1,93300,VOLCANIC_ROCK_VOUCHER_9500,1003.0,12.0,,,,,1004,12,,,,,1003.5,0.0
1,93400,VOLCANIC_ROCK_VOUCHER_9500,1006.0,18.0,,,,,1007,18,,,,,1006.5,0.0
1,93500,VOLCANIC_ROCK_VOUCHER_9500,1006.0,13.0,,,,,1007,13,,,,,1006.5,0.0
1,93600,VOLCANIC_ROCK_VOUCHER_9500,1008.0,17.0,,,,,1009,17,,,,,1008.5,0.0
1,93700,VOLCANIC_ROCK_VOUCHER_9500,1007.0,17.0,,,,,1008,17,,,,,1007.5,0.0
1,93800,VOLCANIC_ROCK_VOUCHER_9500,1009.0,12.0,,,,,1010,12,,,,,1009.5,0.0
1,93900,VOLCANIC_ROCK_VOUCHER_9500,1009.0,14.0,,,,,1010,14,,,,,1009.5,0.0
1,94000,VOLCANIC_ROCK_VOUCHER_9500,1009.0,11.0,,,,,1010,11,,,,,1009.5,0.0
1,94100,VOLCANIC_ROCK_VOUCHER_9500,1006.0,16.0,,,,,1007,16,,,,,1006.5,0.0
1,94200,VOLCANIC_ROCK_VOUCHER_9500,1007.0,11.0,,,,,1008,11,,,,,1007.5,0.0
1,94300,VOLCANIC_ROCK_VOUCHER_9500,1006.0,19.0,,,,,1008,19,,,,,1007.0,0.0
1,94400,VOLCANIC_ROCK_VOUCHER_9500,1004.0,13.0,,,,,1005,13,,,,,1004.5,0.0
1,94500,VOLCANIC_ROCK_VOUCHER_9500,1001.0,7.0,,,,,1002,18,,,,,1001.5,0.0
1,94600,VOLCANIC_ROCK_VOUCHER_9500,,,,,,,1000,3,1002.0,13.0,,,1000.0,0.0
1,94700,VOLCANIC_ROCK_VOUCHER_9500,998.0,16.0,,,,,1000,16,,,,,999.0,0.0
1,94800,VOLCANIC_ROCK_VOUCHER_9500,996.0,15.0,,,,,997,15,,,,,996.5,0.0
1,94900,VOLCANIC_ROCK_VOUCHER_9500,999.0,20.0,,,,,1000,20,,,,,999.5,0.0
1,95000,VOLCANIC_ROCK_VOUCHER_9500,1000.0,17.0,,,,,1001,17,,,,,1000.5,0.0
1,95100,VOLCANIC_ROCK_VOUCHER_9500,998.0,18.0,,,,,1000,18,,,,,999.0,0.0
1,95200,VOLCANIC_ROCK_VOUCHER_9500,1001.0,16.0,,,,,1002,16,,,,,1001.5,0.0
1,95300,VOLCANIC_ROCK_VOUCHER_9500,999.0,14.0,,,,,1000,14,,,,,999.5,0.0
1,95400,VOLCANIC_ROCK_VOUCHER_9500,1000.0,13.0,,,,,1002,13,,,,,1001.0,0.0
1,95500,VOLCANIC_ROCK_VOUCHER_9500,1000.0,20.0,,,,,1001,20,,,,,1000.5,0.0
1,95600,VOLCANIC_ROCK_VOUCHER_9500,997.0,20.0,,,,,999,20,,,,,998.0,0.0
1,95700,VOLCANIC_ROCK_VOUCHER_9500,996.0,13.0,,,,,997,13,,,,,996.5,0.0
1,95800,VOLCANIC_ROCK_VOUCHER_9500,997.0,21.0,,,,,998,21,,,,,997.5,0.0
1,95900,VOLCANIC_ROCK_VOUCHER_9500,997.0,19.0,,,,,998,19,,,,,997.5,0.0
1,96000,VOLCANIC_ROCK_VOUCHER_9500,996.0,21.0,,,,,997,21,,,,,996.5,0.0
1,96100,VOLCANIC_ROCK_VOUCHER_9500,998.0,21.0,,,,,999,21,,,,,998.5,0.0
1,96200,VOLCANIC_ROCK_VOUCHER_9500,997.0,11.0,,,,,998,11,,,,,997.5,0.0
1,96300,VOLCANIC_ROCK_VOUCHER_9500,,,,,,,1001,12,,,,,1001.0,0.0
1,96400,VOLCANIC_ROCK_VOUCHER_9500,1000.0,12.0,,,,,1001,12,,,,,1000.5,0.0
1,96500,VOLCANIC_ROCK_VOUCHER_9500,999.0,18.0,,,,,1000,18,,,,,999.5,0.0
1,96600,VOLCANIC_ROCK_VOUCHER_9500,998.0,19.0,,,,,999,19,,,,,998.5,0.0
1,96700,VOLCANIC_ROCK_VOUCHER_9500,1000.0,12.0,,,,,1001,12,,,,,1000.5,0.0
1,96800,VOLCANIC_ROCK_VOUCHER_9500,1002.0,20.0,,,,,1004,20,,,,,1003.0,0.0
1,96900,VOLCANIC_ROCK_VOUCHER_9500,1004.0,12.0,,,,,1005,12,,,,,1004.5,0.0
1,97000,VOLCANIC_ROCK_VOUCHER_9500,,,,,,,1004,3,1005.0,14.0,,,1004.0,0.0
1,97100,VOLCANIC_ROCK_VOUCHER_9500,1003.0,16.0,,,,,1004,16,,,,,1003.5,0.0
1,97200,VOLCANIC_ROCK_VOUCHER_9500,1002.0,11.0,,,,,1004,11,,,,,1003.0,0.0
1,97300,VOLCANIC_ROCK_VOUCHER_9500,1003.0,10.0,,,,,1005,10,,,,,1004.0,0.0
1,97400,VOLCANIC_ROCK_VOUCHER_9500,1001.0,17.0,,,,,1002,17,,,,,1001.5,0.0
1,97500,VOLCANIC_ROCK_VOUCHER_9500,1000.0,18.0,,,,,1001,18,,,,,1000.5,0.0
1,97600,VOLCANIC_ROCK_VOUCHER_9500,1000.0,12.0,,,,,1002,12,,,,,1001.0,0.0
1,97700,VOLCANIC_ROCK_VOUCHER_9500,999.0,19.0,,,,,1001,19,,,,,1000.0,0.0
1,97800,VOLCANIC_ROCK_VOUCHER_9500,999.0,22.0,,,,,1000,22,,,,,999.5,0.0
1,97900,VOLCANIC_ROCK_VOUCHER_9500,,,,,,,997,14,,,,,997.0,0.0
1,98000,VOLCANIC_ROCK_VOUCHER_9500,997.0,18.0,,,,,998,18,,,,,997.5,0.0
1,98100,VOLCANIC_ROCK_VOUCHER_9500,998.0,28.0,,,,,999,13,,,,,998.5,0.0
1,98200,VOLCANIC_ROCK_VOUCHER_9500,1000.0,16.0,,,,,1001,16,,,,,1000.5,0.0
1,98300,VOLCANIC_ROCK_VOUCHER_9500,999.0,13.0,,,,,1000,13,,,,,999.5,0.0
1,98400,VOLCANIC_ROCK_VOUCHER_9500,1001.0,17.0,,,,,1002,17,,,,,1001.5,0.0
1,98500,VOLCANIC_ROCK_VOUCHER_9500,1001.0,12.0,,,,,1002,12,,,,,1001.5,0.0
1,98600,VOLCANIC_ROCK_VOUCHER_9500,1000.0,20.0,,,,,1001,20,,,,,1000.5,0.0
1,98700,VOLCANIC_ROCK_VOUCHER_9500,1000.0,28.0,,,,,1001,18,,,,,1000.5,0.0
1,98800,VOLCANIC_ROCK_VOUCHER_9500,999.0,21.0,,,,,1001,21,,,,,1000.0,0.0
1,98900,VOLCANIC_ROCK_VOUCHER_9500,1001.0,18.0,,,,,1003,18,,,,,1002.0,0.0
1,99000,VOLCANIC_ROCK_VOUCHER_9500,1001.0,15.0,,,,,1002,15,,,,,1001.5,0.0
1,99100,VOLCANIC_ROCK_VOUCHER_9500,1002.0,16.0,,,,,1003,16,,,,,1002.5,0.0
1,99200,VOLCANIC_ROCK_VOUCHER_9500,1000.0,18.0,,,,,1002,18,,,,,1001.0,0.0
1,99300,VOLCANIC_ROCK_VOUCHER_9500,999.0,14.0,,,,,1001,14,,,,,1000.0,0.0
1,99400,VOLCANIC_ROCK_VOUCHER_9500,1000.0,21.0,,,,,1001,21,,,,,1000.5,0.0
1,99500,VOLCANIC_ROCK_VOUCHER_9500,999.0,23.0,,,,,1000,13,,,,,999.5,0.0
1,99600,VOLCANIC_ROCK_VOUCHER_9500,,,,,,,1000,13,,,,,1000.0,0.0
1,99700,VOLCANIC_ROCK_VOUCHER_9500,,,,,,,998,8,999.0,12.0,,,998.0,0.0
1,99800,VOLCANIC_ROCK_VOUCHER_9500,997.0,15.0,,,,,998,15,,,,,997.5,0.0
1,99900,VOLCANIC_ROCK_VOUCHER_9500,998.0,14.0,,,,,999,14,,,,,998.5,0.0
1,100000,VOLCANIC_ROCK_VOUCHER_9500,997.0,14.0,,,,,998,14,,,,,997.5,0.0
1,100100,VOLCANIC_ROCK_VOUCHER_9500,1003.0,21.0,,,,,1004,21,,,,,1003.5,0.0
1,100200,VOLCANIC_ROCK_VOUCHER_9500,1002.0,25.0,,,,,1003,15,,,,,1002.5,0.0
1,100300,VOLCANIC_ROCK_VOUCHER_9500,1004.0,19.0,,,,,1005,19,,,,,1004.5,0.0
1,100400,VOLCANIC_ROCK_VOUCHER_9500,1003.0,10.0,,,,,1004,10,,,,,1003.5,0.0
1,100500,VOLCANIC_ROCK_VOUCHER_9500,1003.0,12.0,,,,,1004,12,,,,,1003.5,0.0
1,100600,VOLCANIC_ROCK_VOUCHER_9500,1006.0,22.0,,,,,1007,22,,,,,1006.5,0.0
1,100700,VOLCANIC_ROCK_VOUCHER_9500,1004.0,16.0,,,,,1006,16,,,,,1005.0,0.0
1,100800,VOLCANIC_ROCK_VOUCHER_9500,1005.0,10.0,,,,,1006,10,,,,,1005.5,0.0
1,100900,VOLCANIC_ROCK_VOUCHER_9500,1004.0,18.0,,,,,1005,18,,,,,1004.5,0.0
1,101000,VOLCANIC_ROCK_VOUCHER_9500,1003.0,18.0,,,,,1005,18,,,,,1004.0,0.0
1,101100,VOLCANIC_ROCK_VOUCHER_9500,1003.0,12.0,,,,,1004,12,,,,,1003.5,0.0
1,101200,VOLCANIC_ROCK_VOUCHER_9500,1001.0,13.0,,,,,1002,13,,,,,1001.5,0.0
1,101300,VOLCANIC_ROCK_VOUCHER_9500,,,,,,,1000,1,1001.0,13.0,,,1000.0,0.0
1,101400,VOLCANIC_ROCK_VOUCHER_9500,1000.0,21.0,,,,,1001,21,,,,,1000.5,0.0
1,101500,VOLCANIC_ROCK_VOUCHER_9500,1000.0,6.0,,,,,1002,16,,,,,1001.0,0.0
1,101600,VOLCANIC_ROCK_VOUCHER_9500,995.0,11.0,,,,,996,11,,,,,995.5,0.0
1,101700,VOLCANIC_ROCK_VOUCHER_9500,995.0,15.0,,,,,997,15,,,,,996.0,0.0
1,101800,VOLCANIC_ROCK_VOUCHER_9500,996.0,17.0,,,,,997,17,,,,,996.5,0.0
1,101900,VOLCANIC_ROCK_VOUCHER_9500,998.0,20.0,,,,,999,20,,,,,998.5,0.0
1,102000,VOLCANIC_ROCK_VOUCHER_9500,998.0,14.0,,,,,999,14,,,,,998.5,0.0
1,102100,VOLCANIC_ROCK_VOUCHER_9500,998.0,19.0,,,,,999,19,,,,,998.5,0.0
1,102200,VOLCANIC_ROCK_VOUCHER_9500,999.0,12.0,,,,,1000,12,,,,,999.5,0.0
1,102300,VOLCANIC_ROCK_VOUCHER_9500,1000.0,19.0,,,,,1001,19,,,,,1000.5,0.0
1,102400,VOLCANIC_ROCK_VOUCHER_9500,,,,,,,1000,6,1001.0,14.0,,,1000.0,0.0
1,102500,VOLCANIC_ROCK_VOUCHER_9500,998.0,17.0,,,,,999,17,,,,,998.5,0.0
1,102600,VOLCANIC_ROCK_VOUCHER_9500,998.0,13.0,,,,,999,13,,,,,998.5,0.0
1,102700,VOLCANIC_ROCK_VOUCHER_9500,999.0,13.0,,,,,1000,13,,,,,999.5,0.0
1,102800,VOLCANIC_ROCK_VOUCHER_9500,1001.0,19.0,,,,,1002,19,,,,,1001.5,0.0
1,102900,VOLCANIC_ROCK_VOUCHER_9500,1002.0,14.0,1001.0,11.0,,,1003,11,,,,,1002.5,0.0
1,103000,VOLCANIC_ROCK_VOUCHER_9500,1001.0,20.0,,,,,1002,20,,,,,1001.5,0.0
1,103100,VOLCANIC_ROCK_VOUCHER_9500,1003.0,35.0,,,,,1004,19,,,,,1003.5,0.0
1,103200,VOLCANIC_ROCK_VOUCHER_9500,1003.0,11.0,,,,,1004,11,,,,,1003.5,0.0
1,103300,VOLCANIC_ROCK_VOUCHER_9500,1002.0,16.0,,,,,1003,16,,,,,1002.5,0.0
1,103400,VOLCANIC_ROCK_VOUCHER_9500,1002.0,8.0,,,,,1003,19,,,,,1002.5,0.0
1,103500,VOLCANIC_ROCK_VOUCHER_9500,1004.0,16.0,,,,,1005,16,,,,,1004.5,0.0
1,103600,VOLCANIC_ROCK_VOUCHER_9500,1002.0,7.0,,,,,1003,20,,,,,1002.5,0.0
1,103700,VOLCANIC_ROCK_VOUCHER_9500,1003.0,19.0,,,,,1004,19,,,,,1003.5,0.0
1,103800,VOLCANIC_ROCK_VOUCHER_9500,1001.0,13.0,,,,,1003,13,,,,,1002.0,0.0
1,103900,VOLCANIC_ROCK_VOUCHER_9500,1005.0,17.0,,,,,1006,17,,,,,1005.5,0.0
1,104000,VOLCANIC_ROCK_VOUCHER_9500,1005.0,17.0,,,,,1007,17,,,,,1006.0,0.0
1,104100,VOLCANIC_ROCK_VOUCHER_9500,1004.0,20.0,,,,,1005,20,,,,,1004.5,0.0
1,104200,VOLCANIC_ROCK_VOUCHER_9500,1005.0,14.0,,,,,1006,14,,,,,1005.5,0.0
1,104300,VOLCANIC_ROCK_VOUCHER_9500,1005.0,17.0,,,,,1006,17,,,,,1005.5,0.0
1,104400,VOLCANIC_ROCK_VOUCHER_9500,1004.0,16.0,,,,,1005,16,,,,,1004.5,0.0
1,104500,VOLCANIC_ROCK_VOUCHER_9500,1002.0,18.0,,,,,1003,18,,,,,1002.5,0.0
1,104600,VOLCANIC_ROCK_VOUCHER_9500,999.0,18.0,,,,,1000,18,,,,,999.5,0.0
1,104700,VOLCANIC_ROCK_VOUCHER_9500,997.0,13.0,,,,,998,13,,,,,997.5,0.0
1,104800,VOLCANIC_ROCK_VOUCHER_9500,997.0,14.0,,,,,998,14,,,,,997.5,0.0
1,104900,VOLCANIC_ROCK_VOUCHER_9500,995.0,11.0,,,,,996,11,,,,,995.5,0.0
1,105000,VOLCANIC_ROCK_VOUCHER_9500,993.0,20.0,,,,,994,20,,,,,993.5,0.0
1,105100,VOLCANIC_ROCK_VOUCHER_9500,992.0,32.0,,,,,993,12,,,,,992.5,0.0
1,105200,VOLCANIC_ROCK_VOUCHER_9500,994.0,13.0,,,,,995,13,,,,,994.5,0.0
1,105300,VOLCANIC_ROCK_VOUCHER_9500,995.0,12.0,,,,,996,12,,,,,995.5,0.0
1,105400,VOLCANIC_ROCK_VOUCHER_9500,997.0,14.0,,,,,998,14,,,,,997.5,0.0
1,105500,VOLCANIC_ROCK_VOUCHER_9500,995.0,13.0,,,,,996,13,,,,,995.5,0.0
1,105600,VOLCANIC_ROCK_VOUCHER_9500,995.0,13.0,,,,,996,13,,,,,995.5,0.0
1,105700,VOLCANIC_ROCK_VOUCHER_9500,997.0,13.0,,,,,999,13,,,,,998.0,0.0
1,105800,VOLCANIC_ROCK_VOUCHER_9500,996.0,20.0,,,,,997,20,,,,,996.5,0.0
1,105900,VOLCANIC_ROCK_VOUCHER_9500,996.0,17.0,,,,,997,17,,,,,996.5,0.0
1,106000,VOLCANIC_ROCK_VOUCHER_9500,997.0,18.0,,,,,998,18,,,,,997.5,0.0
1,106100,VOLCANIC_ROCK_VOUCHER_9500,995.0,12.0,,,,,996,12,,,,,995.5,0.0
1,106200,VOLCANIC_ROCK_VOUCHER_9500,996.0,15.0,,,,,997,15,,,,,996.5,0.0
1,106300,VOLCANIC_ROCK_VOUCHER_9500,996.0,19.0,,,,,997,19,,,,,996.5,0.0
1,106400,VOLCANIC_ROCK_VOUCHER_9500,993.0,17.0,,,,,994,17,,,,,993.5,0.0
1,106500,VOLCANIC_ROCK_VOUCHER_9500,994.0,17.0,,,,,995,17,,,,,994.5,0.0
1,106600,VOLCANIC_ROCK_VOUCHER_9500,989.0,13.0,,,,,990,13,,,,,989.5,0.0
1,106700,VOLCANIC_ROCK_VOUCHER_9500,989.0,22.0,,,,,990,22,,,,,989.5,0.0
1,106800,VOLCANIC_ROCK_VOUCHER_9500,989.0,14.0,,,,,990,14,,,,,989.5,0.0
1,106900,VOLCANIC_ROCK_VOUCHER_9500,988.0,14.0,,,,,989,14,,,,,988.5,0.0
1,107000,VOLCANIC_ROCK_VOUCHER_9500,989.0,13.0,,,,,991,13,,,,,990.0,0.0
1,107100,VOLCANIC_ROCK_VOUCHER_9500,990.0,19.0,,,,,991,19,,,,,990.5,0.0
1,107200,VOLCANIC_ROCK_VOUCHER_9500,991.0,18.0,,,,,992,18,,,,,991.5,0.0
1,107300,VOLCANIC_ROCK_VOUCHER_9500,991.0,18.0,,,,,992,18,,,,,991.5,0.0
1,107400,VOLCANIC_ROCK_VOUCHER_9500,992.0,16.0,,,,,993,16,,,,,992.5,0.0
1,107500,VOLCANIC_ROCK_VOUCHER_9500,992.0,15.0,,,,,993,15,,,,,992.5,0.0
1,107600,VOLCANIC_ROCK_VOUCHER_9500,993.0,17.0,,,,,994,17,,,,,993.5,0.0
1,107700,VOLCANIC_ROCK_VOUCHER_9500,993.0,10.0,,,,,994,10,,,,,993.5,0.0
1,107800,VOLCANIC_ROCK_VOUCHER_9500,996.0,13.0,,,,,997,13,,,,,996.5,0.0
1,107900,VOLCANIC_ROCK_VOUCHER_9500,995.0,14.0,,,,,996,14,,,,,995.5,0.0
1,108000,VOLCANIC_ROCK_VOUCHER_9500,996.0,16.0,,,,,997,16,,,,,996.5,0.0
1,108100,VOLCANIC_ROCK_VOUCHER_9500,996.0,19.0,,,,,997,19,,,,,996.5,0.0
1,108200,VOLCANIC_ROCK_VOUCHER_9500,993.0,18.0,,,,,994,18,,,,,993.5,0.0
1,108300,VOLCANIC_ROCK_VOUCHER_9500,996.0,11.0,,,,,997,11,,,,,996.5,0.0
1,108400,VOLCANIC_ROCK_VOUCHER_9500,1000.0,34.0,,,,,1001,14,,,,,1000.5,0.0
1,108500,VOLCANIC_ROCK_VOUCHER_9500,1000.0,15.0,,,,,1001,15,,,,,1000.5,0.0
1,108600,VOLCANIC_ROCK_VOUCHER_9500,998.0,12.0,,,,,999,12,,,,,998.5,0.0
1,108700,VOLCANIC_ROCK_VOUCHER_9500,997.0,20.0,,,,,998,20,,,,,997.5,0.0
1,108800,VOLCANIC_ROCK_VOUCHER_9500,1000.0,13.0,,,,,1001,13,,,,,1000.5,0.0
1,108900,VOLCANIC_ROCK_VOUCHER_9500,1001.0,19.0,,,,,1002,18,1003.0,19.0,,,1001.5,0.0
1,109000,VOLCANIC_ROCK_VOUCHER_9500,1000.0,19.0,,,,,1001,19,,,,,1000.5,0.0
1,109100,VOLCANIC_ROCK_VOUCHER_9500,997.0,28.0,,,,,998,18,,,,,997.5,0.0
1,109200,VOLCANIC_ROCK_VOUCHER_9500,998.0,0.0,,,,,999,13,,,,,998.5,0.0
1,109300,VOLCANIC_ROCK_VOUCHER_9500,998.0,14.0,,,,,999,14,,,,,998.5,0.0
1,109400,VOLCANIC_ROCK_VOUCHER_9500,996.0,19.0,,,,,997,19,,,,,996.5,0.0
1,109500,VOLCANIC_ROCK_VOUCHER_9500,996.0,14.0,,,,,997,14,,,,,996.5,0.0
1,109600,VOLCANIC_ROCK_VOUCHER_9500,996.0,21.0,,,,,997,21,,,,,996.5,0.0
1,109700,VOLCANIC_ROCK_VOUCHER_9500,996.0,11.0,,,,,997,11,,,,,996.5,0.0
1,109800,VOLCANIC_ROCK_VOUCHER_9500,994.0,10.0,,,,,995,10,,,,,994.5,0.0
1,109900,VOLCANIC_ROCK_VOUCHER_9500,991.0,15.0,,,,,992,15,,,,,991.5,0.0
1,110000,VOLCANIC_ROCK_VOUCHER_9500,992.0,20.0,,,,,993,20,,,,,992.5,0.0
1,110100,VOLCANIC_ROCK_VOUCHER_9500,987.0,20.0,,,,,988,20,,,,,987.5,0.0
1,110200,VOLCANIC_ROCK_VOUCHER_9500,986.0,19.0,,,,,987,19,,,,,986.5,0.0
1,110300,VOLCANIC_ROCK_VOUCHER_9500,987.0,19.0,,,,,988,19,,,,,987.5,0.0
1,110400,VOLCANIC_ROCK_VOUCHER_9500,989.0,15.0,,,,,990,15,,,,,989.5,0.0
1,110500,VOLCANIC_ROCK_VOUCHER_9500,989.0,18.0,,,,,990,2,991.0,16.0,,,989.5,0.0
1,110600,VOLCANIC_ROCK_VOUCHER_9500,992.0,14.0,,,,,993,14,,,,,992.5,0.0
1,110700,VOLCANIC_ROCK_VOUCHER_9500,994.0,17.0,,,,,995,17,,,,,994.5,0.0
1,110800,VOLCANIC_ROCK_VOUCHER_9500,993.0,12.0,,,,,994,12,,,,,993.5,0.0
1,110900,VOLCANIC_ROCK_VOUCHER_9500,996.0,21.0,,,,,998,21,,,,,997.0,0.0
1,111000,VOLCANIC_ROCK_VOUCHER_9500,997.0,14.0,,,,,998,14,,,,,997.5,0.0
1,111100,VOLCANIC_ROCK_VOUCHER_9500,999.0,13.0,,,,,1000,13,,,,,999.5,0.0
1,111200,VOLCANIC_ROCK_VOUCHER_9500,998.0,11.0,,,,,999,11,,,,,998.5,0.0
1,111300,VOLCANIC_ROCK_VOUCHER_9500,1000.0,11.0,,,,,1001,11,,,,,1000.5,0.0
1,111400,VOLCANIC_ROCK_VOUCHER_9500,998.0,20.0,,,,,1000,20,,,,,999.0,0.0
1,111500,VOLCANIC_ROCK_VOUCHER_9500,1000.0,20.0,,,,,1001,20,,,,,1000.5,0.0
1,111600,VOLCANIC_ROCK_VOUCHER_9500,998.0,10.0,,,,,999,10,,,,,998.5,0.0
1,111700,VOLCANIC_ROCK_VOUCHER_9500,995.0,12.0,,,,,996,12,,,,,995.5,0.0
1,111800,VOLCANIC_ROCK_VOUCHER_9500,995.0,21.0,,,,,996,21,,,,,995.5,0.0
1,111900,VOLCANIC_ROCK_VOUCHER_9500,994.0,16.0,,,,,995,16,,,,,994.5,0.0
1,112000,VOLCANIC_ROCK_VOUCHER_9500,994.0,19.0,,,,,995,19,,,,,994.5,0.0
1,112100,VOLCANIC_ROCK_VOUCHER_9500,994.0,14.0,,,,,996,14,,,,,995.0,0.0
1,112200,VOLCANIC_ROCK_VOUCHER_9500,996.0,11.0,,,,,997,11,,,,,996.5,0.0
1,112300,VOLCANIC_ROCK_VOUCHER_9500,994.0,16.0,,,,,995,16,,,,,994.5,0.0
1,112400,VOLCANIC_ROCK_VOUCHER_9500,994.0,14.0,,,,,995,14,,,,,994.5,0.0
1,112500,VOLCANIC_ROCK_VOUCHER_9500,995.0,5.0,,,,,996,21,,,,,995.5,0.0
1,112600,VOLCANIC_ROCK_VOUCHER_9500,990.0,10.0,,,,,991,10,,,,,990.5,0.0
1,112700,VOLCANIC_ROCK_VOUCHER_9500,991.0,16.0,,,,,993,16,,,,,992.0,0.0
1,112800,VOLCANIC_ROCK_VOUCHER_9500,990.0,13.0,,,,,991,13,,,,,990.5,0.0
1,112900,VOLCANIC_ROCK_VOUCHER_9500,988.0,11.0,,,,,989,11,,,,,988.5,0.0
1,113000,VOLCANIC_ROCK_VOUCHER_9500,987.0,15.0,,,,,989,15,,,,,988.0,0.0
1,113100,VOLCANIC_ROCK_VOUCHER_9500,986.0,16.0,,,,,987,16,,,,,986.5,0.0
1,113200,VOLCANIC_ROCK_VOUCHER_9500,987.0,10.0,,,,,988,10,,,,,987.5,0.0
1,113300,VOLCANIC_ROCK_VOUCHER_9500,987.0,19.0,,,,,988,19,,,,,987.5,0.0
1,113400,VOLCANIC_ROCK_VOUCHER_9500,989.0,15.0,,,,,990,15,,,,,989.5,0.0
1,113500,VOLCANIC_ROCK_VOUCHER_9500,989.0,0.0,,,,,990,14,,,,,989.5,0.0
1,113600,VOLCANIC_ROCK_VOUCHER_9500,989.0,17.0,,,,,990,17,,,,,989.5,0.0
1,113700,VOLCANIC_ROCK_VOUCHER_9500,987.0,17.0,,,,,988,17,,,,,987.5,0.0
1,113800,VOLCANIC_ROCK_VOUCHER_9500,987.0,14.0,,,,,988,14,,,,,987.5,0.0
1,113900,VOLCANIC_ROCK_VOUCHER_9500,986.0,13.0,,,,,987,13,,,,,986.5,0.0
1,114000,VOLCANIC_ROCK_VOUCHER_9500,986.0,19.0,,,,,987,19,,,,,986.5,0.0
1,114100,VOLCANIC_ROCK_VOUCHER_9500,984.0,2.0,983.0,10.0,,,985,12,,,,,984.5,0.0
1,114200,VOLCANIC_ROCK_VOUCHER_9500,983.0,19.0,,,,,984,19,,,,,983.5,0.0
1,114300,VOLCANIC_ROCK_VOUCHER_9500,982.0,15.0,,,,,983,15,,,,,982.5,0.0
1,114400,VOLCANIC_ROCK_VOUCHER_9500,983.0,15.0,,,,,984,15,,,,,983.5,0.0
1,114500,VOLCANIC_ROCK_VOUCHER_9500,981.0,18.0,,,,,982,18,,,,,981.5,0.0
1,114600,VOLCANIC_ROCK_VOUCHER_9500,979.0,12.0,,,,,980,12,,,,,979.5,0.0
1,114700,VOLCANIC_ROCK_VOUCHER_9500,979.0,18.0,,,,,980,18,,,,,979.5,0.0
1,114800,VOLCANIC_ROCK_VOUCHER_9500,980.0,18.0,,,,,981,18,,,,,980.5,0.0
1,114900,VOLCANIC_ROCK_VOUCHER_9500,981.0,18.0,,,,,982,18,,,,,981.5,0.0
1,115000,VOLCANIC_ROCK_VOUCHER_9500,982.0,17.0,,,,,983,17,,,,,982.5,0.0
1,115100,VOLCANIC_ROCK_VOUCHER_9500,981.0,14.0,,,,,982,14,,,,,981.5,0.0
1,115200,VOLCANIC_ROCK_VOUCHER_9500,981.0,21.0,,,,,982,21,,,,,981.5,0.0
1,115300,VOLCANIC_ROCK_VOUCHER_9500,979.0,23.0,,,,,980,13,,,,,979.5,0.0
1,115400,VOLCANIC_ROCK_VOUCHER_9500,980.0,15.0,,,,,981,15,,,,,980.5,0.0
1,115500,VOLCANIC_ROCK_VOUCHER_9500,975.0,12.0,,,,,976,12,,,,,975.5,0.0
1,115600,VOLCANIC_ROCK_VOUCHER_9500,978.0,17.0,,,,,979,17,,,,,978.5,0.0
1,115700,VOLCANIC_ROCK_VOUCHER_9500,978.0,16.0,,,,,979,16,,,,,978.5,0.0
1,115800,VOLCANIC_ROCK_VOUCHER_9500,977.0,18.0,,,,,978,18,,,,,977.5,0.0
1,115900,VOLCANIC_ROCK_VOUCHER_9500,976.0,21.0,,,,,977,21,,,,,976.5,0.0
1,116000,VOLCANIC_ROCK_VOUCHER_9500,974.0,17.0,,,,,975,17,,,,,974.5,0.0
1,116100,VOLCANIC_ROCK_VOUCHER_9500,971.0,16.0,,,,,972,16,,,,,971.5,0.0
1,116200,VOLCANIC_ROCK_VOUCHER_9500,975.0,18.0,,,,,976,18,,,,,975.5,0.0
1,116300,VOLCANIC_ROCK_VOUCHER_9500,973.0,17.0,,,,,974,17,,,,,973.5,0.0
1,116400,VOLCANIC_ROCK_VOUCHER_9500,,,,,,,974,6,975.0,12.0,,,974.0,0.0
1,116500,VOLCANIC_ROCK_VOUCHER_9500,974.0,21.0,,,,,975,21,,,,,974.5,0.0
1,116600,VOLCANIC_ROCK_VOUCHER_9500,973.0,17.0,,,,,974,17,,,,,973.5,0.0
1,116700,VOLCANIC_ROCK_VOUCHER_9500,971.0,16.0,,,,,972,16,,,,,971.5,0.0
1,116800,VOLCANIC_ROCK_VOUCHER_9500,972.0,16.0,,,,,973,16,,,,,972.5,0.0
1,116900,VOLCANIC_ROCK_VOUCHER_9500,973.0,12.0,,,,,974,12,,,,,973.5,0.0
1,117000,VOLCANIC_ROCK_VOUCHER_9500,972.0,17.0,,,,,973,17,,,,,972.5,0.0
1,117100,VOLCANIC_ROCK_VOUCHER_9500,972.0,13.0,,,,,973,13,,,,,972.5,0.0
1,117200,VOLCANIC_ROCK_VOUCHER_9500,972.0,20.0,,,,,973,20,,,,,972.5,0.0
1,117300,VOLCANIC_ROCK_VOUCHER_9500,973.0,17.0,,,,,974,17,,,,,973.5,0.0
1,117400,VOLCANIC_ROCK_VOUCHER_9500,974.0,21.0,,,,,976,21,,,,,975.0,0.0
1,117500,VOLCANIC_ROCK_VOUCHER_9500,975.0,2.0,974.0,18.0,,,976,20,,,,,975.5,0.0
1,117600,VOLCANIC_ROCK_VOUCHER_9500,974.0,17.0,,,,,975,17,,,,,974.5,0.0
1,117700,VOLCANIC_ROCK_VOUCHER_9500,975.0,5.0,,,,,976,18,,,,,975.5,0.0
1,117800,VOLCANIC_ROCK_VOUCHER_9500,975.0,15.0,,,,,976,15,,,,,975.5,0.0
1,117900,VOLCANIC_ROCK_VOUCHER_9500,974.0,18.0,,,,,975,18,,,,,974.5,0.0
1,118000,VOLCANIC_ROCK_VOUCHER_9500,973.0,12.0,,,,,974,12,,,,,973.5,0.0
1,118100,VOLCANIC_ROCK_VOUCHER_9500,972.0,18.0,,,,,973,18,,,,,972.5,0.0
1,118200,VOLCANIC_ROCK_VOUCHER_9500,970.0,19.0,,,,,971,19,,,,,970.5,0.0
1,118300,VOLCANIC_ROCK_VOUCHER_9500,970.0,12.0,,,,,971,12,,,,,970.5,0.0
1,118400,VOLCANIC_ROCK_VOUCHER_9500,972.0,15.0,,,,,973,15,,,,,972.5,0.0
1,118500,VOLCANIC_ROCK_VOUCHER_9500,971.0,21.0,,,,,972,21,,,,,971.5,0.0
1,118600,VOLCANIC_ROCK_VOUCHER_9500,972.0,12.0,,,,,973,12,,,,,972.5,0.0
1,118700,VOLCANIC_ROCK_VOUCHER_9500,971.0,13.0,,,,,972,13,,,,,971.5,0.0
1,118800,VOLCANIC_ROCK_VOUCHER_9500,970.0,13.0,,,,,971,13,,,,,970.5,0.0
1,118900,VOLCANIC_ROCK_VOUCHER_9500,970.0,16.0,,,,,972,16,,,,,971.0,0.0
1,119000,VOLCANIC_ROCK_VOUCHER_9500,970.0,15.0,,,,,971,15,,,,,970.5,0.0
1,119100,VOLCANIC_ROCK_VOUCHER_9500,967.0,17.0,,,,,969,17,,,,,968.0,0.0
1,119200,VOLCANIC_ROCK_VOUCHER_9500,964.0,19.0,,,,,965,19,,,,,964.5,0.0
1,119300,VOLCANIC_ROCK_VOUCHER_9500,963.0,17.0,,,,,965,17,,,,,964.0,0.0
1,119400,VOLCANIC_ROCK_VOUCHER_9500,966.0,20.0,,,,,967,20,,,,,966.5,0.0
1,119500,VOLCANIC_ROCK_VOUCHER_9500,966.0,18.0,,,,,967,18,,,,,966.5,0.0
1,119600,VOLCANIC_ROCK_VOUCHER_9500,962.0,14.0,,,,,963,14,,,,,962.5,0.0
1,119700,VOLCANIC_ROCK_VOUCHER_9500,961.0,20.0,,,,,962,20,,,,,961.5,0.0
1,119800,VOLCANIC_ROCK_VOUCHER_9500,961.0,15.0,,,,,962,15,,,,,961.5,0.0
1,119900,VOLCANIC_ROCK_VOUCHER_9500,961.0,21.0,,,,,962,21,,,,,961.5,0.0
1,120000,VOLCANIC_ROCK_VOUCHER_9500,963.0,15.0,,,,,964,15,,,,,963.5,0.0
1,120100,VOLCANIC_ROCK_VOUCHER_9500,963.0,16.0,,,,,964,16,,,,,963.5,0.0
1,120200,VOLCANIC_ROCK_VOUCHER_9500,962.0,21.0,,,,,964,21,,,,,963.0,0.0
1,120300,VOLCANIC_ROCK_VOUCHER_9500,962.0,22.0,,,,,963,22,,,,,962.5,0.0
1,120400,VOLCANIC_ROCK_VOUCHER_9500,964.0,16.0,963.0,10.0,,,965,10,,,,,964.5,0.0
1,120500,VOLCANIC_ROCK_VOUCHER_9500,963.0,12.0,,,,,964,12,,,,,963.5,0.0
1,120600,VOLCANIC_ROCK_VOUCHER_9500,964.0,15.0,,,,,965,15,,,,,964.5,0.0
1,120700,VOLCANIC_ROCK_VOUCHER_9500,964.0,14.0,,,,,965,14,,,,,964.5,0.0
1,120800,VOLCANIC_ROCK_VOUCHER_9500,963.0,17.0,,,,,964,17,,,,,963.5,0.0
1,120900,VOLCANIC_ROCK_VOUCHER_9500,963.0,17.0,,,,,964,17,,,,,963.5,0.0
1,121000,VOLCANIC_ROCK_VOUCHER_9500,963.0,34.0,,,,,964,15,,,,,963.5,0.0
1,121100,VOLCANIC_ROCK_VOUCHER_9500,962.0,27.0,,,,,963,14,,,,,962.5,0.0
1,121200,VOLCANIC_ROCK_VOUCHER_9500,965.0,18.0,,,,,966,18,,,,,965.5,0.0
1,121300,VOLCANIC_ROCK_VOUCHER_9500,966.0,15.0,,,,,967,15,,,,,966.5,0.0
1,121400,VOLCANIC_ROCK_VOUCHER_9500,966.0,21.0,,,,,968,21,,,,,967.0,0.0
1,121500,VOLCANIC_ROCK_VOUCHER_9500,967.0,12.0,,,,,968,12,,,,,967.5,0.0
1,121600,VOLCANIC_ROCK_VOUCHER_9500,965.0,10.0,,,,,966,10,,,,,965.5,0.0
1,121700,VOLCANIC_ROCK_VOUCHER_9500,965.0,20.0,,,,,967,20,,,,,966.0,0.0
1,121800,VOLCANIC_ROCK_VOUCHER_9500,965.0,10.0,,,,,966,10,,,,,965.5,0.0
1,121900,VOLCANIC_ROCK_VOUCHER_9500,962.0,11.0,,,,,963,10,964.0,13.0,,,962.5,0.0
1,122000,VOLCANIC_ROCK_VOUCHER_9500,963.0,13.0,,,,,964,13,,,,,963.5,0.0
1,122100,VOLCANIC_ROCK_VOUCHER_9500,962.0,14.0,,,,,963,14,,,,,962.5,0.0
1,122200,VOLCANIC_ROCK_VOUCHER_9500,958.0,11.0,,,,,959,11,,,,,958.5,0.0
1,122300,VOLCANIC_ROCK_VOUCHER_9500,958.0,10.0,,,,,959,10,,,,,958.5,0.0
1,122400,VOLCANIC_ROCK_VOUCHER_9500,958.0,14.0,,,,,959,14,,,,,958.5,0.0
1,122500,VOLCANIC_ROCK_VOUCHER_9500,959.0,14.0,,,,,960,14,,,,,959.5,0.0
1,122600,VOLCANIC_ROCK_VOUCHER_9500,959.0,13.0,,,,,960,13,,,,,959.5,0.0
1,122700,VOLCANIC_ROCK_VOUCHER_9500,,,,,,,959,4,960.0,13.0,,,959.0,0.0
1,122800,VOLCANIC_ROCK_VOUCHER_9500,962.0,10.0,,,,,963,10,,,,,962.5,0.0
1,122900,VOLCANIC_ROCK_VOUCHER_9500,962.0,11.0,,,,,963,11,,,,,962.5,0.0
1,123000,VOLCANIC_ROCK_VOUCHER_9500,962.0,15.0,,,,,963,15,,,,,962.5,0.0
1,123100,VOLCANIC_ROCK_VOUCHER_9500,964.0,15.0,,,,,965,15,,,,,964.5,0.0
1,123200,VOLCANIC_ROCK_VOUCHER_9500,964.0,2.0,,,,,965,19,,,,,964.5,0.0
1,123300,VOLCANIC_ROCK_VOUCHER_9500,966.0,14.0,,,,,967,14,,,,,966.5,0.0
1,123400,VOLCANIC_ROCK_VOUCHER_9500,966.0,22.0,,,,,968,22,,,,,967.0,0.0
1,123500,VOLCANIC_ROCK_VOUCHER_9500,966.0,15.0,,,,,967,15,,,,,966.5,0.0
1,123600,VOLCANIC_ROCK_VOUCHER_9500,965.0,10.0,,,,,966,10,,,,,965.5,0.0
1,123700,VOLCANIC_ROCK_VOUCHER_9500,964.0,15.0,,,,,965,15,,,,,964.5,0.0
1,123800,VOLCANIC_ROCK_VOUCHER_9500,963.0,17.0,,,,,964,17,,,,,963.5,0.0
1,123900,VOLCANIC_ROCK_VOUCHER_9500,961.0,21.0,,,,,963,21,,,,,962.0,0.0
1,124000,VOLCANIC_ROCK_VOUCHER_9500,963.0,15.0,,,,,965,15,,,,,964.0,0.0
1,124100,VOLCANIC_ROCK_VOUCHER_9500,961.0,13.0,,,,,962,13,,,,,961.5,0.0
1,124200,VOLCANIC_ROCK_VOUCHER_9500,962.0,16.0,,,,,963,16,,,,,962.5,0.0
1,124300,VOLCANIC_ROCK_VOUCHER_9500,962.0,14.0,,,,,963,14,,,,,962.5,0.0
1,124400,VOLCANIC_ROCK_VOUCHER_9500,961.0,21.0,,,,,962,21,,,,,961.5,0.0
1,124500,VOLCANIC_ROCK_VOUCHER_9500,961.0,19.0,,,,,962,19,,,,,961.5,0.0
1,124600,VOLCANIC_ROCK_VOUCHER_9500,960.0,37.0,,,,,961,18,,,,,960.5,0.0
1,124700,VOLCANIC_ROCK_VOUCHER_9500,959.0,30.0,,,,,960,17,,,,,959.5,0.0
1,124800,VOLCANIC_ROCK_VOUCHER_9500,954.0,7.0,,,,,955,18,,,,,954.5,0.0
1,124900,VOLCANIC_ROCK_VOUCHER_9500,953.0,15.0,,,,,954,15,,,,,953.5,0.0
1,125000,VOLCANIC_ROCK_VOUCHER_9500,955.0,14.0,,,,,956,14,,,,,955.5,0.0
1,125100,VOLCANIC_ROCK_VOUCHER_9500,954.0,18.0,,,,,955,18,,,,,954.5,0.0
1,125200,VOLCANIC_ROCK_VOUCHER_9500,957.0,27.0,,,,,958,16,,,,,957.5,0.0
1,125300,VOLCANIC_ROCK_VOUCHER_9500,954.0,18.0,,,,,955,18,,,,,954.5,0.0
1,125400,VOLCANIC_ROCK_VOUCHER_9500,952.0,12.0,,,,,953,12,,,,,952.5,0.0
1,125500,VOLCANIC_ROCK_VOUCHER_9500,951.0,19.0,,,,,952,19,,,,,951.5,0.0
1,125600,VOLCANIC_ROCK_VOUCHER_9500,951.0,13.0,,,,,952,13,,,,,951.5,0.0
1,125700,VOLCANIC_ROCK_VOUCHER_9500,952.0,15.0,,,,,953,15,,,,,952.5,0.0
1,125800,VOLCANIC_ROCK_VOUCHER_9500,953.0,14.0,,,,,954,14,,,,,953.5,0.0
1,125900,VOLCANIC_ROCK_VOUCHER_9500,954.0,20.0,,,,,956,20,,,,,955.0,0.0
1,126000,VOLCANIC_ROCK_VOUCHER_9500,953.0,19.0,,,,,954,19,,,,,953.5,0.0
1,126100,VOLCANIC_ROCK_VOUCHER_9500,953.0,9.0,,,,,954,19,,,,,953.5,0.0
1,126200,VOLCANIC_ROCK_VOUCHER_9500,953.0,14.0,,,,,954,14,,,,,953.5,0.0
1,126300,VOLCANIC_ROCK_VOUCHER_9500,955.0,18.0,,,,,956,18,,,,,955.5,0.0
1,126400,VOLCANIC_ROCK_VOUCHER_9500,959.0,15.0,,,,,960,15,,,,,959.5,0.0
1,126500,VOLCANIC_ROCK_VOUCHER_9500,959.0,21.0,,,,,960,21,,,,,959.5,0.0
1,126600,VOLCANIC_ROCK_VOUCHER_9500,954.0,16.0,,,,,955,16,,,,,954.5,0.0
1,126700,VOLCANIC_ROCK_VOUCHER_9500,953.0,19.0,,,,,954,19,,,,,953.5,0.0
1,126800,VOLCANIC_ROCK_VOUCHER_9500,955.0,12.0,,,,,956,12,,,,,955.5,0.0
1,126900,VOLCANIC_ROCK_VOUCHER_9500,954.0,12.0,,,,,955,12,,,,,954.5,0.0
1,127000,VOLCANIC_ROCK_VOUCHER_9500,955.0,14.0,,,,,956,14,,,,,955.5,0.0
1,127100,VOLCANIC_ROCK_VOUCHER_9500,955.0,20.0,,,,,956,20,,,,,955.5,0.0
1,127200,VOLCANIC_ROCK_VOUCHER_9500,955.0,21.0,,,,,956,21,,,,,955.5,0.0
1,127300,VOLCANIC_ROCK_VOUCHER_9500,954.0,12.0,,,,,955,12,,,,,954.5,0.0
1,127400,VOLCANIC_ROCK_VOUCHER_9500,953.0,16.0,,,,,954,16,,,,,953.5,0.0
1,127500,VOLCANIC_ROCK_VOUCHER_9500,951.0,16.0,,,,,952,16,,,,,951.5,0.0
1,127600,VOLCANIC_ROCK_VOUCHER_9500,949.0,19.0,,,,,950,19,,,,,949.5,0.0
1,127700,VOLCANIC_ROCK_VOUCHER_9500,949.0,18.0,,,,,950,18,,,,,949.5,0.0
1,127800,VOLCANIC_ROCK_VOUCHER_9500,947.0,13.0,,,,,949,13,,,,,948.0,0.0
1,127900,VOLCANIC_ROCK_VOUCHER_9500,948.0,12.0,,,,,949,12,,,,,948.5,0.0
1,128000,VOLCANIC_ROCK_VOUCHER_9500,949.0,20.0,,,,,950,20,,,,,949.5,0.0
1,128100,VOLCANIC_ROCK_VOUCHER_9500,950.0,18.0,,,,,951,18,,,,,950.5,0.0
1,128200,VOLCANIC_ROCK_VOUCHER_9500,944.0,18.0,,,,,945,18,,,,,944.5,0.0
1,128300,VOLCANIC_ROCK_VOUCHER_9500,943.0,13.0,,,,,944,13,,,,,943.5,0.0
1,128400,VOLCANIC_ROCK_VOUCHER_9500,942.0,18.0,,,,,943,1,944.0,17.0,,,942.5,0.0
1,128500,VOLCANIC_ROCK_VOUCHER_9500,944.0,15.0,,,,,945,15,,,,,944.5,0.0
1,128600,VOLCANIC_ROCK_VOUCHER_9500,944.0,20.0,,,,,945,20,,,,,944.5,0.0
1,128700,VOLCANIC_ROCK_VOUCHER_9500,944.0,18.0,,,,,945,18,,,,,944.5,0.0
1,128800,VOLCANIC_ROCK_VOUCHER_9500,945.0,13.0,,,,,946,13,,,,,945.5,0.0
1,128900,VOLCANIC_ROCK_VOUCHER_9500,944.0,13.0,,,,,945,13,,,,,944.5,0.0
1,129000,VOLCANIC_ROCK_VOUCHER_9500,946.0,14.0,,,,,947,14,,,,,946.5,0.0
1,129100,VOLCANIC_ROCK_VOUCHER_9500,941.0,16.0,,,,,943,16,,,,,942.0,0.0
1,129200,VOLCANIC_ROCK_VOUCHER_9500,934.0,19.0,,,,,935,19,,,,,934.5,0.0
1,129300,VOLCANIC_ROCK_VOUCHER_9500,928.0,11.0,,,,,929,11,,,,,928.5,0.0
1,129400,VOLCANIC_ROCK_VOUCHER_9500,925.0,15.0,,,,,927,15,,,,,926.0,0.0
1,129500,VOLCANIC_ROCK_VOUCHER_9500,927.0,12.0,,,,,928,12,,,,,927.5,0.0
1,129600,VOLCANIC_ROCK_VOUCHER_9500,922.0,17.0,,,,,924,17,,,,,923.0,0.0
1,129700,VOLCANIC_ROCK_VOUCHER_9500,919.0,10.0,,,,,921,10,,,,,920.0,0.0
1,129800,VOLCANIC_ROCK_VOUCHER_9500,909.0,21.0,,,,,910,2,911.0,19.0,,,909.5,0.0
1,129900,VOLCANIC_ROCK_VOUCHER_9500,910.0,17.0,,,,,911,17,,,,,910.5,0.0
1,130000,VOLCANIC_ROCK_VOUCHER_9500,910.0,20.0,,,,,911,20,,,,,910.5,0.0
1,130100,VOLCANIC_ROCK_VOUCHER_9500,910.0,15.0,,,,,911,15,,,,,910.5,0.0
1,130200,VOLCANIC_ROCK_VOUCHER_9500,909.0,18.0,,,,,910,18,,,,,909.5,0.0
1,130300,VOLCANIC_ROCK_VOUCHER_9500,914.0,20.0,,,,,915,20,,,,,914.5,0.0
1,130400,VOLCANIC_ROCK_VOUCHER_9500,,,,,,,919,2,920.0,18.0,,,919.0,0.0
1,130500,VOLCANIC_ROCK_VOUCHER_9500,914.0,22.0,,,,,915,22,,,,,914.5,0.0
1,130600,VOLCANIC_ROCK_VOUCHER_9500,915.0,12.0,,,,,916,12,,,,,915.5,0.0
1,130700,VOLCANIC_ROCK_VOUCHER_9500,912.0,16.0,,,,,913,16,,,,,912.5,0.0
1,130800,VOLCANIC_ROCK_VOUCHER_9500,910.0,10.0,,,,,911,10,,,,,910.5,0.0
1,130900,VOLCANIC_ROCK_VOUCHER_9500,912.0,12.0,,,,,913,12,,,,,912.5,0.0
1,131000,VOLCANIC_ROCK_VOUCHER_9500,912.0,14.0,,,,,913,14,,,,,912.5,0.0
1,131100,VOLCANIC_ROCK_VOUCHER_9500,906.0,20.0,,,,,907,20,,,,,906.5,0.0
1,131200,VOLCANIC_ROCK_VOUCHER_9500,909.0,15.0,,,,,910,15,,,,,909.5,0.0
1,131300,VOLCANIC_ROCK_VOUCHER_9500,913.0,13.0,,,,,914,13,,,,,913.5,0.0
1,131400,VOLCANIC_ROCK_VOUCHER_9500,913.0,15.0,,,,,914,15,,,,,913.5,0.0
1,131500,VOLCANIC_ROCK_VOUCHER_9500,915.0,2.0,914.0,12.0,,,916,14,,,,,915.5,0.0
1,131600,VOLCANIC_ROCK_VOUCHER_9500,920.0,18.0,,,,,922,18,,,,,921.0,0.0
1,131700,VOLCANIC_ROCK_VOUCHER_9500,918.0,18.0,,,,,919,18,,,,,918.5,0.0
1,131800,VOLCANIC_ROCK_VOUCHER_9500,919.0,12.0,,,,,920,12,,,,,919.5,0.0
1,131900,VOLCANIC_ROCK_VOUCHER_9500,921.0,13.0,,,,,923,13,,,,,922.0,0.0
1,132000,VOLCANIC_ROCK_VOUCHER_9500,918.0,15.0,,,,,919,15,,,,,918.5,0.0
1,132100,VOLCANIC_ROCK_VOUCHER_9500,920.0,12.0,,,,,921,12,,,,,920.5,0.0
1,132200,VOLCANIC_ROCK_VOUCHER_9500,919.0,33.0,,,,,920,13,,,,,919.5,0.0
1,132300,VOLCANIC_ROCK_VOUCHER_9500,922.0,18.0,,,,,924,18,,,,,923.0,0.0
1,132400,VOLCANIC_ROCK_VOUCHER_9500,919.0,15.0,,,,,920,15,,,,,919.5,0.0
1,132500,VOLCANIC_ROCK_VOUCHER_9500,917.0,2.0,916.0,10.0,,,918,12,,,,,917.5,0.0
1,132600,VOLCANIC_ROCK_VOUCHER_9500,919.0,19.0,,,,,920,19,,,,,919.5,0.0
1,132700,VOLCANIC_ROCK_VOUCHER_9500,920.0,20.0,,,,,921,20,,,,,920.5,0.0
1,132800,VOLCANIC_ROCK_VOUCHER_9500,921.0,20.0,,,,,922,20,,,,,921.5,0.0
1,132900,VOLCANIC_ROCK_VOUCHER_9500,921.0,18.0,,,,,923,18,,,,,922.0,0.0
1,133000,VOLCANIC_ROCK_VOUCHER_9500,923.0,12.0,,,,,924,12,,,,,923.5,0.0
1,133100,VOLCANIC_ROCK_VOUCHER_9500,918.0,15.0,,,,,919,15,,,,,918.5,0.0
1,133200,VOLCANIC_ROCK_VOUCHER_9500,921.0,16.0,,,,,922,16,,,,,921.5,0.0
1,133300,VOLCANIC_ROCK_VOUCHER_9500,922.0,20.0,,,,,923,20,,,,,922.5,0.0
1,133400,VOLCANIC_ROCK_VOUCHER_9500,926.0,13.0,,,,,927,13,,,,,926.5,0.0
1,133500,VOLCANIC_ROCK_VOUCHER_9500,932.0,15.0,,,,,933,22,,,,,932.5,0.0
1,133600,VOLCANIC_ROCK_VOUCHER_9500,932.0,19.0,,,,,933,19,,,,,932.5,0.0
1,133700,VOLCANIC_ROCK_VOUCHER_9500,927.0,10.0,,,,,928,10,,,,,927.5,0.0
1,133800,VOLCANIC_ROCK_VOUCHER_9500,930.0,33.0,,,,,931,18,,,,,930.5,0.0
1,133900,VOLCANIC_ROCK_VOUCHER_9500,926.0,15.0,,,,,927,15,,,,,926.5,0.0
1,134000,VOLCANIC_ROCK_VOUCHER_9500,928.0,19.0,,,,,929,19,,,,,928.5,0.0
1,134100,VOLCANIC_ROCK_VOUCHER_9500,921.0,19.0,,,,,922,19,,,,,921.5,0.0
1,134200,VOLCANIC_ROCK_VOUCHER_9500,924.0,19.0,,,,,926,19,,,,,925.0,0.0
1,134300,VOLCANIC_ROCK_VOUCHER_9500,925.0,20.0,,,,,926,20,,,,,925.5,0.0
1,134400,VOLCANIC_ROCK_VOUCHER_9500,926.0,28.0,,,,,927,15,,,,,926.5,0.0
1,134500,VOLCANIC_ROCK_VOUCHER_9500,926.0,19.0,,,,,928,19,,,,,927.0,0.0
1,134600,VOLCANIC_ROCK_VOUCHER_9500,927.0,10.0,,,,,928,10,,,,,927.5,0.0
1,134700,VOLCANIC_ROCK_VOUCHER_9500,923.0,14.0,,,,,924,14,,,,,923.5,0.0
1,134800,VOLCANIC_ROCK_VOUCHER_9500,926.0,19.0,,,,,927,19,,,,,926.5,0.0
1,134900,VOLCANIC_ROCK_VOUCHER_9500,927.0,11.0,,,,,928,11,,,,,927.5,0.0
1,135000,VOLCANIC_ROCK_VOUCHER_9500,928.0,11.0,,,,,930,11,,,,,929.0,0.0
1,135100,VOLCANIC_ROCK_VOUCHER_9500,929.0,31.0,,,,,930,22,,,,,929.5,0.0
1,135200,VOLCANIC_ROCK_VOUCHER_9500,937.0,15.0,,,,,938,15,,,,,937.5,0.0
1,135300,VOLCANIC_ROCK_VOUCHER_9500,935.0,11.0,,,,,937,11,,,,,936.0,0.0
1,135400,VOLCANIC_ROCK_VOUCHER_9500,935.0,21.0,,,,,936,21,,,,,935.5,0.0
1,135500,VOLCANIC_ROCK_VOUCHER_9500,936.0,16.0,,,,,937,16,,,,,936.5,0.0
1,135600,VOLCANIC_ROCK_VOUCHER_9500,935.0,12.0,,,,,936,12,,,,,935.5,0.0
1,135700,VOLCANIC_ROCK_VOUCHER_9500,942.0,5.0,,,,,943,15,,,,,942.5,0.0
1,135800,VOLCANIC_ROCK_VOUCHER_9500,941.0,13.0,,,,,942,13,,,,,941.5,0.0
1,135900,VOLCANIC_ROCK_VOUCHER_9500,941.0,20.0,,,,,942,20,,,,,941.5,0.0
1,136000,VOLCANIC_ROCK_VOUCHER_9500,940.0,32.0,,,,,941,17,,,,,940.5,0.0
1,136100,VOLCANIC_ROCK_VOUCHER_9500,943.0,9.0,,,,,944,19,,,,,943.5,0.0
1,136200,VOLCANIC_ROCK_VOUCHER_9500,940.0,17.0,,,,,942,17,,,,,941.0,0.0
1,136300,VOLCANIC_ROCK_VOUCHER_9500,940.0,19.0,,,,,942,19,,,,,941.0,0.0
1,136400,VOLCANIC_ROCK_VOUCHER_9500,936.0,16.0,,,,,937,16,,,,,936.5,0.0
1,136500,VOLCANIC_ROCK_VOUCHER_9500,933.0,17.0,,,,,934,17,,,,,933.5,0.0
1,136600,VOLCANIC_ROCK_VOUCHER_9500,931.0,20.0,,,,,932,20,,,,,931.5,0.0
1,136700,VOLCANIC_ROCK_VOUCHER_9500,931.0,40.0,,,,,932,20,,,,,931.5,0.0
1,136800,VOLCANIC_ROCK_VOUCHER_9500,927.0,5.0,926.0,16.0,,,928,16,,,,,927.5,0.0
1,136900,VOLCANIC_ROCK_VOUCHER_9500,926.0,20.0,,,,,927,20,,,,,926.5,0.0
1,137000,VOLCANIC_ROCK_VOUCHER_9500,924.0,21.0,,,,,925,21,,,,,924.5,0.0
1,137100,VOLCANIC_ROCK_VOUCHER_9500,925.0,21.0,,,,,926,21,,,,,925.5,0.0
1,137200,VOLCANIC_ROCK_VOUCHER_9500,930.0,19.0,,,,,931,19,,,,,930.5,0.0
1,137300,VOLCANIC_ROCK_VOUCHER_9500,927.0,21.0,,,,,928,21,,,,,927.5,0.0
1,137400,VOLCANIC_ROCK_VOUCHER_9500,928.0,19.0,,,,,930,19,,,,,929.0,0.0
1,137500,VOLCANIC_ROCK_VOUCHER_9500,930.0,13.0,,,,,931,13,,,,,930.5,0.0
1,137600,VOLCANIC_ROCK_VOUCHER_9500,930.0,16.0,,,,,931,16,,,,,930.5,0.0
1,137700,VOLCANIC_ROCK_VOUCHER_9500,930.0,19.0,,,,,931,19,,,,,930.5,0.0
1,137800,VOLCANIC_ROCK_VOUCHER_9500,928.0,17.0,,,,,929,17,,,,,928.5,0.0
1,137900,VOLCANIC_ROCK_VOUCHER_9500,923.0,17.0,,,,,924,17,,,,,923.5,0.0
1,138000,VOLCANIC_ROCK_VOUCHER_9500,923.0,14.0,,,,,924,14,,,,,923.5,0.0
1,138100,VOLCANIC_ROCK_VOUCHER_9500,927.0,11.0,,,,,929,11,,,,,928.0,0.0
1,138200,VOLCANIC_ROCK_VOUCHER_9500,932.0,18.0,,,,,933,18,,,,,932.5,0.0
1,138300,VOLCANIC_ROCK_VOUCHER_9500,930.0,10.0,,,,,932,10,,,,,931.0,0.0
1,138400,VOLCANIC_ROCK_VOUCHER_9500,930.0,20.0,,,,,931,20,,,,,930.5,0.0
1,138500,VOLCANIC_ROCK_VOUCHER_9500,929.0,16.0,,,,,930,16,,,,,929.5,0.0
