day,timestamp,product,bid_price_1,bid_volume_1,bid_price_2,bid_volume_2,bid_price_3,bid_volume_3,ask_price_1,ask_volume_1,ask_price_2,ask_volume_2,ask_price_3,ask_volume_3,mid_price,profit_and_loss
1,0,VOLCANIC_ROCK,10515.0,143.0,10514.0,57.0,,,10517,200,,,,,10516.0,0.0
1,100,VOLCANIC_ROCK,10514.0,104.0,10513.0,44.0,,,10516,104,10517.0,44.0,,,10515.0,0.0
1,200,VOLCANIC_ROCK,10514.0,133.0,10513.0,62.0,,,10516,133,10517.0,62.0,,,10515.0,0.0
1,300,VOLCANIC_ROCK,10516.0,200.0,,,,,10518,149,10519.0,51.0,,,10517.0,0.0
1,400,VOLCANIC_ROCK,10519.0,108.0,10518.0,63.0,,,10520,103,10521.0,63.0,,,10519.5,0.0
1,500,VOLCANIC_ROCK,10517.0,114.0,10516.0,42.0,,,10518,114,10519.0,42.0,,,10517.5,0.0
1,600,VOLCANIC_ROCK,10515.0,141.0,10514.0,65.0,,,10516,141,10517.0,65.0,,,10515.5,0.0
1,700,VOLCANIC_ROCK,10515.0,125.0,10514.0,65.0,,,10517,125,10518.0,65.0,,,10516.0,0.0
1,800,VOLCANIC_ROCK,10515.0,119.0,10514.0,43.0,,,10516,119,10517.0,43.0,,,10515.5,0.0
1,900,VOLCANIC_ROCK,10516.0,116.0,10515.0,72.0,,,10518,188,,,,,10517.0,0.0
1,1000,VOLCANIC_ROCK,10515.0,178.0,,,,,10517,103,10518.0,75.0,,,10516.0,0.0
1,1100,VOLCANIC_ROCK,10517.0,105.0,10516.0,53.0,,,10518,105,10519.0,53.0,,,10517.5,0.0
1,1200,VOLCANIC_ROCK,10516.0,175.0,,,,,10518,116,10519.0,59.0,,,10517.0,0.0
1,1300,VOLCANIC_ROCK,10516.0,112.0,10515.0,52.0,,,10517,112,10518.0,52.0,,,10516.5,0.0
1,1400,VOLCANIC_ROCK,10517.0,116.0,10516.0,78.0,,,10518,116,10519.0,78.0,,,10517.5,0.0
1,1500,VOLCANIC_ROCK,10517.0,104.0,10516.0,74.0,,,10518,104,10519.0,74.0,,,10517.5,0.0
1,1600,VOLCANIC_ROCK,10515.0,130.0,10514.0,42.0,,,10517,172,,,,,10516.0,0.0
1,1700,VOLCANIC_ROCK,10516.0,107.0,10515.0,69.0,,,10517,107,10518.0,69.0,,,10516.5,0.0
1,1800,VOLCANIC_ROCK,10514.0,116.0,10513.0,67.0,,,10516,175,,,,,10515.0,0.0
1,1900,VOLCANIC_ROCK,10514.0,141.0,10513.0,78.0,,,10515,141,10516.0,78.0,,,10514.5,0.0
1,2000,VOLCANIC_ROCK,10514.0,143.0,10513.0,55.0,,,10516,198,,,,,10515.0,0.0
1,2100,VOLCANIC_ROCK,10513.0,205.0,,,,,10515,148,10516.0,57.0,,,10514.0,0.0
1,2200,VOLCANIC_ROCK,10511.0,202.0,,,,,10513,140,10514.0,62.0,,,10512.0,0.0
1,2300,VOLCANIC_ROCK,10510.0,114.0,10509.0,40.0,,,10511,114,10512.0,40.0,,,10510.5,0.0
1,2400,VOLCANIC_ROCK,10508.0,158.0,,,,,10510,105,10511.0,53.0,,,10509.0,0.0
1,2500,VOLCANIC_ROCK,10512.0,131.0,10511.0,59.0,,,10513,131,10514.0,59.0,,,10512.5,0.0
1,2600,VOLCANIC_ROCK,10510.0,126.0,10509.0,77.0,,,10511,126,10512.0,77.0,,,10510.5,0.0
1,2700,VOLCANIC_ROCK,10508.0,105.0,10507.0,41.0,,,10510,146,,,,,10509.0,0.0
1,2800,VOLCANIC_ROCK,10508.0,143.0,10507.0,41.0,,,10509,143,10510.0,41.0,,,10508.5,0.0
1,2900,VOLCANIC_ROCK,10504.0,106.0,10503.0,46.0,,,10506,106,10507.0,46.0,,,10505.0,0.0
1,3000,VOLCANIC_ROCK,10504.0,188.0,,,,,10506,134,10507.0,54.0,,,10505.0,0.0
1,3100,VOLCANIC_ROCK,10505.0,123.0,10504.0,41.0,,,10506,123,10507.0,41.0,,,10505.5,0.0
1,3200,VOLCANIC_ROCK,10505.0,173.0,,,,,10507,100,10508.0,73.0,,,10506.0,0.0
1,3300,VOLCANIC_ROCK,10504.0,191.0,,,,,10506,129,10507.0,62.0,,,10505.0,0.0
1,3400,VOLCANIC_ROCK,10505.0,207.0,,,,,10507,142,10508.0,65.0,,,10506.0,0.0
1,3500,VOLCANIC_ROCK,10507.0,105.0,10506.0,73.0,,,10508,105,10509.0,73.0,,,10507.5,0.0
1,3600,VOLCANIC_ROCK,10506.0,121.0,10505.0,65.0,,,10507,121,10508.0,65.0,,,10506.5,0.0
1,3700,VOLCANIC_ROCK,10506.0,128.0,10505.0,63.0,,,10507,128,10508.0,63.0,,,10506.5,0.0
1,3800,VOLCANIC_ROCK,10508.0,100.0,10507.0,60.0,,,10509,100,10510.0,60.0,,,10508.5,0.0
1,3900,VOLCANIC_ROCK,10506.0,119.0,10505.0,79.0,,,10508,119,10509.0,79.0,,,10507.0,0.0
1,4000,VOLCANIC_ROCK,10507.0,198.0,,,,,10509,146,10510.0,52.0,,,10508.0,0.0
1,4100,VOLCANIC_ROCK,10507.0,143.0,10506.0,67.0,,,10509,210,,,,,10508.0,0.0
1,4200,VOLCANIC_ROCK,10509.0,140.0,10508.0,51.0,,,10511,191,,,,,10510.0,0.0
1,4300,VOLCANIC_ROCK,10507.0,138.0,10506.0,76.0,,,10508,138,10509.0,76.0,,,10507.5,0.0
1,4400,VOLCANIC_ROCK,10507.0,141.0,10506.0,44.0,,,10509,185,,,,,10508.0,0.0
1,4500,VOLCANIC_ROCK,10506.0,136.0,10505.0,78.0,,,10508,214,,,,,10507.0,0.0
1,4600,VOLCANIC_ROCK,10505.0,182.0,,,,,10507,112,10508.0,70.0,,,10506.0,0.0
1,4700,VOLCANIC_ROCK,10506.0,133.0,10505.0,66.0,,,10507,133,10508.0,66.0,,,10506.5,0.0
1,4800,VOLCANIC_ROCK,10505.0,112.0,10504.0,67.0,,,10506,112,10507.0,67.0,,,10505.5,0.0
1,4900,VOLCANIC_ROCK,10502.0,187.0,,,,,10504,122,10505.0,65.0,,,10503.0,0.0
1,5000,VOLCANIC_ROCK,10503.0,129.0,10502.0,62.0,,,10505,191,,,,,10504.0,0.0
1,5100,VOLCANIC_ROCK,10502.0,170.0,,,,,10504,128,10505.0,42.0,,,10503.0,0.0
1,5200,VOLCANIC_ROCK,10502.0,107.0,10501.0,64.0,,,10503,8,10504.0,107.0,10505.0,64.0,10502.5,0.0
1,5300,VOLCANIC_ROCK,10505.0,131.0,10504.0,69.0,,,10506,131,10507.0,69.0,,,10505.5,0.0
1,5400,VOLCANIC_ROCK,10505.0,119.0,10504.0,51.0,,,10507,170,,,,,10506.0,0.0
1,5500,VOLCANIC_ROCK,10509.0,147.0,10508.0,49.0,,,10511,196,,,,,10510.0,0.0
1,5600,VOLCANIC_ROCK,10511.0,111.0,10510.0,58.0,,,10513,169,,,,,10512.0,0.0
1,5700,VOLCANIC_ROCK,10509.0,127.0,10508.0,69.0,,,10510,120,10511.0,69.0,,,10509.5,0.0
1,5800,VOLCANIC_ROCK,10512.0,135.0,10511.0,58.0,,,10513,135,10514.0,58.0,,,10512.5,0.0
1,5900,VOLCANIC_ROCK,10512.0,168.0,,,,,10514,107,10515.0,61.0,,,10513.0,0.0
1,6000,VOLCANIC_ROCK,10513.0,125.0,10512.0,48.0,,,10515,125,10516.0,48.0,,,10514.0,0.0
1,6100,VOLCANIC_ROCK,10514.0,162.0,,,,,10516,120,10517.0,42.0,,,10515.0,0.0
1,6200,VOLCANIC_ROCK,10514.0,121.0,10513.0,69.0,,,10515,121,10516.0,69.0,,,10514.5,0.0
1,6300,VOLCANIC_ROCK,10513.0,142.0,10512.0,63.0,,,10514,142,10515.0,63.0,,,10513.5,0.0
1,6400,VOLCANIC_ROCK,10510.0,102.0,10509.0,60.0,,,10512,162,,,,,10511.0,0.0
1,6500,VOLCANIC_ROCK,10511.0,148.0,10510.0,45.0,,,10513,193,,,,,10512.0,0.0
1,6600,VOLCANIC_ROCK,10508.0,188.0,,,,,10510,121,10511.0,67.0,,,10509.0,0.0
1,6700,VOLCANIC_ROCK,10510.0,134.0,10509.0,54.0,,,10512,181,,,,,10511.0,0.0
1,6800,VOLCANIC_ROCK,10511.0,115.0,10510.0,58.0,,,10513,173,,,,,10512.0,0.0
1,6900,VOLCANIC_ROCK,10515.0,105.0,10514.0,52.0,,,10516,105,10517.0,52.0,,,10515.5,0.0
1,7000,VOLCANIC_ROCK,10514.0,120.0,10513.0,53.0,,,10516,173,,,,,10515.0,0.0
1,7100,VOLCANIC_ROCK,10512.0,101.0,10511.0,56.0,,,10513,101,10514.0,56.0,,,10512.5,0.0
1,7200,VOLCANIC_ROCK,10512.0,115.0,10511.0,41.0,,,10513,115,10514.0,41.0,,,10512.5,0.0
1,7300,VOLCANIC_ROCK,10509.0,100.0,10508.0,68.0,,,10510,100,10511.0,68.0,,,10509.5,0.0
1,7400,VOLCANIC_ROCK,10511.0,127.0,10510.0,76.0,,,10513,203,,,,,10512.0,0.0
1,7500,VOLCANIC_ROCK,10511.0,113.0,10510.0,70.0,,,10513,113,10514.0,70.0,,,10512.0,0.0
1,7600,VOLCANIC_ROCK,10511.0,134.0,10510.0,64.0,,,10513,141,10514.0,64.0,,,10512.0,0.0
1,7700,VOLCANIC_ROCK,10511.0,103.0,10510.0,60.0,,,10513,163,,,,,10512.0,0.0
1,7800,VOLCANIC_ROCK,10511.0,125.0,10510.0,73.0,,,10513,198,,,,,10512.0,0.0
1,7900,VOLCANIC_ROCK,10512.0,140.0,10511.0,51.0,,,10513,140,10514.0,51.0,,,10512.5,0.0
1,8000,VOLCANIC_ROCK,10512.0,131.0,10511.0,77.0,,,10514,131,10515.0,77.0,,,10513.0,0.0
1,8100,VOLCANIC_ROCK,10512.0,112.0,10511.0,44.0,,,10513,112,10514.0,44.0,,,10512.5,0.0
1,8200,VOLCANIC_ROCK,10512.0,139.0,10511.0,78.0,,,10513,139,10514.0,78.0,,,10512.5,0.0
1,8300,VOLCANIC_ROCK,10511.0,106.0,10510.0,46.0,,,10512,106,10513.0,46.0,,,10511.5,0.0
1,8400,VOLCANIC_ROCK,10508.0,117.0,10507.0,48.0,,,10509,117,10510.0,48.0,,,10508.5,0.0
1,8500,VOLCANIC_ROCK,10508.0,127.0,10507.0,79.0,,,10509,127,10510.0,79.0,,,10508.5,0.0
1,8600,VOLCANIC_ROCK,10508.0,144.0,10507.0,52.0,,,10510,196,,,,,10509.0,0.0
1,8700,VOLCANIC_ROCK,10508.0,167.0,,,,,10510,124,10511.0,43.0,,,10509.0,0.0
1,8800,VOLCANIC_ROCK,10508.0,149.0,10507.0,75.0,,,10510,224,,,,,10509.0,0.0
1,8900,VOLCANIC_ROCK,10510.0,115.0,10509.0,70.0,,,10511,121,10512.0,70.0,,,10510.5,0.0
1,9000,VOLCANIC_ROCK,10510.0,111.0,10509.0,47.0,,,10511,111,10512.0,47.0,,,10510.5,0.0
1,9100,VOLCANIC_ROCK,10506.0,139.0,10505.0,54.0,,,10507,139,10508.0,54.0,,,10506.5,0.0
1,9200,VOLCANIC_ROCK,10507.0,139.0,10506.0,66.0,,,10508,139,10509.0,66.0,,,10507.5,0.0
1,9300,VOLCANIC_ROCK,10507.0,197.0,,,,,10509,133,10510.0,64.0,,,10508.0,0.0
1,9400,VOLCANIC_ROCK,10508.0,107.0,10507.0,72.0,,,10509,101,10510.0,72.0,,,10508.5,0.0
1,9500,VOLCANIC_ROCK,10509.0,148.0,10508.0,42.0,,,10510,148,10511.0,42.0,,,10509.5,0.0
1,9600,VOLCANIC_ROCK,10509.0,127.0,10508.0,61.0,,,10510,127,10511.0,61.0,,,10509.5,0.0
1,9700,VOLCANIC_ROCK,10509.0,120.0,10508.0,43.0,,,10510,120,10511.0,43.0,,,10509.5,0.0
1,9800,VOLCANIC_ROCK,10511.0,137.0,10510.0,77.0,,,10513,214,,,,,10512.0,0.0
1,9900,VOLCANIC_ROCK,10511.0,160.0,,,,,10513,102,10514.0,58.0,,,10512.0,0.0
1,10000,VOLCANIC_ROCK,10512.0,159.0,,,,,10514,106,10515.0,53.0,,,10513.0,0.0
1,10100,VOLCANIC_ROCK,10512.0,190.0,,,,,10514,118,10515.0,72.0,,,10513.0,0.0
1,10200,VOLCANIC_ROCK,10510.0,124.0,10509.0,77.0,,,10512,201,,,,,10511.0,0.0
1,10300,VOLCANIC_ROCK,10510.0,101.0,10509.0,62.0,,,10511,101,10512.0,62.0,,,10510.5,0.0
1,10400,VOLCANIC_ROCK,10507.0,101.0,10506.0,63.0,,,10509,101,10510.0,63.0,,,10508.0,0.0
1,10500,VOLCANIC_ROCK,10501.0,133.0,10500.0,45.0,,,10503,178,,,,,10502.0,0.0
1,10600,VOLCANIC_ROCK,10502.0,142.0,10501.0,59.0,,,10504,193,,,,,10503.0,0.0
1,10700,VOLCANIC_ROCK,10501.0,149.0,10500.0,44.0,,,10503,149,10504.0,44.0,,,10502.0,0.0
1,10800,VOLCANIC_ROCK,10504.0,106.0,10503.0,46.0,,,10505,106,10506.0,46.0,,,10504.5,0.0
1,10900,VOLCANIC_ROCK,10505.0,140.0,10504.0,65.0,,,10506,150,10507.0,65.0,,,10505.5,0.0
1,11000,VOLCANIC_ROCK,10505.0,107.0,10504.0,55.0,,,10507,107,10508.0,55.0,,,10506.0,0.0
1,11100,VOLCANIC_ROCK,10505.0,130.0,10504.0,74.0,,,10507,204,,,,,10506.0,0.0
1,11200,VOLCANIC_ROCK,10504.0,148.0,10503.0,56.0,,,10505,148,10506.0,56.0,,,10504.5,0.0
1,11300,VOLCANIC_ROCK,10506.0,119.0,10505.0,62.0,,,10507,119,10508.0,62.0,,,10506.5,0.0
1,11400,VOLCANIC_ROCK,10507.0,145.0,10506.0,64.0,,,10508,145,10509.0,64.0,,,10507.5,0.0
1,11500,VOLCANIC_ROCK,10506.0,144.0,10505.0,65.0,,,10507,144,10508.0,65.0,,,10506.5,0.0
1,11600,VOLCANIC_ROCK,10500.0,117.0,10499.0,62.0,,,10502,117,10503.0,62.0,,,10501.0,0.0
1,11700,VOLCANIC_ROCK,10502.0,145.0,10501.0,45.0,,,10503,145,10504.0,45.0,,,10502.5,0.0
1,11800,VOLCANIC_ROCK,10502.0,130.0,10501.0,61.0,,,10503,130,10504.0,61.0,,,10502.5,0.0
1,11900,VOLCANIC_ROCK,10502.0,102.0,10501.0,75.0,,,10504,102,10505.0,75.0,,,10503.0,0.0
1,12000,VOLCANIC_ROCK,10504.0,134.0,10503.0,73.0,,,10505,134,10506.0,73.0,,,10504.5,0.0
1,12100,VOLCANIC_ROCK,10503.0,167.0,,,,,10505,101,10506.0,66.0,,,10504.0,0.0
1,12200,VOLCANIC_ROCK,10502.0,113.0,10501.0,46.0,,,10503,113,10504.0,46.0,,,10502.5,0.0
1,12300,VOLCANIC_ROCK,10500.0,131.0,10499.0,63.0,,,10502,131,10503.0,63.0,,,10501.0,0.0
1,12400,VOLCANIC_ROCK,10502.0,119.0,10501.0,75.0,,,10503,119,10504.0,75.0,,,10502.5,0.0
1,12500,VOLCANIC_ROCK,10502.0,104.0,10501.0,69.0,,,10504,173,,,,,10503.0,0.0
1,12600,VOLCANIC_ROCK,10502.0,149.0,10501.0,77.0,,,10504,149,10505.0,77.0,,,10503.0,0.0
1,12700,VOLCANIC_ROCK,10503.0,143.0,10502.0,76.0,,,10505,219,,,,,10504.0,0.0
1,12800,VOLCANIC_ROCK,10502.0,119.0,10501.0,65.0,,,10504,184,,,,,10503.0,0.0
1,12900,VOLCANIC_ROCK,10503.0,104.0,10502.0,69.0,,,10505,104,10506.0,69.0,,,10504.0,0.0
1,13000,VOLCANIC_ROCK,10504.0,117.0,10503.0,40.0,,,10505,117,10506.0,40.0,,,10504.5,0.0
1,13100,VOLCANIC_ROCK,10500.0,141.0,10499.0,49.0,,,10501,136,10502.0,49.0,,,10500.5,0.0
1,13200,VOLCANIC_ROCK,10499.0,145.0,,,,,10501,103,10502.0,42.0,,,10500.0,0.0
1,13300,VOLCANIC_ROCK,10501.0,166.0,,,,,10503,116,10504.0,50.0,,,10502.0,0.0
1,13400,VOLCANIC_ROCK,10501.0,118.0,10500.0,53.0,,,10503,171,,,,,10502.0,0.0
1,13500,VOLCANIC_ROCK,10502.0,129.0,10501.0,63.0,,,10503,129,10504.0,63.0,,,10502.5,0.0
1,13600,VOLCANIC_ROCK,10502.0,121.0,10501.0,40.0,,,10504,161,,,,,10503.0,0.0
1,13700,VOLCANIC_ROCK,10503.0,101.0,10502.0,52.0,,,10504,101,10505.0,52.0,,,10503.5,0.0
1,13800,VOLCANIC_ROCK,10503.0,130.0,10502.0,68.0,,,10504,130,10505.0,68.0,,,10503.5,0.0
1,13900,VOLCANIC_ROCK,10501.0,173.0,,,,,10503,120,10504.0,53.0,,,10502.0,0.0
1,14000,VOLCANIC_ROCK,10503.0,211.0,,,,,10505,138,10506.0,73.0,,,10504.0,0.0
1,14100,VOLCANIC_ROCK,10502.0,121.0,10501.0,48.0,,,10503,121,10504.0,48.0,,,10502.5,0.0
1,14200,VOLCANIC_ROCK,10501.0,103.0,10500.0,40.0,,,10502,103,10503.0,40.0,,,10501.5,0.0
1,14300,VOLCANIC_ROCK,10501.0,140.0,10500.0,49.0,,,10502,140,10503.0,49.0,,,10501.5,0.0
1,14400,VOLCANIC_ROCK,10501.0,120.0,10500.0,64.0,,,10503,193,,,,,10502.0,0.0
1,14500,VOLCANIC_ROCK,10502.0,130.0,10501.0,62.0,,,10503,130,10504.0,62.0,,,10502.5,0.0
1,14600,VOLCANIC_ROCK,10499.0,114.0,10498.0,53.0,,,10500,114,10501.0,53.0,,,10499.5,0.0
1,14700,VOLCANIC_ROCK,10494.0,160.0,,,,,10496,111,10497.0,49.0,,,10495.0,0.0
1,14800,VOLCANIC_ROCK,10494.0,107.0,10493.0,70.0,,,10496,107,10497.0,70.0,,,10495.0,0.0
1,14900,VOLCANIC_ROCK,10494.0,178.0,,,,,10495,10,10496.0,131.0,10497.0,47.0,10494.5,0.0
1,15000,VOLCANIC_ROCK,10494.0,179.0,,,,,10496,118,10497.0,61.0,,,10495.0,0.0
1,15100,VOLCANIC_ROCK,10496.0,106.0,10495.0,72.0,,,10498,178,,,,,10497.0,0.0
1,15200,VOLCANIC_ROCK,10494.0,109.0,10493.0,78.0,,,10496,109,10497.0,78.0,,,10495.0,0.0
1,15300,VOLCANIC_ROCK,10496.0,100.0,10495.0,75.0,,,10498,100,10499.0,75.0,,,10497.0,0.0
1,15400,VOLCANIC_ROCK,10497.0,116.0,10496.0,54.0,,,10498,116,10499.0,54.0,,,10497.5,0.0
1,15500,VOLCANIC_ROCK,10496.0,119.0,10495.0,65.0,,,10498,184,,,,,10497.0,0.0
1,15600,VOLCANIC_ROCK,10496.0,103.0,10495.0,54.0,,,10498,103,10499.0,54.0,,,10497.0,0.0
1,15700,VOLCANIC_ROCK,10494.0,134.0,10493.0,56.0,,,10496,190,,,,,10495.0,0.0
1,15800,VOLCANIC_ROCK,10496.0,163.0,,,,,10498,107,10499.0,56.0,,,10497.0,0.0
1,15900,VOLCANIC_ROCK,10496.0,133.0,10495.0,53.0,,,10497,133,10498.0,53.0,,,10496.5,0.0
1,16000,VOLCANIC_ROCK,10496.0,159.0,,,,,10497,8,10498.0,113.0,10499.0,46.0,10496.5,0.0
1,16100,VOLCANIC_ROCK,10496.0,9.0,10495.0,210.0,,,10497,134,10498.0,76.0,,,10496.5,0.0
1,16200,VOLCANIC_ROCK,10494.0,115.0,10493.0,76.0,,,10495,10,10496.0,115.0,10497.0,76.0,10494.5,0.0
1,16300,VOLCANIC_ROCK,10495.0,104.0,10494.0,54.0,,,10496,104,10497.0,54.0,,,10495.5,0.0
1,16400,VOLCANIC_ROCK,10494.0,166.0,,,,,10496,122,10497.0,44.0,,,10495.0,0.0
1,16500,VOLCANIC_ROCK,10495.0,137.0,10494.0,44.0,,,10496,137,10497.0,44.0,,,10495.5,0.0
1,16600,VOLCANIC_ROCK,10488.0,113.0,10487.0,68.0,,,10489,113,10490.0,68.0,,,10488.5,0.0
1,16700,VOLCANIC_ROCK,10489.0,108.0,10488.0,60.0,,,10490,108,10491.0,60.0,,,10489.5,0.0
1,16800,VOLCANIC_ROCK,10488.0,126.0,10487.0,41.0,,,10490,126,10491.0,41.0,,,10489.0,0.0
1,16900,VOLCANIC_ROCK,10489.0,115.0,10488.0,61.0,,,10490,115,10491.0,61.0,,,10489.5,0.0
1,17000,VOLCANIC_ROCK,10489.0,149.0,10488.0,69.0,,,10491,209,,,,,10490.0,0.0
1,17100,VOLCANIC_ROCK,10484.0,156.0,,,,,10485,10,10486.0,102.0,10487.0,54.0,10484.5,0.0
1,17200,VOLCANIC_ROCK,10483.0,109.0,10482.0,71.0,,,10484,109,10485.0,71.0,,,10483.5,0.0
1,17300,VOLCANIC_ROCK,10484.0,119.0,10483.0,62.0,,,10486,181,,,,,10485.0,0.0
1,17400,VOLCANIC_ROCK,10481.0,128.0,10480.0,48.0,,,10482,128,10483.0,48.0,,,10481.5,0.0
1,17500,VOLCANIC_ROCK,10480.0,185.0,,,,,10482,116,10483.0,69.0,,,10481.0,0.0
1,17600,VOLCANIC_ROCK,10480.0,126.0,10479.0,54.0,,,10482,180,,,,,10481.0,0.0
1,17700,VOLCANIC_ROCK,10481.0,116.0,10480.0,60.0,,,10482,116,10483.0,60.0,,,10481.5,0.0
1,17800,VOLCANIC_ROCK,10480.0,158.0,,,,,10482,105,10483.0,53.0,,,10481.0,0.0
1,17900,VOLCANIC_ROCK,10482.0,121.0,10481.0,80.0,,,10484,201,,,,,10483.0,0.0
1,18000,VOLCANIC_ROCK,10482.0,102.0,10481.0,58.0,,,10484,102,10485.0,58.0,,,10483.0,0.0
1,18100,VOLCANIC_ROCK,10483.0,186.0,,,,,10485,134,10486.0,52.0,,,10484.0,0.0
1,18200,VOLCANIC_ROCK,10482.0,103.0,10481.0,47.0,,,10484,150,,,,,10483.0,0.0
1,18300,VOLCANIC_ROCK,10484.0,149.0,10483.0,46.0,,,10486,149,10487.0,46.0,,,10485.0,0.0
1,18400,VOLCANIC_ROCK,10483.0,131.0,10482.0,45.0,,,10484,131,10485.0,45.0,,,10483.5,0.0
1,18500,VOLCANIC_ROCK,10484.0,102.0,10483.0,56.0,,,10486,158,,,,,10485.0,0.0
1,18600,VOLCANIC_ROCK,10484.0,107.0,10483.0,48.0,,,10486,155,,,,,10485.0,0.0
1,18700,VOLCANIC_ROCK,10486.0,149.0,10485.0,58.0,,,10487,149,10488.0,58.0,,,10486.5,0.0
1,18800,VOLCANIC_ROCK,10486.0,115.0,10485.0,64.0,,,10487,115,10488.0,64.0,,,10486.5,0.0
1,18900,VOLCANIC_ROCK,10483.0,140.0,10482.0,69.0,,,10484,140,10485.0,69.0,,,10483.5,0.0
1,19000,VOLCANIC_ROCK,10485.0,107.0,10484.0,62.0,,,10487,169,,,,,10486.0,0.0
1,19100,VOLCANIC_ROCK,10482.0,104.0,10481.0,60.0,,,10483,104,10484.0,60.0,,,10482.5,0.0
1,19200,VOLCANIC_ROCK,10485.0,125.0,10484.0,63.0,,,10486,125,10487.0,63.0,,,10485.5,0.0
1,19300,VOLCANIC_ROCK,10486.0,122.0,10485.0,44.0,,,10488,166,,,,,10487.0,0.0
1,19400,VOLCANIC_ROCK,10485.0,174.0,,,,,10487,124,10488.0,50.0,,,10486.0,0.0
1,19500,VOLCANIC_ROCK,10486.0,106.0,10485.0,47.0,,,10488,153,,,,,10487.0,0.0
1,19600,VOLCANIC_ROCK,10486.0,111.0,10485.0,43.0,,,10488,154,,,,,10487.0,0.0
1,19700,VOLCANIC_ROCK,10485.0,125.0,10484.0,76.0,,,10486,125,10487.0,76.0,,,10485.5,0.0
1,19800,VOLCANIC_ROCK,10486.0,136.0,10485.0,48.0,,,10487,136,10488.0,48.0,,,10486.5,0.0
1,19900,VOLCANIC_ROCK,10485.0,105.0,10484.0,52.0,,,10486,105,10487.0,52.0,,,10485.5,0.0
1,20000,VOLCANIC_ROCK,10486.0,122.0,10485.0,70.0,,,10487,122,10488.0,70.0,,,10486.5,0.0
1,20100,VOLCANIC_ROCK,10486.0,106.0,10485.0,46.0,,,10487,111,10488.0,46.0,,,10486.5,0.0
1,20200,VOLCANIC_ROCK,10489.0,106.0,10488.0,78.0,,,10491,106,10492.0,78.0,,,10490.0,0.0
1,20300,VOLCANIC_ROCK,10492.0,137.0,10491.0,52.0,,,10493,137,10494.0,52.0,,,10492.5,0.0
1,20400,VOLCANIC_ROCK,10493.0,130.0,10492.0,70.0,,,10494,130,10495.0,70.0,,,10493.5,0.0
1,20500,VOLCANIC_ROCK,10492.0,100.0,10491.0,42.0,,,10494,142,,,,,10493.0,0.0
1,20600,VOLCANIC_ROCK,10494.0,114.0,10493.0,48.0,,,10496,162,,,,,10495.0,0.0
1,20700,VOLCANIC_ROCK,10493.0,105.0,10492.0,47.0,,,10494,105,10495.0,47.0,,,10493.5,0.0
1,20800,VOLCANIC_ROCK,10493.0,137.0,10492.0,63.0,,,10494,137,10495.0,63.0,,,10493.5,0.0
1,20900,VOLCANIC_ROCK,10496.0,200.0,,,,,10498,134,10499.0,66.0,,,10497.0,0.0
1,21000,VOLCANIC_ROCK,10496.0,138.0,10495.0,69.0,,,10498,207,,,,,10497.0,0.0
1,21100,VOLCANIC_ROCK,10498.0,208.0,,,,,10500,147,10501.0,61.0,,,10499.0,0.0
1,21200,VOLCANIC_ROCK,10495.0,185.0,,,,,10497,115,10498.0,70.0,,,10496.0,0.0
1,21300,VOLCANIC_ROCK,10498.0,219.0,,,,,10500,141,10501.0,78.0,,,10499.0,0.0
1,21400,VOLCANIC_ROCK,10499.0,150.0,10498.0,42.0,,,10501,150,10502.0,42.0,,,10500.0,0.0
1,21500,VOLCANIC_ROCK,10502.0,128.0,10501.0,58.0,,,10503,128,10504.0,58.0,,,10502.5,0.0
1,21600,VOLCANIC_ROCK,10501.0,144.0,10500.0,76.0,,,10502,144,10503.0,76.0,,,10501.5,0.0
1,21700,VOLCANIC_ROCK,10500.0,6.0,10499.0,168.0,,,10501,121,10502.0,47.0,,,10500.5,0.0
1,21800,VOLCANIC_ROCK,10497.0,158.0,,,,,10499,115,10500.0,43.0,,,10498.0,0.0
1,21900,VOLCANIC_ROCK,10498.0,147.0,10497.0,53.0,,,10500,147,10501.0,53.0,,,10499.0,0.0
1,22000,VOLCANIC_ROCK,10499.0,109.0,10498.0,46.0,,,10500,109,10501.0,46.0,,,10499.5,0.0
1,22100,VOLCANIC_ROCK,10497.0,141.0,10496.0,72.0,,,10498,141,10499.0,72.0,,,10497.5,0.0
1,22200,VOLCANIC_ROCK,10496.0,189.0,,,,,10498,123,10499.0,66.0,,,10497.0,0.0
1,22300,VOLCANIC_ROCK,10498.0,134.0,10497.0,64.0,,,10499,134,10500.0,64.0,,,10498.5,0.0
1,22400,VOLCANIC_ROCK,10491.0,110.0,10490.0,75.0,,,10492,110,10493.0,75.0,,,10491.5,0.0
1,22500,VOLCANIC_ROCK,10491.0,110.0,10490.0,75.0,,,10492,110,10493.0,75.0,,,10491.5,0.0
1,22600,VOLCANIC_ROCK,10490.0,137.0,10489.0,62.0,,,10492,199,,,,,10491.0,0.0
1,22700,VOLCANIC_ROCK,10487.0,144.0,,,,,10489,103,10490.0,41.0,,,10488.0,0.0
1,22800,VOLCANIC_ROCK,10484.0,131.0,10483.0,61.0,,,10486,192,,,,,10485.0,0.0
1,22900,VOLCANIC_ROCK,10482.0,143.0,10481.0,64.0,,,10483,143,10484.0,64.0,,,10482.5,0.0
1,23000,VOLCANIC_ROCK,10482.0,137.0,10481.0,75.0,,,10484,137,10485.0,75.0,,,10483.0,0.0
1,23100,VOLCANIC_ROCK,10485.0,129.0,10484.0,72.0,,,10486,129,10487.0,72.0,,,10485.5,0.0
1,23200,VOLCANIC_ROCK,10483.0,194.0,,,,,10485,124,10486.0,70.0,,,10484.0,0.0
1,23300,VOLCANIC_ROCK,10482.0,181.0,,,,,10484,107,10485.0,74.0,,,10483.0,0.0
1,23400,VOLCANIC_ROCK,10485.0,168.0,,,,,10487,116,10488.0,52.0,,,10486.0,0.0
1,23500,VOLCANIC_ROCK,10487.0,208.0,,,,,10489,133,10490.0,75.0,,,10488.0,0.0
1,23600,VOLCANIC_ROCK,10488.0,140.0,10487.0,41.0,,,10490,147,10491.0,41.0,,,10489.0,0.0
1,23700,VOLCANIC_ROCK,10488.0,113.0,10487.0,77.0,,,10489,113,10490.0,77.0,,,10488.5,0.0
1,23800,VOLCANIC_ROCK,10486.0,103.0,10485.0,52.0,,,10487,108,10488.0,52.0,,,10486.5,0.0
1,23900,VOLCANIC_ROCK,10485.0,127.0,10484.0,75.0,,,10487,202,,,,,10486.0,0.0
1,24000,VOLCANIC_ROCK,10485.0,107.0,10484.0,71.0,,,10486,107,10487.0,71.0,,,10485.5,0.0
1,24100,VOLCANIC_ROCK,10487.0,209.0,,,,,10489,146,10490.0,63.0,,,10488.0,0.0
1,24200,VOLCANIC_ROCK,10492.0,111.0,10491.0,46.0,,,10493,111,10494.0,46.0,,,10492.5,0.0
1,24300,VOLCANIC_ROCK,10491.0,181.0,,,,,10493,127,10494.0,54.0,,,10492.0,0.0
1,24400,VOLCANIC_ROCK,10494.0,115.0,10493.0,66.0,,,10495,115,10496.0,66.0,,,10494.5,0.0
1,24500,VOLCANIC_ROCK,10493.0,138.0,10492.0,53.0,,,10494,138,10495.0,53.0,,,10493.5,0.0
1,24600,VOLCANIC_ROCK,10492.0,222.0,,,,,10494,143,10495.0,79.0,,,10493.0,0.0
1,24700,VOLCANIC_ROCK,10491.0,109.0,10490.0,53.0,,,10493,162,,,,,10492.0,0.0
1,24800,VOLCANIC_ROCK,10493.0,197.0,,,,,10495,125,10496.0,72.0,,,10494.0,0.0
1,24900,VOLCANIC_ROCK,10496.0,103.0,10495.0,50.0,,,10498,159,,,,,10497.0,0.0
1,25000,VOLCANIC_ROCK,10497.0,106.0,10496.0,64.0,,,10498,106,10499.0,64.0,,,10497.5,0.0
1,25100,VOLCANIC_ROCK,10497.0,103.0,10496.0,60.0,,,10498,103,10499.0,60.0,,,10497.5,0.0
1,25200,VOLCANIC_ROCK,10497.0,114.0,10496.0,77.0,,,10499,114,10500.0,77.0,,,10498.0,0.0
1,25300,VOLCANIC_ROCK,10496.0,151.0,10495.0,76.0,,,10497,141,10498.0,76.0,,,10496.5,0.0
1,25400,VOLCANIC_ROCK,10497.0,101.0,10496.0,49.0,,,10498,111,10499.0,49.0,,,10497.5,0.0
1,25500,VOLCANIC_ROCK,10497.0,115.0,10496.0,41.0,,,10498,115,10499.0,41.0,,,10497.5,0.0
1,25600,VOLCANIC_ROCK,10497.0,142.0,10496.0,46.0,,,10498,142,10499.0,46.0,,,10497.5,0.0
1,25700,VOLCANIC_ROCK,10495.0,111.0,10494.0,53.0,,,10496,120,10497.0,53.0,,,10495.5,0.0
1,25800,VOLCANIC_ROCK,10496.0,102.0,10495.0,53.0,,,10498,155,,,,,10497.0,0.0
1,25900,VOLCANIC_ROCK,10496.0,120.0,10495.0,42.0,,,10498,162,,,,,10497.0,0.0
1,26000,VOLCANIC_ROCK,10497.0,115.0,10496.0,40.0,,,10498,115,10499.0,40.0,,,10497.5,0.0
1,26100,VOLCANIC_ROCK,10501.0,125.0,10500.0,49.0,,,10503,125,10504.0,49.0,,,10502.0,0.0
1,26200,VOLCANIC_ROCK,10502.0,132.0,10501.0,42.0,,,10503,132,10504.0,42.0,,,10502.5,0.0
1,26300,VOLCANIC_ROCK,10500.0,134.0,10499.0,58.0,,,10502,192,,,,,10501.0,0.0
1,26400,VOLCANIC_ROCK,10501.0,118.0,10500.0,45.0,,,10502,118,10503.0,45.0,,,10501.5,0.0
1,26500,VOLCANIC_ROCK,10501.0,105.0,10500.0,76.0,,,10502,102,10503.0,76.0,,,10501.5,0.0
1,26600,VOLCANIC_ROCK,10498.0,101.0,10497.0,45.0,,,10499,101,10500.0,45.0,,,10498.5,0.0
1,26700,VOLCANIC_ROCK,10495.0,131.0,10494.0,69.0,,,10496,131,10497.0,69.0,,,10495.5,0.0
1,26800,VOLCANIC_ROCK,10496.0,103.0,10495.0,52.0,,,10498,155,,,,,10497.0,0.0
1,26900,VOLCANIC_ROCK,10496.0,137.0,10495.0,77.0,,,10498,137,10499.0,77.0,,,10497.0,0.0
1,27000,VOLCANIC_ROCK,10494.0,106.0,10493.0,61.0,,,10496,106,10497.0,61.0,,,10495.0,0.0
1,27100,VOLCANIC_ROCK,10491.0,101.0,10490.0,64.0,,,10492,101,10493.0,64.0,,,10491.5,0.0
1,27200,VOLCANIC_ROCK,10488.0,141.0,10487.0,80.0,,,10489,141,10490.0,80.0,,,10488.5,0.0
1,27300,VOLCANIC_ROCK,10487.0,126.0,10486.0,72.0,,,10488,126,10489.0,72.0,,,10487.5,0.0
1,27400,VOLCANIC_ROCK,10481.0,199.0,,,,,10483,125,10484.0,74.0,,,10482.0,0.0
1,27500,VOLCANIC_ROCK,10483.0,135.0,10482.0,50.0,,,10485,185,,,,,10484.0,0.0
1,27600,VOLCANIC_ROCK,10480.0,129.0,10479.0,60.0,,,10482,183,,,,,10481.0,0.0
1,27700,VOLCANIC_ROCK,10482.0,148.0,10481.0,60.0,,,10484,203,,,,,10483.0,0.0
1,27800,VOLCANIC_ROCK,10482.0,105.0,10481.0,63.0,,,10484,105,10485.0,63.0,,,10483.0,0.0
1,27900,VOLCANIC_ROCK,10485.0,105.0,10484.0,58.0,,,10486,105,10487.0,58.0,,,10485.5,0.0
1,28000,VOLCANIC_ROCK,10484.0,137.0,10483.0,71.0,,,10486,208,,,,,10485.0,0.0
1,28100,VOLCANIC_ROCK,10484.0,126.0,10483.0,68.0,,,10486,194,,,,,10485.0,0.0
1,28200,VOLCANIC_ROCK,10484.0,140.0,10483.0,46.0,,,10485,140,10486.0,46.0,,,10484.5,0.0
1,28300,VOLCANIC_ROCK,10484.0,113.0,10483.0,57.0,,,10485,113,10486.0,57.0,,,10484.5,0.0
1,28400,VOLCANIC_ROCK,10482.0,132.0,10481.0,46.0,,,10483,132,10484.0,46.0,,,10482.5,0.0
1,28500,VOLCANIC_ROCK,10485.0,135.0,10484.0,61.0,,,10486,135,10487.0,61.0,,,10485.5,0.0
1,28600,VOLCANIC_ROCK,10482.0,142.0,10481.0,43.0,,,10484,142,10485.0,43.0,,,10483.0,0.0
1,28700,VOLCANIC_ROCK,10481.0,187.0,,,,,10483,125,10484.0,62.0,,,10482.0,0.0
1,28800,VOLCANIC_ROCK,10485.0,149.0,10484.0,65.0,,,10486,149,10487.0,65.0,,,10485.5,0.0
1,28900,VOLCANIC_ROCK,10487.0,136.0,10486.0,58.0,,,10488,136,10489.0,58.0,,,10487.5,0.0
1,29000,VOLCANIC_ROCK,10486.0,135.0,10485.0,63.0,,,10487,135,10488.0,63.0,,,10486.5,0.0
1,29100,VOLCANIC_ROCK,10482.0,124.0,10481.0,74.0,,,10483,124,10484.0,74.0,,,10482.5,0.0
1,29200,VOLCANIC_ROCK,10482.0,174.0,,,,,10484,115,10485.0,59.0,,,10483.0,0.0
1,29300,VOLCANIC_ROCK,10482.0,128.0,10481.0,68.0,,,10483,128,10484.0,68.0,,,10482.5,0.0
1,29400,VOLCANIC_ROCK,10481.0,120.0,10480.0,72.0,,,10482,120,10483.0,72.0,,,10481.5,0.0
1,29500,VOLCANIC_ROCK,10482.0,117.0,10481.0,69.0,,,10483,117,10484.0,69.0,,,10482.5,0.0
1,29600,VOLCANIC_ROCK,10480.0,129.0,10479.0,57.0,,,10482,129,10483.0,57.0,,,10481.0,0.0
1,29700,VOLCANIC_ROCK,10482.0,121.0,10481.0,72.0,,,10484,193,,,,,10483.0,0.0
1,29800,VOLCANIC_ROCK,10483.0,102.0,10482.0,51.0,,,10485,163,,,,,10484.0,0.0
1,29900,VOLCANIC_ROCK,10482.0,189.0,,,,,10484,113,10485.0,76.0,,,10483.0,0.0
1,30000,VOLCANIC_ROCK,10482.0,116.0,10481.0,75.0,,,10483,116,10484.0,75.0,,,10482.5,0.0
1,30100,VOLCANIC_ROCK,10481.0,150.0,,,,,10483,109,10484.0,41.0,,,10482.0,0.0
1,30200,VOLCANIC_ROCK,10478.0,104.0,10477.0,43.0,,,10480,154,,,,,10479.0,0.0
1,30300,VOLCANIC_ROCK,10479.0,125.0,10478.0,40.0,,,10480,125,10481.0,40.0,,,10479.5,0.0
1,30400,VOLCANIC_ROCK,10478.0,222.0,,,,,10480,150,10481.0,72.0,,,10479.0,0.0
1,30500,VOLCANIC_ROCK,10479.0,141.0,10478.0,50.0,,,10480,9,10481.0,141.0,10482.0,50.0,10479.5,0.0
1,30600,VOLCANIC_ROCK,10473.0,109.0,10472.0,60.0,,,10475,169,,,,,10474.0,0.0
1,30700,VOLCANIC_ROCK,10472.0,127.0,10471.0,49.0,,,10474,176,,,,,10473.0,0.0
1,30800,VOLCANIC_ROCK,10474.0,104.0,10473.0,45.0,,,10476,149,,,,,10475.0,0.0
1,30900,VOLCANIC_ROCK,10475.0,172.0,,,,,10477,109,10478.0,63.0,,,10476.0,0.0
1,31000,VOLCANIC_ROCK,10474.0,117.0,10473.0,76.0,,,10476,117,10477.0,76.0,,,10475.0,0.0
1,31100,VOLCANIC_ROCK,10473.0,141.0,10472.0,80.0,,,10474,141,10475.0,80.0,,,10473.5,0.0
1,31200,VOLCANIC_ROCK,10475.0,120.0,10474.0,48.0,,,10477,168,,,,,10476.0,0.0
1,31300,VOLCANIC_ROCK,10475.0,103.0,10474.0,75.0,,,10476,110,10477.0,75.0,,,10475.5,0.0
1,31400,VOLCANIC_ROCK,10475.0,109.0,10474.0,52.0,,,10476,109,10477.0,52.0,,,10475.5,0.0
1,31500,VOLCANIC_ROCK,10474.0,114.0,10473.0,58.0,,,10475,114,10476.0,58.0,,,10474.5,0.0
1,31600,VOLCANIC_ROCK,10473.0,112.0,10472.0,43.0,,,10474,112,10475.0,43.0,,,10473.5,0.0
1,31700,VOLCANIC_ROCK,10471.0,230.0,,,,,10473,150,10474.0,80.0,,,10472.0,0.0
1,31800,VOLCANIC_ROCK,10473.0,119.0,10472.0,43.0,,,10475,119,10476.0,43.0,,,10474.0,0.0
1,31900,VOLCANIC_ROCK,10472.0,144.0,10471.0,77.0,,,10473,144,10474.0,77.0,,,10472.5,0.0
1,32000,VOLCANIC_ROCK,10466.0,107.0,10465.0,49.0,,,10468,156,,,,,10467.0,0.0
1,32100,VOLCANIC_ROCK,10460.0,134.0,10459.0,58.0,,,10461,134,10462.0,58.0,,,10460.5,0.0
1,32200,VOLCANIC_ROCK,10453.0,123.0,10452.0,52.0,,,10454,123,10455.0,52.0,,,10453.5,0.0
1,32300,VOLCANIC_ROCK,10458.0,109.0,10457.0,44.0,,,10459,109,10460.0,44.0,,,10458.5,0.0
1,32400,VOLCANIC_ROCK,10458.0,140.0,10457.0,43.0,,,10460,188,,,,,10459.0,0.0
1,32500,VOLCANIC_ROCK,10457.0,188.0,,,,,10459,140,10460.0,48.0,,,10458.0,0.0
1,32600,VOLCANIC_ROCK,10441.0,134.0,10440.0,56.0,,,10442,134,10443.0,56.0,,,10441.5,0.0
1,32700,VOLCANIC_ROCK,10441.0,125.0,10440.0,71.0,,,10442,125,10443.0,71.0,,,10441.5,0.0
1,32800,VOLCANIC_ROCK,10456.0,134.0,10455.0,57.0,,,10457,125,10458.0,57.0,,,10456.5,0.0
1,32900,VOLCANIC_ROCK,10449.0,112.0,10448.0,72.0,,,10451,112,10452.0,72.0,,,10450.0,0.0
1,33000,VOLCANIC_ROCK,10448.0,198.0,,,,,10450,120,10451.0,79.0,,,10449.0,0.0
1,33100,VOLCANIC_ROCK,10446.0,110.0,10445.0,45.0,,,10447,104,10448.0,45.0,,,10446.5,0.0
1,33200,VOLCANIC_ROCK,10443.0,108.0,10442.0,72.0,,,10444,118,10445.0,72.0,,,10443.5,0.0
1,33300,VOLCANIC_ROCK,10437.0,115.0,10436.0,72.0,,,10439,178,,,,,10438.0,0.0
1,33400,VOLCANIC_ROCK,10440.0,113.0,10439.0,61.0,,,10441,113,10442.0,61.0,,,10440.5,0.0
1,33500,VOLCANIC_ROCK,10441.0,122.0,10440.0,64.0,,,10443,186,,,,,10442.0,0.0
1,33600,VOLCANIC_ROCK,10441.0,181.0,,,,,10443,130,10444.0,51.0,,,10442.0,0.0
1,33700,VOLCANIC_ROCK,10444.0,128.0,10443.0,63.0,,,10445,128,10446.0,63.0,,,10444.5,0.0
1,33800,VOLCANIC_ROCK,10442.0,141.0,10441.0,45.0,,,10443,141,10444.0,45.0,,,10442.5,0.0
1,33900,VOLCANIC_ROCK,10442.0,127.0,10441.0,53.0,,,10444,127,10445.0,53.0,,,10443.0,0.0
1,34000,VOLCANIC_ROCK,10444.0,123.0,10443.0,67.0,,,10446,190,,,,,10445.0,0.0
1,34100,VOLCANIC_ROCK,10442.0,139.0,10441.0,40.0,,,10443,139,10444.0,40.0,,,10442.5,0.0
1,34200,VOLCANIC_ROCK,10440.0,128.0,10439.0,72.0,,,10442,192,,,,,10441.0,0.0
1,34300,VOLCANIC_ROCK,10439.0,187.0,,,,,10441,147,10442.0,40.0,,,10440.0,0.0
1,34400,VOLCANIC_ROCK,10444.0,104.0,10443.0,54.0,,,10445,104,10446.0,54.0,,,10444.5,0.0
1,34500,VOLCANIC_ROCK,10442.0,115.0,10441.0,67.0,,,10443,115,10444.0,67.0,,,10442.5,0.0
1,34600,VOLCANIC_ROCK,10440.0,125.0,10439.0,76.0,,,10442,201,,,,,10441.0,0.0
1,34700,VOLCANIC_ROCK,10440.0,134.0,10439.0,48.0,,,10441,127,10442.0,48.0,,,10440.5,0.0
1,34800,VOLCANIC_ROCK,10447.0,109.0,10446.0,72.0,,,10449,181,,,,,10448.0,0.0
1,34900,VOLCANIC_ROCK,10448.0,102.0,10447.0,49.0,,,10449,102,10450.0,49.0,,,10448.5,0.0
1,35000,VOLCANIC_ROCK,10448.0,114.0,10447.0,78.0,,,10449,114,10450.0,78.0,,,10448.5,0.0
1,35100,VOLCANIC_ROCK,10449.0,219.0,,,,,10451,144,10452.0,75.0,,,10450.0,0.0
1,35200,VOLCANIC_ROCK,10450.0,113.0,10449.0,52.0,,,10452,165,,,,,10451.0,0.0
1,35300,VOLCANIC_ROCK,10448.0,101.0,10447.0,74.0,,,10449,101,10450.0,74.0,,,10448.5,0.0
1,35400,VOLCANIC_ROCK,10448.0,145.0,10447.0,60.0,,,10450,205,,,,,10449.0,0.0
1,35500,VOLCANIC_ROCK,10456.0,128.0,10455.0,60.0,,,10457,128,10458.0,60.0,,,10456.5,0.0
1,35600,VOLCANIC_ROCK,10456.0,143.0,10455.0,72.0,,,10457,143,10458.0,72.0,,,10456.5,0.0
1,35700,VOLCANIC_ROCK,10455.0,210.0,,,,,10457,136,10458.0,74.0,,,10456.0,0.0
1,35800,VOLCANIC_ROCK,10454.0,109.0,10453.0,48.0,,,10455,109,10456.0,48.0,,,10454.5,0.0
1,35900,VOLCANIC_ROCK,10452.0,145.0,10451.0,50.0,,,10453,145,10454.0,50.0,,,10452.5,0.0
1,36000,VOLCANIC_ROCK,10450.0,5.0,10449.0,126.0,10448.0,66.0,10451,126,10452.0,66.0,,,10450.5,0.0
1,36100,VOLCANIC_ROCK,10447.0,106.0,10446.0,65.0,,,10448,106,10449.0,65.0,,,10447.5,0.0
1,36200,VOLCANIC_ROCK,10447.0,144.0,10446.0,80.0,,,10449,224,,,,,10448.0,0.0
1,36300,VOLCANIC_ROCK,10449.0,9.0,10448.0,201.0,,,10450,125,10451.0,76.0,,,10449.5,0.0
1,36400,VOLCANIC_ROCK,10450.0,6.0,10449.0,178.0,,,10451,134,10452.0,44.0,,,10450.5,0.0
1,36500,VOLCANIC_ROCK,10452.0,185.0,,,,,10454,106,10455.0,79.0,,,10453.0,0.0
1,36600,VOLCANIC_ROCK,10453.0,110.0,10452.0,41.0,,,10455,110,10456.0,41.0,,,10454.0,0.0
1,36700,VOLCANIC_ROCK,10454.0,109.0,10453.0,51.0,,,10456,160,,,,,10455.0,0.0
1,36800,VOLCANIC_ROCK,10453.0,126.0,10452.0,77.0,,,10455,193,,,,,10454.0,0.0
1,36900,VOLCANIC_ROCK,10452.0,111.0,10451.0,49.0,,,10453,111,10454.0,49.0,,,10452.5,0.0
1,37000,VOLCANIC_ROCK,10452.0,111.0,10451.0,53.0,,,10454,111,10455.0,53.0,,,10453.0,0.0
1,37100,VOLCANIC_ROCK,10448.0,127.0,10447.0,70.0,,,10449,121,10450.0,70.0,,,10448.5,0.0
1,37200,VOLCANIC_ROCK,10449.0,139.0,10448.0,57.0,,,10450,139,10451.0,57.0,,,10449.5,0.0
1,37300,VOLCANIC_ROCK,10449.0,225.0,,,,,10451,145,10452.0,80.0,,,10450.0,0.0
1,37400,VOLCANIC_ROCK,10449.0,140.0,10448.0,76.0,,,10450,140,10451.0,76.0,,,10449.5,0.0
1,37500,VOLCANIC_ROCK,10450.0,208.0,,,,,10452,135,10453.0,73.0,,,10451.0,0.0
1,37600,VOLCANIC_ROCK,10450.0,128.0,10449.0,79.0,,,10451,128,10452.0,79.0,,,10450.5,0.0
1,37700,VOLCANIC_ROCK,10450.0,135.0,10449.0,46.0,,,10451,135,10452.0,46.0,,,10450.5,0.0
1,37800,VOLCANIC_ROCK,10448.0,142.0,10447.0,72.0,,,10449,150,10450.0,72.0,,,10448.5,0.0
1,37900,VOLCANIC_ROCK,10446.0,121.0,10445.0,69.0,,,10447,121,10448.0,69.0,,,10446.5,0.0
1,38000,VOLCANIC_ROCK,10443.0,212.0,,,,,10445,137,10446.0,75.0,,,10444.0,0.0
1,38100,VOLCANIC_ROCK,10446.0,192.0,,,,,10448,117,10449.0,75.0,,,10447.0,0.0
1,38200,VOLCANIC_ROCK,10447.0,107.0,10446.0,57.0,,,10449,164,,,,,10448.0,0.0
1,38300,VOLCANIC_ROCK,10452.0,152.0,10451.0,73.0,,,10453,147,10454.0,73.0,,,10452.5,0.0
1,38400,VOLCANIC_ROCK,10452.0,107.0,10451.0,55.0,,,10453,107,10454.0,55.0,,,10452.5,0.0
1,38500,VOLCANIC_ROCK,10452.0,112.0,10451.0,60.0,,,10454,112,10455.0,60.0,,,10453.0,0.0
1,38600,VOLCANIC_ROCK,10457.0,136.0,10456.0,55.0,,,10458,136,10459.0,55.0,,,10457.5,0.0
1,38700,VOLCANIC_ROCK,10456.0,130.0,10455.0,52.0,,,10457,130,10458.0,52.0,,,10456.5,0.0
1,38800,VOLCANIC_ROCK,10455.0,129.0,10454.0,44.0,,,10456,129,10457.0,44.0,,,10455.5,0.0
1,38900,VOLCANIC_ROCK,10457.0,150.0,10456.0,55.0,,,10458,150,10459.0,55.0,,,10457.5,0.0
1,39000,VOLCANIC_ROCK,10457.0,101.0,10456.0,73.0,,,10458,101,10459.0,73.0,,,10457.5,0.0
1,39100,VOLCANIC_ROCK,10451.0,101.0,10450.0,68.0,,,10452,101,10453.0,68.0,,,10451.5,0.0
1,39200,VOLCANIC_ROCK,10452.0,125.0,10451.0,53.0,,,10454,178,,,,,10453.0,0.0
1,39300,VOLCANIC_ROCK,10453.0,103.0,10452.0,62.0,,,10454,103,10455.0,62.0,,,10453.5,0.0
1,39400,VOLCANIC_ROCK,10450.0,170.0,,,,,10452,112,10453.0,58.0,,,10451.0,0.0
1,39500,VOLCANIC_ROCK,10450.0,123.0,10449.0,73.0,,,10451,123,10452.0,73.0,,,10450.5,0.0
1,39600,VOLCANIC_ROCK,10449.0,119.0,10448.0,42.0,,,10450,119,10451.0,42.0,,,10449.5,0.0
1,39700,VOLCANIC_ROCK,10456.0,137.0,10455.0,74.0,,,10458,211,,,,,10457.0,0.0
1,39800,VOLCANIC_ROCK,10459.0,122.0,10458.0,45.0,,,10460,122,10461.0,45.0,,,10459.5,0.0
1,39900,VOLCANIC_ROCK,10460.0,175.0,,,,,10462,115,10463.0,60.0,,,10461.0,0.0
1,40000,VOLCANIC_ROCK,10459.0,179.0,,,,,10461,125,10462.0,54.0,,,10460.0,0.0
1,40100,VOLCANIC_ROCK,10462.0,117.0,10461.0,72.0,,,10463,117,10464.0,72.0,,,10462.5,0.0
1,40200,VOLCANIC_ROCK,10456.0,139.0,10455.0,48.0,,,10458,187,,,,,10457.0,0.0
1,40300,VOLCANIC_ROCK,10457.0,116.0,10456.0,54.0,,,10458,116,10459.0,54.0,,,10457.5,0.0
1,40400,VOLCANIC_ROCK,10454.0,197.0,,,,,10456,146,10457.0,51.0,,,10455.0,0.0
1,40500,VOLCANIC_ROCK,10456.0,199.0,,,,,10458,144,10459.0,55.0,,,10457.0,0.0
1,40600,VOLCANIC_ROCK,10457.0,138.0,10456.0,76.0,,,10458,138,10459.0,76.0,,,10457.5,0.0
1,40700,VOLCANIC_ROCK,10457.0,103.0,10456.0,78.0,,,10459,181,,,,,10458.0,0.0
1,40800,VOLCANIC_ROCK,10457.0,149.0,10456.0,70.0,,,10458,149,10459.0,70.0,,,10457.5,0.0
1,40900,VOLCANIC_ROCK,10457.0,130.0,10456.0,73.0,,,10458,130,10459.0,73.0,,,10457.5,0.0
1,41000,VOLCANIC_ROCK,10458.0,140.0,10457.0,70.0,,,10459,132,10460.0,70.0,,,10458.5,0.0
1,41100,VOLCANIC_ROCK,10459.0,128.0,10458.0,76.0,,,10460,128,10461.0,76.0,,,10459.5,0.0
1,41200,VOLCANIC_ROCK,10462.0,99.0,10461.0,56.0,,,10463,108,10464.0,56.0,,,10462.5,0.0
1,41300,VOLCANIC_ROCK,10461.0,109.0,10460.0,57.0,,,10463,166,,,,,10462.0,0.0
1,41400,VOLCANIC_ROCK,10461.0,94.0,10460.0,67.0,,,10462,102,10463.0,67.0,,,10461.5,0.0
1,41500,VOLCANIC_ROCK,10462.0,102.0,10461.0,58.0,,,10463,102,10464.0,58.0,,,10462.5,0.0
1,41600,VOLCANIC_ROCK,10465.0,119.0,10464.0,40.0,,,10466,129,10467.0,40.0,,,10465.5,0.0
1,41700,VOLCANIC_ROCK,10458.0,139.0,10457.0,55.0,,,10460,194,,,,,10459.0,0.0
1,41800,VOLCANIC_ROCK,10464.0,165.0,,,,,10466,106,10467.0,59.0,,,10465.0,0.0
1,41900,VOLCANIC_ROCK,10465.0,135.0,10464.0,54.0,,,10466,135,10467.0,54.0,,,10465.5,0.0
1,42000,VOLCANIC_ROCK,10463.0,128.0,10462.0,40.0,,,10465,168,,,,,10464.0,0.0
1,42100,VOLCANIC_ROCK,10463.0,141.0,10462.0,77.0,,,10464,141,10465.0,77.0,,,10463.5,0.0
1,42200,VOLCANIC_ROCK,10462.0,111.0,10461.0,75.0,,,10463,111,10464.0,75.0,,,10462.5,0.0
1,42300,VOLCANIC_ROCK,10464.0,110.0,10463.0,80.0,,,10465,110,10466.0,80.0,,,10464.5,0.0
1,42400,VOLCANIC_ROCK,10463.0,130.0,10462.0,67.0,,,10464,138,10465.0,67.0,,,10463.5,0.0
1,42500,VOLCANIC_ROCK,10463.0,100.0,10462.0,50.0,,,10465,100,10466.0,50.0,,,10464.0,0.0
1,42600,VOLCANIC_ROCK,10459.0,109.0,10458.0,75.0,,,10460,109,10461.0,75.0,,,10459.5,0.0
1,42700,VOLCANIC_ROCK,10459.0,197.0,,,,,10460,5,10461.0,125.0,10462.0,72.0,10459.5,0.0
1,42800,VOLCANIC_ROCK,10461.0,100.0,10460.0,43.0,,,10462,100,10463.0,43.0,,,10461.5,0.0
1,42900,VOLCANIC_ROCK,10464.0,127.0,10463.0,51.0,,,10465,132,10466.0,51.0,,,10464.5,0.0
1,43000,VOLCANIC_ROCK,10464.0,112.0,10463.0,48.0,,,10465,105,10466.0,48.0,,,10464.5,0.0
1,43100,VOLCANIC_ROCK,10463.0,105.0,10462.0,75.0,,,10464,105,10465.0,75.0,,,10463.5,0.0
1,43200,VOLCANIC_ROCK,10463.0,107.0,10462.0,76.0,,,10464,107,10465.0,76.0,,,10463.5,0.0
1,43300,VOLCANIC_ROCK,10461.0,199.0,,,,,10462,9,10463.0,131.0,10464.0,68.0,10461.5,0.0
1,43400,VOLCANIC_ROCK,10461.0,132.0,10460.0,60.0,,,10462,132,10463.0,60.0,,,10461.5,0.0
1,43500,VOLCANIC_ROCK,10461.0,124.0,10460.0,79.0,,,10463,124,10464.0,79.0,,,10462.0,0.0
1,43600,VOLCANIC_ROCK,10461.0,114.0,10460.0,41.0,,,10462,114,10463.0,41.0,,,10461.5,0.0
1,43700,VOLCANIC_ROCK,10460.0,140.0,10459.0,53.0,,,10461,140,10462.0,53.0,,,10460.5,0.0
1,43800,VOLCANIC_ROCK,10461.0,123.0,10460.0,45.0,,,10462,123,10463.0,45.0,,,10461.5,0.0
1,43900,VOLCANIC_ROCK,10459.0,144.0,10458.0,69.0,,,10461,213,,,,,10460.0,0.0
1,44000,VOLCANIC_ROCK,10458.0,126.0,10457.0,69.0,,,10459,126,10460.0,69.0,,,10458.5,0.0
1,44100,VOLCANIC_ROCK,10448.0,209.0,,,,,10450,144,10451.0,65.0,,,10449.0,0.0
1,44200,VOLCANIC_ROCK,10447.0,144.0,10446.0,45.0,,,10448,144,10449.0,45.0,,,10447.5,0.0
1,44300,VOLCANIC_ROCK,10448.0,112.0,10447.0,69.0,,,10450,181,,,,,10449.0,0.0
1,44400,VOLCANIC_ROCK,10449.0,120.0,10448.0,73.0,,,10451,193,,,,,10450.0,0.0
1,44500,VOLCANIC_ROCK,10450.0,212.0,,,,,10452,134,10453.0,78.0,,,10451.0,0.0
1,44600,VOLCANIC_ROCK,10451.0,145.0,10450.0,79.0,,,10453,224,,,,,10452.0,0.0
1,44700,VOLCANIC_ROCK,10449.0,117.0,10448.0,44.0,,,10451,161,,,,,10450.0,0.0
1,44800,VOLCANIC_ROCK,10450.0,106.0,10449.0,46.0,,,10451,106,10452.0,46.0,,,10450.5,0.0
1,44900,VOLCANIC_ROCK,10450.0,146.0,10449.0,69.0,,,10451,146,10452.0,69.0,,,10450.5,0.0
1,45000,VOLCANIC_ROCK,10450.0,112.0,10449.0,46.0,,,10451,112,10452.0,46.0,,,10450.5,0.0
1,45100,VOLCANIC_ROCK,10449.0,213.0,,,,,10451,147,10452.0,66.0,,,10450.0,0.0
1,45200,VOLCANIC_ROCK,10451.0,139.0,10450.0,53.0,,,10452,139,10453.0,53.0,,,10451.5,0.0
1,45300,VOLCANIC_ROCK,10452.0,145.0,10451.0,50.0,,,10453,145,10454.0,50.0,,,10452.5,0.0
1,45400,VOLCANIC_ROCK,10451.0,112.0,10450.0,70.0,,,10452,102,10453.0,70.0,,,10451.5,0.0
1,45500,VOLCANIC_ROCK,10448.0,138.0,10447.0,61.0,,,10449,138,10450.0,61.0,,,10448.5,0.0
1,45600,VOLCANIC_ROCK,10447.0,110.0,10446.0,60.0,,,10448,110,10449.0,60.0,,,10447.5,0.0
1,45700,VOLCANIC_ROCK,10447.0,205.0,,,,,10449,126,10450.0,79.0,,,10448.0,0.0
1,45800,VOLCANIC_ROCK,10448.0,112.0,10447.0,70.0,,,10450,182,,,,,10449.0,0.0
1,45900,VOLCANIC_ROCK,10448.0,100.0,10447.0,73.0,,,10449,100,10450.0,73.0,,,10448.5,0.0
1,46000,VOLCANIC_ROCK,10450.0,111.0,10449.0,66.0,,,10451,111,10452.0,66.0,,,10450.5,0.0
1,46100,VOLCANIC_ROCK,10450.0,111.0,10449.0,57.0,,,10451,111,10452.0,57.0,,,10450.5,0.0
1,46200,VOLCANIC_ROCK,10449.0,113.0,10448.0,77.0,,,10451,183,,,,,10450.0,0.0
1,46300,VOLCANIC_ROCK,10452.0,128.0,10451.0,58.0,,,10453,133,10454.0,58.0,,,10452.5,0.0
1,46400,VOLCANIC_ROCK,10450.0,142.0,10449.0,60.0,,,10451,142,10452.0,60.0,,,10450.5,0.0
1,46500,VOLCANIC_ROCK,10450.0,106.0,10449.0,45.0,,,10451,106,10452.0,45.0,,,10450.5,0.0
1,46600,VOLCANIC_ROCK,10449.0,111.0,10448.0,74.0,,,10450,111,10451.0,74.0,,,10449.5,0.0
1,46700,VOLCANIC_ROCK,10450.0,118.0,10449.0,47.0,,,10452,165,,,,,10451.0,0.0
1,46800,VOLCANIC_ROCK,10447.0,202.0,,,,,10449,141,10450.0,61.0,,,10448.0,0.0
1,46900,VOLCANIC_ROCK,10447.0,162.0,,,,,10449,108,10450.0,54.0,,,10448.0,0.0
1,47000,VOLCANIC_ROCK,10447.0,105.0,10446.0,72.0,,,10448,105,10449.0,72.0,,,10447.5,0.0
1,47100,VOLCANIC_ROCK,10447.0,174.0,,,,,10449,105,10450.0,69.0,,,10448.0,0.0
1,47200,VOLCANIC_ROCK,10448.0,150.0,10447.0,56.0,,,10450,150,10451.0,56.0,,,10449.0,0.0
1,47300,VOLCANIC_ROCK,10449.0,135.0,10448.0,66.0,,,10450,135,10451.0,66.0,,,10449.5,0.0
1,47400,VOLCANIC_ROCK,10449.0,171.0,,,,,10451,105,10452.0,66.0,,,10450.0,0.0
1,47500,VOLCANIC_ROCK,10450.0,107.0,10449.0,58.0,,,10451,107,10452.0,58.0,,,10450.5,0.0
1,47600,VOLCANIC_ROCK,10447.0,177.0,,,,,10449,100,10450.0,77.0,,,10448.0,0.0
1,47700,VOLCANIC_ROCK,10446.0,120.0,10445.0,71.0,,,10447,120,10448.0,71.0,,,10446.5,0.0
1,47800,VOLCANIC_ROCK,10444.0,109.0,10443.0,67.0,,,10445,109,10446.0,67.0,,,10444.5,0.0
1,47900,VOLCANIC_ROCK,10445.0,121.0,10444.0,65.0,,,10446,121,10447.0,65.0,,,10445.5,0.0
1,48000,VOLCANIC_ROCK,10445.0,120.0,10444.0,42.0,,,10447,120,10448.0,42.0,,,10446.0,0.0
1,48100,VOLCANIC_ROCK,10445.0,118.0,10444.0,48.0,,,10446,118,10447.0,48.0,,,10445.5,0.0
1,48200,VOLCANIC_ROCK,10442.0,178.0,,,,,10444,104,10445.0,74.0,,,10443.0,0.0
1,48300,VOLCANIC_ROCK,10443.0,127.0,10442.0,56.0,,,10444,137,10445.0,56.0,,,10443.5,0.0
1,48400,VOLCANIC_ROCK,10443.0,144.0,10442.0,59.0,,,10444,144,10445.0,59.0,,,10443.5,0.0
1,48500,VOLCANIC_ROCK,10445.0,125.0,10444.0,40.0,,,10447,165,,,,,10446.0,0.0
1,48600,VOLCANIC_ROCK,10445.0,140.0,10444.0,79.0,,,10446,145,10447.0,79.0,,,10445.5,0.0
1,48700,VOLCANIC_ROCK,10450.0,130.0,10449.0,78.0,,,10451,130,10452.0,78.0,,,10450.5,0.0
1,48800,VOLCANIC_ROCK,10451.0,140.0,10450.0,59.0,,,10452,140,10453.0,59.0,,,10451.5,0.0
1,48900,VOLCANIC_ROCK,10452.0,116.0,10451.0,79.0,,,10454,185,,,,,10453.0,0.0
1,49000,VOLCANIC_ROCK,10450.0,124.0,10449.0,79.0,,,10451,132,10452.0,79.0,,,10450.5,0.0
1,49100,VOLCANIC_ROCK,10448.0,6.0,10447.0,204.0,,,10449,150,10450.0,54.0,,,10448.5,0.0
1,49200,VOLCANIC_ROCK,10449.0,150.0,10448.0,79.0,,,10451,229,,,,,10450.0,0.0
1,49300,VOLCANIC_ROCK,10447.0,174.0,,,,,10449,112,10450.0,62.0,,,10448.0,0.0
1,49400,VOLCANIC_ROCK,10448.0,114.0,10447.0,54.0,,,10449,114,10450.0,54.0,,,10448.5,0.0
1,49500,VOLCANIC_ROCK,10448.0,109.0,10447.0,70.0,,,10450,179,,,,,10449.0,0.0
1,49600,VOLCANIC_ROCK,10442.0,128.0,10441.0,62.0,,,10443,128,10444.0,62.0,,,10442.5,0.0
1,49700,VOLCANIC_ROCK,10444.0,122.0,10443.0,76.0,,,10446,198,,,,,10445.0,0.0
1,49800,VOLCANIC_ROCK,10444.0,147.0,10443.0,56.0,,,10445,147,10446.0,56.0,,,10444.5,0.0
1,49900,VOLCANIC_ROCK,10444.0,162.0,,,,,10446,111,10447.0,51.0,,,10445.0,0.0
1,50000,VOLCANIC_ROCK,10444.0,202.0,,,,,10446,145,10447.0,57.0,,,10445.0,0.0
1,50100,VOLCANIC_ROCK,10444.0,134.0,10443.0,71.0,,,10445,134,10446.0,71.0,,,10444.5,0.0
1,50200,VOLCANIC_ROCK,10445.0,147.0,10444.0,41.0,,,10447,147,10448.0,41.0,,,10446.0,0.0
1,50300,VOLCANIC_ROCK,10451.0,119.0,10450.0,57.0,,,10452,119,10453.0,57.0,,,10451.5,0.0
1,50400,VOLCANIC_ROCK,10455.0,185.0,,,,,10457,130,10458.0,55.0,,,10456.0,0.0
1,50500,VOLCANIC_ROCK,10449.0,131.0,10448.0,48.0,,,10451,131,10452.0,48.0,,,10450.0,0.0
1,50600,VOLCANIC_ROCK,10453.0,7.0,10452.0,175.0,,,10454,127,10455.0,48.0,,,10453.5,0.0
1,50700,VOLCANIC_ROCK,10453.0,137.0,10452.0,61.0,,,10454,137,10455.0,61.0,,,10453.5,0.0
1,50800,VOLCANIC_ROCK,10454.0,218.0,,,,,10456,148,10457.0,70.0,,,10455.0,0.0
1,50900,VOLCANIC_ROCK,10451.0,146.0,10450.0,67.0,,,10453,213,,,,,10452.0,0.0
1,51000,VOLCANIC_ROCK,10447.0,126.0,10446.0,46.0,,,10448,126,10449.0,46.0,,,10447.5,0.0
1,51100,VOLCANIC_ROCK,10446.0,137.0,10445.0,42.0,,,10447,137,10448.0,42.0,,,10446.5,0.0
1,51200,VOLCANIC_ROCK,10441.0,147.0,10440.0,59.0,,,10442,147,10443.0,59.0,,,10441.5,0.0
1,51300,VOLCANIC_ROCK,10439.0,100.0,10438.0,72.0,,,10440,97,10441.0,72.0,,,10439.5,0.0
1,51400,VOLCANIC_ROCK,10438.0,130.0,10437.0,58.0,,,10440,188,,,,,10439.0,0.0
1,51500,VOLCANIC_ROCK,10445.0,139.0,10444.0,40.0,,,10447,139,10448.0,40.0,,,10446.0,0.0
1,51600,VOLCANIC_ROCK,10443.0,144.0,10442.0,43.0,,,10445,187,,,,,10444.0,0.0
1,51700,VOLCANIC_ROCK,10443.0,111.0,10442.0,75.0,,,10444,111,10445.0,75.0,,,10443.5,0.0
1,51800,VOLCANIC_ROCK,10442.0,110.0,10441.0,74.0,,,10444,184,,,,,10443.0,0.0
1,51900,VOLCANIC_ROCK,10442.0,172.0,,,,,10444,121,10445.0,51.0,,,10443.0,0.0
1,52000,VOLCANIC_ROCK,10445.0,146.0,10444.0,56.0,,,10446,146,10447.0,56.0,,,10445.5,0.0
1,52100,VOLCANIC_ROCK,10445.0,127.0,10444.0,71.0,,,10446,127,10447.0,71.0,,,10445.5,0.0
1,52200,VOLCANIC_ROCK,10446.0,127.0,10445.0,42.0,,,10447,135,10448.0,42.0,,,10446.5,0.0
1,52300,VOLCANIC_ROCK,10444.0,193.0,,,,,10446,114,10447.0,79.0,,,10445.0,0.0
1,52400,VOLCANIC_ROCK,10443.0,110.0,10442.0,76.0,,,10445,186,,,,,10444.0,0.0
1,52500,VOLCANIC_ROCK,10439.0,182.0,,,,,10441,102,10442.0,80.0,,,10440.0,0.0
1,52600,VOLCANIC_ROCK,10439.0,199.0,,,,,10441,129,10442.0,70.0,,,10440.0,0.0
1,52700,VOLCANIC_ROCK,10440.0,142.0,10439.0,73.0,,,10441,142,10442.0,73.0,,,10440.5,0.0
1,52800,VOLCANIC_ROCK,10442.0,132.0,10441.0,61.0,,,10444,196,,,,,10443.0,0.0
1,52900,VOLCANIC_ROCK,10443.0,147.0,10442.0,78.0,,,10444,147,10445.0,78.0,,,10443.5,0.0
1,53000,VOLCANIC_ROCK,10449.0,118.0,10448.0,49.0,,,10450,118,10451.0,49.0,,,10449.5,0.0
1,53100,VOLCANIC_ROCK,10448.0,10.0,10447.0,186.0,,,10449,131,10450.0,55.0,,,10448.5,0.0
1,53200,VOLCANIC_ROCK,10453.0,147.0,10452.0,79.0,,,10454,147,10455.0,79.0,,,10453.5,0.0
1,53300,VOLCANIC_ROCK,10455.0,105.0,10454.0,65.0,,,10456,105,10457.0,65.0,,,10455.5,0.0
1,53400,VOLCANIC_ROCK,10459.0,202.0,,,,,10461,138,10462.0,64.0,,,10460.0,0.0
1,53500,VOLCANIC_ROCK,10461.0,119.0,10460.0,80.0,,,10462,119,10463.0,80.0,,,10461.5,0.0
1,53600,VOLCANIC_ROCK,10459.0,106.0,10458.0,77.0,,,10460,106,10461.0,77.0,,,10459.5,0.0
1,53700,VOLCANIC_ROCK,10458.0,103.0,10457.0,72.0,,,10460,175,,,,,10459.0,0.0
1,53800,VOLCANIC_ROCK,10460.0,132.0,10459.0,62.0,,,10461,132,10462.0,62.0,,,10460.5,0.0
1,53900,VOLCANIC_ROCK,10462.0,105.0,10461.0,77.0,,,10463,105,10464.0,77.0,,,10462.5,0.0
1,54000,VOLCANIC_ROCK,10462.0,137.0,10461.0,67.0,,,10463,137,10464.0,67.0,,,10462.5,0.0
1,54100,VOLCANIC_ROCK,10460.0,144.0,,,,,10462,103,10463.0,41.0,,,10461.0,0.0
1,54200,VOLCANIC_ROCK,10462.0,114.0,10461.0,77.0,,,10464,191,,,,,10463.0,0.0
1,54300,VOLCANIC_ROCK,10462.0,119.0,10461.0,55.0,,,10464,174,,,,,10463.0,0.0
1,54400,VOLCANIC_ROCK,10462.0,137.0,10461.0,50.0,,,10463,137,10464.0,50.0,,,10462.5,0.0
1,54500,VOLCANIC_ROCK,10462.0,146.0,10461.0,46.0,,,10463,146,10464.0,46.0,,,10462.5,0.0
1,54600,VOLCANIC_ROCK,10461.0,109.0,10460.0,45.0,,,10462,109,10463.0,45.0,,,10461.5,0.0
1,54700,VOLCANIC_ROCK,10466.0,114.0,10465.0,62.0,,,10467,114,10468.0,62.0,,,10466.5,0.0
1,54800,VOLCANIC_ROCK,10467.0,132.0,10466.0,57.0,,,10468,132,10469.0,57.0,,,10467.5,0.0
1,54900,VOLCANIC_ROCK,10470.0,131.0,10469.0,56.0,,,10471,131,10472.0,56.0,,,10470.5,0.0
1,55000,VOLCANIC_ROCK,10476.0,123.0,10475.0,63.0,,,10477,123,10478.0,63.0,,,10476.5,0.0
1,55100,VOLCANIC_ROCK,10476.0,134.0,10475.0,51.0,,,10478,185,,,,,10477.0,0.0
1,55200,VOLCANIC_ROCK,10474.0,172.0,,,,,10476,105,10477.0,67.0,,,10475.0,0.0
1,55300,VOLCANIC_ROCK,10475.0,100.0,10474.0,71.0,,,10476,100,10477.0,71.0,,,10475.5,0.0
1,55400,VOLCANIC_ROCK,10474.0,111.0,10473.0,60.0,,,10476,174,,,,,10475.0,0.0
1,55500,VOLCANIC_ROCK,10474.0,147.0,10473.0,58.0,,,10476,205,,,,,10475.0,0.0
1,55600,VOLCANIC_ROCK,10472.0,133.0,10471.0,77.0,,,10473,133,10474.0,77.0,,,10472.5,0.0
1,55700,VOLCANIC_ROCK,10472.0,165.0,,,,,10474,100,10475.0,65.0,,,10473.0,0.0
1,55800,VOLCANIC_ROCK,10474.0,101.0,10473.0,58.0,,,10476,159,,,,,10475.0,0.0
1,55900,VOLCANIC_ROCK,10474.0,134.0,10473.0,61.0,,,10475,134,10476.0,61.0,,,10474.5,0.0
1,56000,VOLCANIC_ROCK,10471.0,169.0,,,,,10473,109,10474.0,60.0,,,10472.0,0.0
1,56100,VOLCANIC_ROCK,10472.0,197.0,,,,,10474,128,10475.0,69.0,,,10473.0,0.0
1,56200,VOLCANIC_ROCK,10474.0,139.0,10473.0,76.0,,,10476,224,,,,,10475.0,0.0
1,56300,VOLCANIC_ROCK,10475.0,144.0,10474.0,68.0,,,10476,144,10477.0,68.0,,,10475.5,0.0
1,56400,VOLCANIC_ROCK,10471.0,106.0,10470.0,55.0,,,10473,161,,,,,10472.0,0.0
1,56500,VOLCANIC_ROCK,10472.0,108.0,10471.0,66.0,,,10474,174,,,,,10473.0,0.0
1,56600,VOLCANIC_ROCK,10473.0,123.0,10472.0,49.0,,,10474,123,10475.0,49.0,,,10473.5,0.0
1,56700,VOLCANIC_ROCK,10471.0,182.0,,,,,10473,125,10474.0,57.0,,,10472.0,0.0
1,56800,VOLCANIC_ROCK,10470.0,112.0,10469.0,54.0,,,10472,112,10473.0,54.0,,,10471.0,0.0
1,56900,VOLCANIC_ROCK,10466.0,103.0,10465.0,60.0,,,10468,163,,,,,10467.0,0.0
1,57000,VOLCANIC_ROCK,10464.0,143.0,10463.0,78.0,,,10466,221,,,,,10465.0,0.0
1,57100,VOLCANIC_ROCK,10464.0,115.0,10463.0,80.0,,,10465,115,10466.0,80.0,,,10464.5,0.0
1,57200,VOLCANIC_ROCK,10463.0,200.0,,,,,10465,142,10466.0,58.0,,,10464.0,0.0
1,57300,VOLCANIC_ROCK,10464.0,122.0,10463.0,63.0,,,10466,185,,,,,10465.0,0.0
1,57400,VOLCANIC_ROCK,10464.0,114.0,10463.0,67.0,,,10465,114,10466.0,67.0,,,10464.5,0.0
1,57500,VOLCANIC_ROCK,10462.0,199.0,,,,,10464,134,10465.0,65.0,,,10463.0,0.0
1,57600,VOLCANIC_ROCK,10461.0,142.0,10460.0,47.0,,,10462,142,10463.0,47.0,,,10461.5,0.0
1,57700,VOLCANIC_ROCK,10462.0,113.0,10461.0,76.0,,,10464,189,,,,,10463.0,0.0
1,57800,VOLCANIC_ROCK,10463.0,201.0,,,,,10465,146,10466.0,55.0,,,10464.0,0.0
1,57900,VOLCANIC_ROCK,10464.0,153.0,,,,,10466,106,10467.0,47.0,,,10465.0,0.0
1,58000,VOLCANIC_ROCK,10464.0,137.0,10463.0,70.0,,,10465,135,10466.0,70.0,,,10464.5,0.0
1,58100,VOLCANIC_ROCK,10464.0,206.0,,,,,10466,130,10467.0,76.0,,,10465.0,0.0
1,58200,VOLCANIC_ROCK,10469.0,117.0,10468.0,50.0,,,10470,117,10471.0,50.0,,,10469.5,0.0
1,58300,VOLCANIC_ROCK,10467.0,112.0,10466.0,77.0,,,10468,112,10469.0,77.0,,,10467.5,0.0
1,58400,VOLCANIC_ROCK,10468.0,144.0,10467.0,76.0,,,10469,144,10470.0,76.0,,,10468.5,0.0
1,58500,VOLCANIC_ROCK,10467.0,101.0,10466.0,80.0,,,10469,181,,,,,10468.0,0.0
1,58600,VOLCANIC_ROCK,10467.0,177.0,,,,,10469,130,10470.0,47.0,,,10468.0,0.0
1,58700,VOLCANIC_ROCK,10470.0,7.0,10469.0,108.0,10468.0,69.0,10471,108,10472.0,69.0,,,10470.5,0.0
1,58800,VOLCANIC_ROCK,10471.0,129.0,10470.0,40.0,,,10473,169,,,,,10472.0,0.0
1,58900,VOLCANIC_ROCK,10469.0,110.0,10468.0,52.0,,,10471,162,,,,,10470.0,0.0
1,59000,VOLCANIC_ROCK,10467.0,187.0,,,,,10469,144,10470.0,43.0,,,10468.0,0.0
1,59100,VOLCANIC_ROCK,10467.0,195.0,,,,,10469,117,10470.0,78.0,,,10468.0,0.0
1,59200,VOLCANIC_ROCK,10469.0,190.0,,,,,10471,124,10472.0,66.0,,,10470.0,0.0
1,59300,VOLCANIC_ROCK,10469.0,108.0,10468.0,78.0,,,10471,191,,,,,10470.0,0.0
1,59400,VOLCANIC_ROCK,10470.0,150.0,10469.0,40.0,,,10471,150,10472.0,40.0,,,10470.5,0.0
1,59500,VOLCANIC_ROCK,10470.0,148.0,10469.0,80.0,,,10471,148,10472.0,80.0,,,10470.5,0.0
1,59600,VOLCANIC_ROCK,10468.0,8.0,10467.0,155.0,,,10469,110,10470.0,45.0,,,10468.5,0.0
1,59700,VOLCANIC_ROCK,10470.0,114.0,10469.0,76.0,,,10472,190,,,,,10471.0,0.0
1,59800,VOLCANIC_ROCK,10469.0,124.0,10468.0,71.0,,,10470,117,10471.0,71.0,,,10469.5,0.0
1,59900,VOLCANIC_ROCK,10469.0,179.0,,,,,10471,124,10472.0,55.0,,,10470.0,0.0
1,60000,VOLCANIC_ROCK,10470.0,115.0,10469.0,72.0,,,10471,115,10472.0,72.0,,,10470.5,0.0
1,60100,VOLCANIC_ROCK,10464.0,201.0,,,,,10466,147,10467.0,54.0,,,10465.0,0.0
1,60200,VOLCANIC_ROCK,10468.0,133.0,10467.0,75.0,,,10469,133,10470.0,75.0,,,10468.5,0.0
1,60300,VOLCANIC_ROCK,10468.0,142.0,10467.0,60.0,,,10469,142,10470.0,60.0,,,10468.5,0.0
1,60400,VOLCANIC_ROCK,10466.0,115.0,10465.0,49.0,,,10467,115,10468.0,49.0,,,10466.5,0.0
1,60500,VOLCANIC_ROCK,10469.0,190.0,,,,,10471,142,10472.0,48.0,,,10470.0,0.0
1,60600,VOLCANIC_ROCK,10469.0,144.0,10468.0,61.0,,,10471,205,,,,,10470.0,0.0
1,60700,VOLCANIC_ROCK,10469.0,142.0,10468.0,59.0,,,10471,201,,,,,10470.0,0.0
1,60800,VOLCANIC_ROCK,10469.0,126.0,10468.0,80.0,,,10470,126,10471.0,80.0,,,10469.5,0.0
1,60900,VOLCANIC_ROCK,10469.0,191.0,,,,,10471,120,10472.0,71.0,,,10470.0,0.0
1,61000,VOLCANIC_ROCK,10472.0,129.0,10471.0,74.0,,,10473,129,10474.0,74.0,,,10472.5,0.0
1,61100,VOLCANIC_ROCK,10470.0,125.0,10469.0,41.0,,,10471,134,10472.0,41.0,,,10470.5,0.0
1,61200,VOLCANIC_ROCK,10470.0,110.0,10469.0,41.0,,,10471,110,10472.0,41.0,,,10470.5,0.0
1,61300,VOLCANIC_ROCK,10470.0,143.0,10469.0,69.0,,,10472,143,10473.0,69.0,,,10471.0,0.0
1,61400,VOLCANIC_ROCK,10467.0,196.0,,,,,10469,116,10470.0,80.0,,,10468.0,0.0
1,61500,VOLCANIC_ROCK,10466.0,144.0,10465.0,73.0,,,10467,144,10468.0,73.0,,,10466.5,0.0
1,61600,VOLCANIC_ROCK,10462.0,131.0,10461.0,59.0,,,10463,134,10464.0,59.0,,,10462.5,0.0
1,61700,VOLCANIC_ROCK,10462.0,106.0,10461.0,75.0,,,10463,106,10464.0,75.0,,,10462.5,0.0
1,61800,VOLCANIC_ROCK,10462.0,139.0,10461.0,60.0,,,10463,139,10464.0,60.0,,,10462.5,0.0
1,61900,VOLCANIC_ROCK,10458.0,145.0,10457.0,53.0,,,10460,189,,,,,10459.0,0.0
1,62000,VOLCANIC_ROCK,10461.0,175.0,,,,,10463,102,10464.0,73.0,,,10462.0,0.0
1,62100,VOLCANIC_ROCK,10463.0,129.0,10462.0,70.0,,,10464,129,10465.0,70.0,,,10463.5,0.0
1,62200,VOLCANIC_ROCK,10462.0,172.0,,,,,10464,108,10465.0,64.0,,,10463.0,0.0
1,62300,VOLCANIC_ROCK,10464.0,117.0,10463.0,59.0,,,10466,176,,,,,10465.0,0.0
1,62400,VOLCANIC_ROCK,10465.0,110.0,10464.0,76.0,,,10466,110,10467.0,76.0,,,10465.5,0.0
1,62500,VOLCANIC_ROCK,10467.0,123.0,10466.0,53.0,,,10468,118,10469.0,53.0,,,10467.5,0.0
1,62600,VOLCANIC_ROCK,10469.0,105.0,10468.0,51.0,,,10470,105,10471.0,51.0,,,10469.5,0.0
1,62700,VOLCANIC_ROCK,10469.0,146.0,10468.0,52.0,,,10471,198,,,,,10470.0,0.0
1,62800,VOLCANIC_ROCK,10469.0,133.0,10468.0,79.0,,,10470,133,10471.0,79.0,,,10469.5,0.0
1,62900,VOLCANIC_ROCK,10469.0,141.0,10468.0,56.0,,,10470,141,10471.0,56.0,,,10469.5,0.0
1,63000,VOLCANIC_ROCK,10467.0,128.0,10466.0,77.0,,,10469,205,,,,,10468.0,0.0
1,63100,VOLCANIC_ROCK,10465.0,142.0,10464.0,80.0,,,10466,142,10467.0,80.0,,,10465.5,0.0
1,63200,VOLCANIC_ROCK,10467.0,133.0,10466.0,51.0,,,10469,184,,,,,10468.0,0.0
1,63300,VOLCANIC_ROCK,10473.0,144.0,10472.0,72.0,,,10474,144,10475.0,72.0,,,10473.5,0.0
1,63400,VOLCANIC_ROCK,10473.0,110.0,10472.0,64.0,,,10475,110,10476.0,64.0,,,10474.0,0.0
1,63500,VOLCANIC_ROCK,10474.0,198.0,,,,,10476,142,10477.0,56.0,,,10475.0,0.0
1,63600,VOLCANIC_ROCK,10472.0,126.0,10471.0,75.0,,,10474,201,,,,,10473.0,0.0
1,63700,VOLCANIC_ROCK,10473.0,109.0,10472.0,40.0,,,10474,109,10475.0,40.0,,,10473.5,0.0
1,63800,VOLCANIC_ROCK,10473.0,109.0,10472.0,67.0,,,10474,109,10475.0,67.0,,,10473.5,0.0
1,63900,VOLCANIC_ROCK,10472.0,121.0,10471.0,65.0,,,10473,121,10474.0,65.0,,,10472.5,0.0
1,64000,VOLCANIC_ROCK,10473.0,132.0,10472.0,51.0,,,10475,183,,,,,10474.0,0.0
1,64100,VOLCANIC_ROCK,10468.0,3.0,10467.0,105.0,10466.0,71.0,10469,176,,,,,10468.5,0.0
1,64200,VOLCANIC_ROCK,10470.0,150.0,10469.0,57.0,,,10471,150,10472.0,57.0,,,10470.5,0.0
1,64300,VOLCANIC_ROCK,10467.0,133.0,10466.0,73.0,,,10469,206,,,,,10468.0,0.0
1,64400,VOLCANIC_ROCK,10468.0,111.0,10467.0,51.0,,,10469,111,10470.0,51.0,,,10468.5,0.0
1,64500,VOLCANIC_ROCK,10466.0,145.0,10465.0,53.0,,,10467,145,10468.0,53.0,,,10466.5,0.0
1,64600,VOLCANIC_ROCK,10462.0,124.0,10461.0,67.0,,,10463,124,10464.0,67.0,,,10462.5,0.0
1,64700,VOLCANIC_ROCK,10465.0,115.0,10464.0,42.0,,,10466,115,10467.0,42.0,,,10465.5,0.0
1,64800,VOLCANIC_ROCK,10462.0,194.0,,,,,10464,150,10465.0,44.0,,,10463.0,0.0
1,64900,VOLCANIC_ROCK,10465.0,103.0,10464.0,46.0,,,10466,103,10467.0,46.0,,,10465.5,0.0
1,65000,VOLCANIC_ROCK,10465.0,119.0,10464.0,72.0,,,10467,191,,,,,10466.0,0.0
1,65100,VOLCANIC_ROCK,10465.0,120.0,10464.0,62.0,,,10466,120,10467.0,62.0,,,10465.5,0.0
1,65200,VOLCANIC_ROCK,10467.0,117.0,10466.0,49.0,,,10469,166,,,,,10468.0,0.0
1,65300,VOLCANIC_ROCK,10467.0,142.0,10466.0,77.0,,,10469,219,,,,,10468.0,0.0
1,65400,VOLCANIC_ROCK,10464.0,108.0,10463.0,74.0,,,10465,108,10466.0,74.0,,,10464.5,0.0
1,65500,VOLCANIC_ROCK,10465.0,131.0,10464.0,62.0,,,10466,136,10467.0,62.0,,,10465.5,0.0
1,65600,VOLCANIC_ROCK,10465.0,149.0,10464.0,69.0,,,10466,149,10467.0,69.0,,,10465.5,0.0
1,65700,VOLCANIC_ROCK,10464.0,126.0,10463.0,46.0,,,10466,172,,,,,10465.0,0.0
1,65800,VOLCANIC_ROCK,10465.0,129.0,10464.0,64.0,,,10467,200,,,,,10466.0,0.0
1,65900,VOLCANIC_ROCK,10465.0,7.0,10464.0,182.0,,,10466,103,10467.0,79.0,,,10465.5,0.0
1,66000,VOLCANIC_ROCK,10465.0,146.0,10464.0,68.0,,,10466,146,10467.0,68.0,,,10465.5,0.0
1,66100,VOLCANIC_ROCK,10466.0,116.0,10465.0,64.0,,,10467,116,10468.0,64.0,,,10466.5,0.0
1,66200,VOLCANIC_ROCK,10462.0,146.0,10461.0,58.0,,,10464,146,10465.0,58.0,,,10463.0,0.0
1,66300,VOLCANIC_ROCK,10461.0,133.0,10460.0,63.0,,,10462,133,10463.0,63.0,,,10461.5,0.0
1,66400,VOLCANIC_ROCK,10461.0,102.0,10460.0,48.0,,,10462,102,10463.0,48.0,,,10461.5,0.0
1,66500,VOLCANIC_ROCK,10461.0,113.0,10460.0,51.0,,,10463,113,10464.0,51.0,,,10462.0,0.0
1,66600,VOLCANIC_ROCK,10457.0,141.0,10456.0,80.0,,,10458,141,10459.0,80.0,,,10457.5,0.0
1,66700,VOLCANIC_ROCK,10457.0,107.0,10456.0,74.0,,,10458,107,10459.0,74.0,,,10457.5,0.0
1,66800,VOLCANIC_ROCK,10454.0,116.0,10453.0,77.0,,,10455,116,10456.0,77.0,,,10454.5,0.0
1,66900,VOLCANIC_ROCK,10453.0,122.0,10452.0,69.0,,,10455,198,,,,,10454.0,0.0
1,67000,VOLCANIC_ROCK,10455.0,150.0,10454.0,61.0,,,10456,142,10457.0,61.0,,,10455.5,0.0
1,67100,VOLCANIC_ROCK,10456.0,139.0,10455.0,65.0,,,10458,139,10459.0,65.0,,,10457.0,0.0
1,67200,VOLCANIC_ROCK,10458.0,146.0,10457.0,47.0,,,10459,146,10460.0,47.0,,,10458.5,0.0
1,67300,VOLCANIC_ROCK,10461.0,123.0,10460.0,44.0,,,10463,167,,,,,10462.0,0.0
1,67400,VOLCANIC_ROCK,10462.0,137.0,10461.0,44.0,,,10463,137,10464.0,44.0,,,10462.5,0.0
1,67500,VOLCANIC_ROCK,10460.0,126.0,10459.0,52.0,,,10462,126,10463.0,52.0,,,10461.0,0.0
1,67600,VOLCANIC_ROCK,10458.0,126.0,10457.0,60.0,,,10460,186,,,,,10459.0,0.0
1,67700,VOLCANIC_ROCK,10459.0,129.0,10458.0,78.0,,,10460,129,10461.0,78.0,,,10459.5,0.0
1,67800,VOLCANIC_ROCK,10458.0,142.0,10457.0,60.0,,,10459,142,10460.0,60.0,,,10458.5,0.0
1,67900,VOLCANIC_ROCK,10456.0,106.0,10455.0,50.0,,,10457,106,10458.0,50.0,,,10456.5,0.0
1,68000,VOLCANIC_ROCK,10453.0,136.0,10452.0,74.0,,,10454,136,10455.0,74.0,,,10453.5,0.0
1,68100,VOLCANIC_ROCK,10454.0,111.0,10453.0,43.0,,,10455,111,10456.0,43.0,,,10454.5,0.0
1,68200,VOLCANIC_ROCK,10453.0,138.0,10452.0,58.0,,,10455,196,,,,,10454.0,0.0
1,68300,VOLCANIC_ROCK,10456.0,111.0,10455.0,75.0,,,10458,186,,,,,10457.0,0.0
1,68400,VOLCANIC_ROCK,10459.0,136.0,10458.0,50.0,,,10461,186,,,,,10460.0,0.0
1,68500,VOLCANIC_ROCK,10460.0,124.0,10459.0,76.0,,,10461,124,10462.0,76.0,,,10460.5,0.0
1,68600,VOLCANIC_ROCK,10461.0,116.0,10460.0,65.0,,,10462,116,10463.0,65.0,,,10461.5,0.0
1,68700,VOLCANIC_ROCK,10463.0,9.0,10462.0,219.0,,,10464,140,10465.0,79.0,,,10463.5,0.0
1,68800,VOLCANIC_ROCK,10462.0,103.0,10461.0,48.0,,,10463,103,10464.0,48.0,,,10462.5,0.0
1,68900,VOLCANIC_ROCK,10466.0,117.0,10465.0,47.0,,,10468,164,,,,,10467.0,0.0
1,69000,VOLCANIC_ROCK,10466.0,168.0,,,,,10468,113,10469.0,55.0,,,10467.0,0.0
1,69100,VOLCANIC_ROCK,10462.0,110.0,10461.0,59.0,,,10463,120,10464.0,59.0,,,10462.5,0.0
1,69200,VOLCANIC_ROCK,10463.0,129.0,10462.0,76.0,,,10464,129,10465.0,76.0,,,10463.5,0.0
1,69300,VOLCANIC_ROCK,10464.0,111.0,10463.0,56.0,,,10466,167,,,,,10465.0,0.0
1,69400,VOLCANIC_ROCK,10465.0,132.0,10464.0,65.0,,,10466,132,10467.0,65.0,,,10465.5,0.0
1,69500,VOLCANIC_ROCK,10464.0,111.0,10463.0,78.0,,,10466,111,10467.0,78.0,,,10465.0,0.0
1,69600,VOLCANIC_ROCK,10464.0,208.0,,,,,10466,150,10467.0,58.0,,,10465.0,0.0
1,69700,VOLCANIC_ROCK,10464.0,176.0,,,,,10466,129,10467.0,47.0,,,10465.0,0.0
1,69800,VOLCANIC_ROCK,10467.0,138.0,10466.0,76.0,,,10468,131,10469.0,76.0,,,10467.5,0.0
1,69900,VOLCANIC_ROCK,10467.0,97.0,10466.0,71.0,,,10468,105,10469.0,71.0,,,10467.5,0.0
1,70000,VOLCANIC_ROCK,10467.0,196.0,,,,,10469,119,10470.0,77.0,,,10468.0,0.0
1,70100,VOLCANIC_ROCK,10466.0,114.0,10465.0,47.0,,,10468,161,,,,,10467.0,0.0
1,70200,VOLCANIC_ROCK,10468.0,102.0,10467.0,56.0,,,10469,102,10470.0,56.0,,,10468.5,0.0
1,70300,VOLCANIC_ROCK,10467.0,128.0,10466.0,54.0,,,10468,119,10469.0,54.0,,,10467.5,0.0
1,70400,VOLCANIC_ROCK,10469.0,150.0,10468.0,55.0,,,10470,150,10471.0,55.0,,,10469.5,0.0
1,70500,VOLCANIC_ROCK,10469.0,123.0,10468.0,41.0,,,10470,123,10471.0,41.0,,,10469.5,0.0
1,70600,VOLCANIC_ROCK,10467.0,183.0,,,,,10469,122,10470.0,61.0,,,10468.0,0.0
1,70700,VOLCANIC_ROCK,10467.0,137.0,10466.0,56.0,,,10468,129,10469.0,56.0,,,10467.5,0.0
1,70800,VOLCANIC_ROCK,10464.0,145.0,10463.0,61.0,,,10466,206,,,,,10465.0,0.0
1,70900,VOLCANIC_ROCK,10465.0,145.0,10464.0,77.0,,,10466,145,10467.0,77.0,,,10465.5,0.0
1,71000,VOLCANIC_ROCK,10465.0,138.0,10464.0,64.0,,,10466,138,10467.0,64.0,,,10465.5,0.0
1,71100,VOLCANIC_ROCK,10464.0,122.0,10463.0,47.0,,,10465,122,10466.0,47.0,,,10464.5,0.0
1,71200,VOLCANIC_ROCK,10464.0,124.0,10463.0,71.0,,,10465,124,10466.0,71.0,,,10464.5,0.0
1,71300,VOLCANIC_ROCK,10468.0,132.0,10467.0,59.0,,,10469,132,10470.0,59.0,,,10468.5,0.0
1,71400,VOLCANIC_ROCK,10468.0,130.0,10467.0,43.0,,,10469,136,10470.0,43.0,,,10468.5,0.0
1,71500,VOLCANIC_ROCK,10468.0,140.0,10467.0,66.0,,,10469,140,10470.0,66.0,,,10468.5,0.0
1,71600,VOLCANIC_ROCK,10464.0,133.0,10463.0,42.0,,,10466,175,,,,,10465.0,0.0
1,71700,VOLCANIC_ROCK,10468.0,104.0,10467.0,74.0,,,10469,104,10470.0,74.0,,,10468.5,0.0
1,71800,VOLCANIC_ROCK,10468.0,139.0,10467.0,56.0,,,10469,147,10470.0,56.0,,,10468.5,0.0
1,71900,VOLCANIC_ROCK,10466.0,193.0,,,,,10468,132,10469.0,61.0,,,10467.0,0.0
1,72000,VOLCANIC_ROCK,10466.0,150.0,,,,,10468,107,10469.0,43.0,,,10467.0,0.0
1,72100,VOLCANIC_ROCK,10467.0,146.0,10466.0,61.0,,,10468,146,10469.0,61.0,,,10467.5,0.0
1,72200,VOLCANIC_ROCK,10468.0,128.0,10467.0,54.0,,,10469,128,10470.0,54.0,,,10468.5,0.0
1,72300,VOLCANIC_ROCK,10466.0,203.0,,,,,10468,128,10469.0,75.0,,,10467.0,0.0
1,72400,VOLCANIC_ROCK,10468.0,112.0,10467.0,51.0,,,10469,112,10470.0,51.0,,,10468.5,0.0
1,72500,VOLCANIC_ROCK,10469.0,123.0,10468.0,63.0,,,10470,123,10471.0,63.0,,,10469.5,0.0
1,72600,VOLCANIC_ROCK,10471.0,184.0,,,,,10473,107,10474.0,77.0,,,10472.0,0.0
1,72700,VOLCANIC_ROCK,10472.0,127.0,10471.0,73.0,,,10474,200,,,,,10473.0,0.0
1,72800,VOLCANIC_ROCK,10477.0,137.0,10476.0,52.0,,,10478,137,10479.0,52.0,,,10477.5,0.0
1,72900,VOLCANIC_ROCK,10477.0,121.0,10476.0,63.0,,,10479,121,10480.0,63.0,,,10478.0,0.0
1,73000,VOLCANIC_ROCK,10473.0,100.0,10472.0,73.0,,,10474,100,10475.0,73.0,,,10473.5,0.0
1,73100,VOLCANIC_ROCK,10474.0,94.0,10473.0,76.0,,,10475,103,10476.0,76.0,,,10474.5,0.0
1,73200,VOLCANIC_ROCK,10475.0,129.0,10474.0,72.0,,,10476,129,10477.0,72.0,,,10475.5,0.0
1,73300,VOLCANIC_ROCK,10473.0,139.0,10472.0,61.0,,,10475,139,10476.0,61.0,,,10474.0,0.0
1,73400,VOLCANIC_ROCK,10474.0,127.0,10473.0,49.0,,,10476,176,,,,,10475.0,0.0
1,73500,VOLCANIC_ROCK,10474.0,101.0,10473.0,72.0,,,10476,173,,,,,10475.0,0.0
1,73600,VOLCANIC_ROCK,10472.0,189.0,,,,,10474,149,10475.0,40.0,,,10473.0,0.0
1,73700,VOLCANIC_ROCK,10475.0,112.0,10474.0,63.0,,,10476,112,10477.0,63.0,,,10475.5,0.0
1,73800,VOLCANIC_ROCK,10474.0,112.0,10473.0,62.0,,,10475,112,10476.0,62.0,,,10474.5,0.0
1,73900,VOLCANIC_ROCK,10472.0,147.0,10471.0,66.0,,,10473,147,10474.0,66.0,,,10472.5,0.0
1,74000,VOLCANIC_ROCK,10473.0,157.0,,,,,10475,115,10476.0,42.0,,,10474.0,0.0
1,74100,VOLCANIC_ROCK,10472.0,3.0,10471.0,109.0,10470.0,80.0,10473,189,,,,,10472.5,0.0
1,74200,VOLCANIC_ROCK,10467.0,120.0,10466.0,52.0,,,10469,172,,,,,10468.0,0.0
1,74300,VOLCANIC_ROCK,10467.0,133.0,10466.0,55.0,,,10469,188,,,,,10468.0,0.0
1,74400,VOLCANIC_ROCK,10466.0,145.0,10465.0,80.0,,,10467,145,10468.0,80.0,,,10466.5,0.0
1,74500,VOLCANIC_ROCK,10468.0,158.0,10467.0,55.0,,,10469,150,10470.0,55.0,,,10468.5,0.0
1,74600,VOLCANIC_ROCK,10469.0,106.0,10468.0,74.0,,,10471,106,10472.0,74.0,,,10470.0,0.0
1,74700,VOLCANIC_ROCK,10467.0,181.0,,,,,10469,110,10470.0,71.0,,,10468.0,0.0
1,74800,VOLCANIC_ROCK,10469.0,121.0,10468.0,49.0,,,10470,129,10471.0,49.0,,,10469.5,0.0
1,74900,VOLCANIC_ROCK,10468.0,150.0,10467.0,75.0,,,10470,225,,,,,10469.0,0.0
1,75000,VOLCANIC_ROCK,10469.0,110.0,10468.0,79.0,,,10470,117,10471.0,79.0,,,10469.5,0.0
1,75100,VOLCANIC_ROCK,10468.0,137.0,10467.0,66.0,,,10469,137,10470.0,66.0,,,10468.5,0.0
1,75200,VOLCANIC_ROCK,10464.0,143.0,10463.0,44.0,,,10465,143,10466.0,44.0,,,10464.5,0.0
1,75300,VOLCANIC_ROCK,10465.0,122.0,10464.0,51.0,,,10466,122,10467.0,51.0,,,10465.5,0.0
1,75400,VOLCANIC_ROCK,10464.0,118.0,10463.0,44.0,,,10466,162,,,,,10465.0,0.0
1,75500,VOLCANIC_ROCK,10463.0,164.0,,,,,10465,111,10466.0,53.0,,,10464.0,0.0
1,75600,VOLCANIC_ROCK,10461.0,173.0,,,,,10463,104,10464.0,69.0,,,10462.0,0.0
1,75700,VOLCANIC_ROCK,10463.0,101.0,10462.0,55.0,,,10465,101,10466.0,55.0,,,10464.0,0.0
1,75800,VOLCANIC_ROCK,10463.0,165.0,,,,,10465,113,10466.0,52.0,,,10464.0,0.0
1,75900,VOLCANIC_ROCK,10463.0,108.0,10462.0,60.0,,,10464,9,10465.0,108.0,10466.0,60.0,10463.5,0.0
1,76000,VOLCANIC_ROCK,10463.0,206.0,,,,,10465,133,10466.0,73.0,,,10464.0,0.0
1,76100,VOLCANIC_ROCK,10464.0,106.0,10463.0,60.0,,,10465,106,10466.0,60.0,,,10464.5,0.0
1,76200,VOLCANIC_ROCK,10467.0,118.0,10466.0,57.0,,,10468,118,10469.0,57.0,,,10467.5,0.0
1,76300,VOLCANIC_ROCK,10471.0,108.0,10470.0,45.0,,,10472,108,10473.0,45.0,,,10471.5,0.0
1,76400,VOLCANIC_ROCK,10470.0,140.0,10469.0,70.0,,,10471,140,10472.0,70.0,,,10470.5,0.0
1,76500,VOLCANIC_ROCK,10471.0,140.0,10470.0,74.0,,,10472,140,10473.0,74.0,,,10471.5,0.0
1,76600,VOLCANIC_ROCK,10468.0,133.0,10467.0,57.0,,,10470,190,,,,,10469.0,0.0
1,76700,VOLCANIC_ROCK,10468.0,129.0,10467.0,73.0,,,10469,129,10470.0,73.0,,,10468.5,0.0
1,76800,VOLCANIC_ROCK,10467.0,131.0,10466.0,47.0,,,10469,178,,,,,10468.0,0.0
1,76900,VOLCANIC_ROCK,10465.0,183.0,,,,,10467,136,10468.0,47.0,,,10466.0,0.0
1,77000,VOLCANIC_ROCK,10465.0,144.0,,,,,10467,101,10468.0,43.0,,,10466.0,0.0
1,77100,VOLCANIC_ROCK,10465.0,110.0,10464.0,42.0,,,10466,110,10467.0,42.0,,,10465.5,0.0
1,77200,VOLCANIC_ROCK,10464.0,196.0,,,,,10465,8,10466.0,135.0,10467.0,61.0,10464.5,0.0
1,77300,VOLCANIC_ROCK,10464.0,187.0,,,,,10466,128,10467.0,59.0,,,10465.0,0.0
1,77400,VOLCANIC_ROCK,10463.0,122.0,10462.0,61.0,,,10464,122,10465.0,61.0,,,10463.5,0.0
1,77500,VOLCANIC_ROCK,10463.0,127.0,10462.0,59.0,,,10464,127,10465.0,59.0,,,10463.5,0.0
1,77600,VOLCANIC_ROCK,10464.0,111.0,10463.0,64.0,,,10465,111,10466.0,64.0,,,10464.5,0.0
1,77700,VOLCANIC_ROCK,10464.0,96.0,10463.0,43.0,,,10466,145,,,,,10465.0,0.0
1,77800,VOLCANIC_ROCK,10467.0,144.0,10466.0,62.0,,,10468,144,10469.0,62.0,,,10467.5,0.0
1,77900,VOLCANIC_ROCK,10468.0,114.0,10467.0,47.0,,,10469,107,10470.0,47.0,,,10468.5,0.0
1,78000,VOLCANIC_ROCK,10467.0,145.0,10466.0,42.0,,,10468,145,10469.0,42.0,,,10467.5,0.0
1,78100,VOLCANIC_ROCK,10465.0,149.0,10464.0,78.0,,,10466,149,10467.0,78.0,,,10465.5,0.0
1,78200,VOLCANIC_ROCK,10465.0,124.0,10464.0,73.0,,,10466,124,10467.0,73.0,,,10465.5,0.0
1,78300,VOLCANIC_ROCK,10466.0,177.0,,,,,10468,131,10469.0,46.0,,,10467.0,0.0
1,78400,VOLCANIC_ROCK,10467.0,100.0,10466.0,68.0,,,10468,100,10469.0,68.0,,,10467.5,0.0
1,78500,VOLCANIC_ROCK,10466.0,127.0,10465.0,67.0,,,10468,194,,,,,10467.0,0.0
1,78600,VOLCANIC_ROCK,10465.0,126.0,10464.0,61.0,,,10466,126,10467.0,61.0,,,10465.5,0.0
1,78700,VOLCANIC_ROCK,10463.0,101.0,10462.0,62.0,,,10465,163,,,,,10464.0,0.0
1,78800,VOLCANIC_ROCK,10463.0,171.0,,,,,10465,112,10466.0,59.0,,,10464.0,0.0
1,78900,VOLCANIC_ROCK,10463.0,107.0,10462.0,60.0,,,10464,107,10465.0,60.0,,,10463.5,0.0
1,79000,VOLCANIC_ROCK,10464.0,138.0,10463.0,69.0,,,10465,138,10466.0,69.0,,,10464.5,0.0
1,79100,VOLCANIC_ROCK,10464.0,146.0,10463.0,59.0,,,10465,146,10466.0,59.0,,,10464.5,0.0
1,79200,VOLCANIC_ROCK,10464.0,147.0,10463.0,54.0,,,10465,147,10466.0,54.0,,,10464.5,0.0
1,79300,VOLCANIC_ROCK,10464.0,121.0,10463.0,73.0,,,10465,128,10466.0,73.0,,,10464.5,0.0
1,79400,VOLCANIC_ROCK,10464.0,156.0,,,,,10466,111,10467.0,45.0,,,10465.0,0.0
1,79500,VOLCANIC_ROCK,10463.0,120.0,10462.0,61.0,,,10465,120,10466.0,61.0,,,10464.0,0.0
1,79600,VOLCANIC_ROCK,10462.0,131.0,10461.0,44.0,,,10464,131,10465.0,44.0,,,10463.0,0.0
1,79700,VOLCANIC_ROCK,10463.0,103.0,10462.0,43.0,,,10464,103,10465.0,43.0,,,10463.5,0.0
1,79800,VOLCANIC_ROCK,10463.0,133.0,10462.0,54.0,,,10464,133,10465.0,54.0,,,10463.5,0.0
1,79900,VOLCANIC_ROCK,10461.0,101.0,10460.0,49.0,,,10462,101,10463.0,49.0,,,10461.5,0.0
1,80000,VOLCANIC_ROCK,10462.0,183.0,,,,,10464,131,10465.0,52.0,,,10463.0,0.0
1,80100,VOLCANIC_ROCK,10459.0,148.0,10458.0,44.0,,,10461,148,10462.0,44.0,,,10460.0,0.0
1,80200,VOLCANIC_ROCK,10457.0,131.0,10456.0,43.0,,,10459,174,,,,,10458.0,0.0
1,80300,VOLCANIC_ROCK,10459.0,114.0,10458.0,80.0,,,10460,114,10461.0,80.0,,,10459.5,0.0
1,80400,VOLCANIC_ROCK,10459.0,120.0,10458.0,78.0,,,10460,120,10461.0,78.0,,,10459.5,0.0
1,80500,VOLCANIC_ROCK,10460.0,113.0,10459.0,59.0,,,10461,113,10462.0,59.0,,,10460.5,0.0
1,80600,VOLCANIC_ROCK,10461.0,189.0,,,,,10463,127,10464.0,62.0,,,10462.0,0.0
1,80700,VOLCANIC_ROCK,10465.0,143.0,10464.0,55.0,,,10466,149,10467.0,55.0,,,10465.5,0.0
1,80800,VOLCANIC_ROCK,10463.0,193.0,,,,,10465,118,10466.0,75.0,,,10464.0,0.0
1,80900,VOLCANIC_ROCK,10464.0,109.0,10463.0,48.0,,,10465,109,10466.0,48.0,,,10464.5,0.0
1,81000,VOLCANIC_ROCK,10463.0,130.0,10462.0,70.0,,,10465,200,,,,,10464.0,0.0
1,81100,VOLCANIC_ROCK,10463.0,102.0,10462.0,47.0,,,10464,102,10465.0,47.0,,,10463.5,0.0
1,81200,VOLCANIC_ROCK,10462.0,105.0,10461.0,54.0,,,10463,105,10464.0,54.0,,,10462.5,0.0
1,81300,VOLCANIC_ROCK,10463.0,133.0,10462.0,64.0,,,10464,133,10465.0,64.0,,,10463.5,0.0
1,81400,VOLCANIC_ROCK,10464.0,140.0,10463.0,52.0,,,10465,140,10466.0,52.0,,,10464.5,0.0
1,81500,VOLCANIC_ROCK,10461.0,103.0,10460.0,78.0,,,10463,103,10464.0,78.0,,,10462.0,0.0
1,81600,VOLCANIC_ROCK,10461.0,133.0,10460.0,48.0,,,10462,133,10463.0,48.0,,,10461.5,0.0
1,81700,VOLCANIC_ROCK,10461.0,147.0,10460.0,40.0,,,10462,147,10463.0,40.0,,,10461.5,0.0
1,81800,VOLCANIC_ROCK,10462.0,10.0,10461.0,189.0,,,10463,123,10464.0,66.0,,,10462.5,0.0
1,81900,VOLCANIC_ROCK,10463.0,136.0,10462.0,76.0,,,10464,136,10465.0,76.0,,,10463.5,0.0
1,82000,VOLCANIC_ROCK,10464.0,146.0,10463.0,73.0,,,10465,146,10466.0,73.0,,,10464.5,0.0
1,82100,VOLCANIC_ROCK,10470.0,134.0,10469.0,71.0,,,10471,134,10472.0,71.0,,,10470.5,0.0
1,82200,VOLCANIC_ROCK,10473.0,130.0,10472.0,73.0,,,10474,130,10475.0,73.0,,,10473.5,0.0
1,82300,VOLCANIC_ROCK,10475.0,146.0,10474.0,51.0,,,10476,146,10477.0,51.0,,,10475.5,0.0
1,82400,VOLCANIC_ROCK,10474.0,142.0,10473.0,75.0,,,10475,142,10476.0,75.0,,,10474.5,0.0
1,82500,VOLCANIC_ROCK,10473.0,147.0,10472.0,70.0,,,10474,147,10475.0,70.0,,,10473.5,0.0
1,82600,VOLCANIC_ROCK,10471.0,143.0,10470.0,64.0,,,10472,138,10473.0,64.0,,,10471.5,0.0
1,82700,VOLCANIC_ROCK,10472.0,177.0,,,,,10474,123,10475.0,54.0,,,10473.0,0.0
1,82800,VOLCANIC_ROCK,10474.0,109.0,10473.0,52.0,,,10475,109,10476.0,52.0,,,10474.5,0.0
1,82900,VOLCANIC_ROCK,10473.0,105.0,10472.0,50.0,,,10474,110,10475.0,50.0,,,10473.5,0.0
1,83000,VOLCANIC_ROCK,10473.0,110.0,10472.0,76.0,,,10474,102,10475.0,76.0,,,10473.5,0.0
1,83100,VOLCANIC_ROCK,10471.0,121.0,10470.0,59.0,,,10473,180,,,,,10472.0,0.0
1,83200,VOLCANIC_ROCK,10471.0,145.0,10470.0,68.0,,,10473,213,,,,,10472.0,0.0
1,83300,VOLCANIC_ROCK,10474.0,110.0,10473.0,75.0,,,10476,110,10477.0,75.0,,,10475.0,0.0
1,83400,VOLCANIC_ROCK,10475.0,128.0,10474.0,78.0,,,10476,128,10477.0,78.0,,,10475.5,0.0
1,83500,VOLCANIC_ROCK,10476.0,103.0,10475.0,79.0,,,10478,182,,,,,10477.0,0.0
1,83600,VOLCANIC_ROCK,10477.0,128.0,10476.0,62.0,,,10478,128,10479.0,62.0,,,10477.5,0.0
1,83700,VOLCANIC_ROCK,10478.0,166.0,,,,,10480,117,10481.0,49.0,,,10479.0,0.0
1,83800,VOLCANIC_ROCK,10480.0,110.0,10479.0,46.0,,,10481,110,10482.0,46.0,,,10480.5,0.0
1,83900,VOLCANIC_ROCK,10482.0,128.0,10481.0,45.0,,,10483,128,10484.0,45.0,,,10482.5,0.0
1,84000,VOLCANIC_ROCK,10482.0,194.0,,,,,10484,143,10485.0,51.0,,,10483.0,0.0
1,84100,VOLCANIC_ROCK,10477.0,146.0,10476.0,47.0,,,10479,193,,,,,10478.0,0.0
1,84200,VOLCANIC_ROCK,10474.0,226.0,,,,,10476,146,10477.0,80.0,,,10475.0,0.0
1,84300,VOLCANIC_ROCK,10476.0,104.0,10475.0,44.0,,,10478,104,10479.0,44.0,,,10477.0,0.0
1,84400,VOLCANIC_ROCK,10476.0,169.0,,,,,10478,116,10479.0,53.0,,,10477.0,0.0
1,84500,VOLCANIC_ROCK,10477.0,129.0,10476.0,51.0,,,10478,129,10479.0,51.0,,,10477.5,0.0
1,84600,VOLCANIC_ROCK,10474.0,182.0,,,,,10476,127,10477.0,55.0,,,10475.0,0.0
1,84700,VOLCANIC_ROCK,10474.0,142.0,10473.0,41.0,,,10475,142,10476.0,41.0,,,10474.5,0.0
1,84800,VOLCANIC_ROCK,10474.0,133.0,10473.0,80.0,,,10475,133,10476.0,80.0,,,10474.5,0.0
1,84900,VOLCANIC_ROCK,10476.0,208.0,,,,,10478,138,10479.0,70.0,,,10477.0,0.0
1,85000,VOLCANIC_ROCK,10480.0,139.0,10479.0,68.0,,,10482,202,,,,,10481.0,0.0
1,85100,VOLCANIC_ROCK,10481.0,150.0,10480.0,55.0,,,10483,205,,,,,10482.0,0.0
1,85200,VOLCANIC_ROCK,10484.0,177.0,,,,,10486,110,10487.0,67.0,,,10485.0,0.0
1,85300,VOLCANIC_ROCK,10484.0,138.0,10483.0,51.0,,,10485,138,10486.0,51.0,,,10484.5,0.0
1,85400,VOLCANIC_ROCK,10481.0,118.0,10480.0,52.0,,,10483,170,,,,,10482.0,0.0
1,85500,VOLCANIC_ROCK,10481.0,93.0,10480.0,74.0,,,10482,102,10483.0,74.0,,,10481.5,0.0
1,85600,VOLCANIC_ROCK,10483.0,7.0,10482.0,149.0,,,10484,102,10485.0,47.0,,,10483.5,0.0
1,85700,VOLCANIC_ROCK,10485.0,8.0,10484.0,146.0,10483.0,48.0,10486,146,10487.0,48.0,,,10485.5,0.0
1,85800,VOLCANIC_ROCK,10484.0,8.0,10483.0,158.0,,,10485,114,10486.0,44.0,,,10484.5,0.0
1,85900,VOLCANIC_ROCK,10486.0,139.0,10485.0,47.0,,,10487,139,10488.0,47.0,,,10486.5,0.0
1,86000,VOLCANIC_ROCK,10484.0,210.0,,,,,10486,150,10487.0,60.0,,,10485.0,0.0
1,86100,VOLCANIC_ROCK,10490.0,174.0,,,,,10492,105,10493.0,69.0,,,10491.0,0.0
1,86200,VOLCANIC_ROCK,10490.0,145.0,10489.0,79.0,,,10492,145,10493.0,79.0,,,10491.0,0.0
1,86300,VOLCANIC_ROCK,10488.0,216.0,,,,,10490,144,10491.0,72.0,,,10489.0,0.0
1,86400,VOLCANIC_ROCK,10492.0,132.0,10491.0,54.0,,,10494,186,,,,,10493.0,0.0
1,86500,VOLCANIC_ROCK,10491.0,113.0,10490.0,62.0,,,10492,119,10493.0,62.0,,,10491.5,0.0
1,86600,VOLCANIC_ROCK,10489.0,148.0,10488.0,74.0,,,10491,217,,,,,10490.0,0.0
1,86700,VOLCANIC_ROCK,10489.0,116.0,10488.0,56.0,,,10491,172,,,,,10490.0,0.0
1,86800,VOLCANIC_ROCK,10482.0,142.0,10481.0,73.0,,,10483,142,10484.0,73.0,,,10482.5,0.0
1,86900,VOLCANIC_ROCK,10484.0,182.0,,,,,10486,133,10487.0,49.0,,,10485.0,0.0
1,87000,VOLCANIC_ROCK,10489.0,9.0,10488.0,182.0,,,10490,130,10491.0,52.0,,,10489.5,0.0
1,87100,VOLCANIC_ROCK,10488.0,116.0,10487.0,41.0,,,10489,116,10490.0,41.0,,,10488.5,0.0
1,87200,VOLCANIC_ROCK,10488.0,110.0,10487.0,74.0,,,10490,184,,,,,10489.0,0.0
1,87300,VOLCANIC_ROCK,10489.0,108.0,10488.0,47.0,,,10490,108,10491.0,47.0,,,10489.5,0.0
1,87400,VOLCANIC_ROCK,10489.0,144.0,10488.0,63.0,,,10491,207,,,,,10490.0,0.0
1,87500,VOLCANIC_ROCK,10490.0,185.0,,,,,10492,124,10493.0,61.0,,,10491.0,0.0
1,87600,VOLCANIC_ROCK,10492.0,105.0,10491.0,48.0,,,10493,105,10494.0,48.0,,,10492.5,0.0
1,87700,VOLCANIC_ROCK,10497.0,143.0,10496.0,62.0,,,10499,143,10500.0,62.0,,,10498.0,0.0
1,87800,VOLCANIC_ROCK,10498.0,104.0,10497.0,65.0,,,10499,104,10500.0,65.0,,,10498.5,0.0
1,87900,VOLCANIC_ROCK,10499.0,124.0,10498.0,47.0,,,10500,124,10501.0,47.0,,,10499.5,0.0
1,88000,VOLCANIC_ROCK,10496.0,135.0,10495.0,64.0,,,10498,199,,,,,10497.0,0.0
1,88100,VOLCANIC_ROCK,10496.0,124.0,10495.0,48.0,,,10498,172,,,,,10497.0,0.0
1,88200,VOLCANIC_ROCK,10500.0,127.0,10499.0,52.0,,,10502,127,10503.0,52.0,,,10501.0,0.0
1,88300,VOLCANIC_ROCK,10504.0,105.0,10503.0,71.0,,,10505,105,10506.0,71.0,,,10504.5,0.0
1,88400,VOLCANIC_ROCK,10502.0,140.0,10501.0,72.0,,,10503,140,10504.0,72.0,,,10502.5,0.0
1,88500,VOLCANIC_ROCK,10502.0,97.0,10501.0,42.0,,,10504,106,10505.0,42.0,,,10503.0,0.0
1,88600,VOLCANIC_ROCK,10496.0,146.0,10495.0,56.0,,,10498,202,,,,,10497.0,0.0
1,88700,VOLCANIC_ROCK,10497.0,189.0,,,,,10499,109,10500.0,80.0,,,10498.0,0.0
1,88800,VOLCANIC_ROCK,10496.0,101.0,10495.0,42.0,,,10497,101,10498.0,42.0,,,10496.5,0.0
1,88900,VOLCANIC_ROCK,10498.0,171.0,,,,,10500,107,10501.0,64.0,,,10499.0,0.0
1,89000,VOLCANIC_ROCK,10502.0,106.0,10501.0,45.0,,,10503,106,10504.0,45.0,,,10502.5,0.0
1,89100,VOLCANIC_ROCK,10503.0,144.0,10502.0,75.0,,,10504,144,10505.0,75.0,,,10503.5,0.0
1,89200,VOLCANIC_ROCK,10502.0,119.0,10501.0,76.0,,,10504,195,,,,,10503.0,0.0
1,89300,VOLCANIC_ROCK,10503.0,141.0,10502.0,78.0,,,10504,146,10505.0,78.0,,,10503.5,0.0
1,89400,VOLCANIC_ROCK,10507.0,126.0,10506.0,48.0,,,10508,126,10509.0,48.0,,,10507.5,0.0
1,89500,VOLCANIC_ROCK,10507.0,170.0,,,,,10509,119,10510.0,51.0,,,10508.0,0.0
1,89600,VOLCANIC_ROCK,10507.0,141.0,10506.0,77.0,,,10508,141,10509.0,77.0,,,10507.5,0.0
1,89700,VOLCANIC_ROCK,10506.0,179.0,,,,,10508,106,10509.0,73.0,,,10507.0,0.0
1,89800,VOLCANIC_ROCK,10506.0,148.0,10505.0,63.0,,,10507,148,10508.0,63.0,,,10506.5,0.0
1,89900,VOLCANIC_ROCK,10506.0,116.0,10505.0,70.0,,,10507,108,10508.0,70.0,,,10506.5,0.0
1,90000,VOLCANIC_ROCK,10505.0,137.0,10504.0,76.0,,,10506,137,10507.0,76.0,,,10505.5,0.0
1,90100,VOLCANIC_ROCK,10507.0,197.0,,,,,10509,136,10510.0,61.0,,,10508.0,0.0
1,90200,VOLCANIC_ROCK,10508.0,145.0,10507.0,66.0,,,10510,211,,,,,10509.0,0.0
1,90300,VOLCANIC_ROCK,10510.0,122.0,10509.0,78.0,,,10511,131,10512.0,78.0,,,10510.5,0.0
1,90400,VOLCANIC_ROCK,10512.0,138.0,10511.0,67.0,,,10513,138,10514.0,67.0,,,10512.5,0.0
1,90500,VOLCANIC_ROCK,10509.0,146.0,10508.0,48.0,,,10510,146,10511.0,48.0,,,10509.5,0.0
1,90600,VOLCANIC_ROCK,10508.0,143.0,10507.0,47.0,,,10510,143,10511.0,47.0,,,10509.0,0.0
1,90700,VOLCANIC_ROCK,10506.0,140.0,10505.0,63.0,,,10508,203,,,,,10507.0,0.0
1,90800,VOLCANIC_ROCK,10508.0,149.0,10507.0,54.0,,,10509,149,10510.0,54.0,,,10508.5,0.0
1,90900,VOLCANIC_ROCK,10507.0,128.0,10506.0,79.0,,,10509,128,10510.0,79.0,,,10508.0,0.0
1,91000,VOLCANIC_ROCK,10508.0,147.0,10507.0,50.0,,,10510,197,,,,,10509.0,0.0
1,91100,VOLCANIC_ROCK,10508.0,155.0,,,,,10510,102,10511.0,53.0,,,10509.0,0.0
1,91200,VOLCANIC_ROCK,10508.0,117.0,10507.0,51.0,,,10510,168,,,,,10509.0,0.0
1,91300,VOLCANIC_ROCK,10513.0,118.0,10512.0,51.0,,,10514,118,10515.0,51.0,,,10513.5,0.0
1,91400,VOLCANIC_ROCK,10515.0,107.0,10514.0,72.0,,,10516,107,10517.0,72.0,,,10515.5,0.0
1,91500,VOLCANIC_ROCK,10514.0,134.0,10513.0,51.0,,,10515,134,10516.0,51.0,,,10514.5,0.0
1,91600,VOLCANIC_ROCK,10513.0,136.0,10512.0,45.0,,,10514,136,10515.0,45.0,,,10513.5,0.0
1,91700,VOLCANIC_ROCK,10508.0,106.0,10507.0,40.0,,,10509,106,10510.0,40.0,,,10508.5,0.0
1,91800,VOLCANIC_ROCK,10505.0,116.0,10504.0,74.0,,,10507,108,10508.0,74.0,,,10506.0,0.0
1,91900,VOLCANIC_ROCK,10502.0,142.0,10501.0,62.0,,,10503,142,10504.0,62.0,,,10502.5,0.0
1,92000,VOLCANIC_ROCK,10500.0,206.0,,,,,10502,143,10503.0,63.0,,,10501.0,0.0
1,92100,VOLCANIC_ROCK,10500.0,126.0,10499.0,48.0,,,10502,174,,,,,10501.0,0.0
1,92200,VOLCANIC_ROCK,10501.0,141.0,10500.0,72.0,,,10502,141,10503.0,72.0,,,10501.5,0.0
1,92300,VOLCANIC_ROCK,10501.0,122.0,10500.0,58.0,,,10502,122,10503.0,58.0,,,10501.5,0.0
1,92400,VOLCANIC_ROCK,10502.0,125.0,10501.0,50.0,,,10504,175,,,,,10503.0,0.0
1,92500,VOLCANIC_ROCK,10501.0,117.0,10500.0,56.0,,,10502,117,10503.0,56.0,,,10501.5,0.0
1,92600,VOLCANIC_ROCK,10498.0,101.0,10497.0,72.0,,,10499,101,10500.0,72.0,,,10498.5,0.0
1,92700,VOLCANIC_ROCK,10499.0,123.0,10498.0,44.0,,,10500,123,10501.0,44.0,,,10499.5,0.0
1,92800,VOLCANIC_ROCK,10497.0,184.0,,,,,10499,119,10500.0,65.0,,,10498.0,0.0
1,92900,VOLCANIC_ROCK,10497.0,142.0,10496.0,44.0,,,10498,142,10499.0,44.0,,,10497.5,0.0
1,93000,VOLCANIC_ROCK,10500.0,125.0,10499.0,61.0,,,10501,125,10502.0,61.0,,,10500.5,0.0
1,93100,VOLCANIC_ROCK,10499.0,178.0,,,,,10501,127,10502.0,51.0,,,10500.0,0.0
1,93200,VOLCANIC_ROCK,10499.0,118.0,10498.0,53.0,,,10501,118,10502.0,53.0,,,10500.0,0.0
1,93300,VOLCANIC_ROCK,10503.0,118.0,10502.0,43.0,,,10504,118,10505.0,43.0,,,10503.5,0.0
1,93400,VOLCANIC_ROCK,10506.0,137.0,10505.0,51.0,,,10507,137,10508.0,51.0,,,10506.5,0.0
1,93500,VOLCANIC_ROCK,10506.0,147.0,10505.0,80.0,,,10507,147,10508.0,80.0,,,10506.5,0.0
1,93600,VOLCANIC_ROCK,10508.0,134.0,10507.0,70.0,,,10509,134,10510.0,70.0,,,10508.5,0.0
1,93700,VOLCANIC_ROCK,10506.0,149.0,,,,,10508,103,10509.0,46.0,,,10507.0,0.0
1,93800,VOLCANIC_ROCK,10509.0,116.0,10508.0,56.0,,,10510,116,10511.0,56.0,,,10509.5,0.0
1,93900,VOLCANIC_ROCK,10508.0,148.0,,,,,10510,100,10511.0,48.0,,,10509.0,0.0
1,94000,VOLCANIC_ROCK,10508.0,127.0,10507.0,71.0,,,10510,198,,,,,10509.0,0.0
1,94100,VOLCANIC_ROCK,10506.0,133.0,10505.0,68.0,,,10507,133,10508.0,68.0,,,10506.5,0.0
1,94200,VOLCANIC_ROCK,10506.0,199.0,,,,,10508,139,10509.0,60.0,,,10507.0,0.0
1,94300,VOLCANIC_ROCK,10506.0,133.0,10505.0,46.0,,,10507,133,10508.0,46.0,,,10506.5,0.0
1,94400,VOLCANIC_ROCK,10503.0,201.0,,,,,10505,123,10506.0,78.0,,,10504.0,0.0
1,94500,VOLCANIC_ROCK,10501.0,117.0,10500.0,47.0,,,10502,117,10503.0,47.0,,,10501.5,0.0
1,94600,VOLCANIC_ROCK,10500.0,149.0,10499.0,52.0,,,10501,149,10502.0,52.0,,,10500.5,0.0
1,94700,VOLCANIC_ROCK,10498.0,147.0,10497.0,44.0,,,10500,191,,,,,10499.0,0.0
1,94800,VOLCANIC_ROCK,10496.0,105.0,10495.0,63.0,,,10497,105,10498.0,63.0,,,10496.5,0.0
1,94900,VOLCANIC_ROCK,10499.0,126.0,10498.0,75.0,,,10500,126,10501.0,75.0,,,10499.5,0.0
1,95000,VOLCANIC_ROCK,10500.0,112.0,10499.0,47.0,,,10501,112,10502.0,47.0,,,10500.5,0.0
1,95100,VOLCANIC_ROCK,10498.0,101.0,10497.0,61.0,,,10500,162,,,,,10499.0,0.0
1,95200,VOLCANIC_ROCK,10501.0,137.0,10500.0,65.0,,,10502,137,10503.0,65.0,,,10501.5,0.0
1,95300,VOLCANIC_ROCK,10498.0,102.0,10497.0,50.0,,,10500,102,10501.0,50.0,,,10499.0,0.0
1,95400,VOLCANIC_ROCK,10500.0,139.0,10499.0,45.0,,,10502,184,,,,,10501.0,0.0
1,95500,VOLCANIC_ROCK,10499.0,112.0,10498.0,77.0,,,10501,189,,,,,10500.0,0.0
1,95600,VOLCANIC_ROCK,10497.0,123.0,10496.0,62.0,,,10498,123,10499.0,62.0,,,10497.5,0.0
1,95700,VOLCANIC_ROCK,10495.0,117.0,10494.0,70.0,,,10497,117,10498.0,70.0,,,10496.0,0.0
1,95800,VOLCANIC_ROCK,10496.0,149.0,,,,,10498,101,10499.0,48.0,,,10497.0,0.0
1,95900,VOLCANIC_ROCK,10496.0,149.0,10495.0,63.0,,,10498,212,,,,,10497.0,0.0
1,96000,VOLCANIC_ROCK,10495.0,146.0,10494.0,74.0,,,10497,220,,,,,10496.0,0.0
1,96100,VOLCANIC_ROCK,10498.0,128.0,10497.0,51.0,,,10499,128,10500.0,51.0,,,10498.5,0.0
1,96200,VOLCANIC_ROCK,10497.0,139.0,10496.0,76.0,,,10498,147,10499.0,76.0,,,10497.5,0.0
1,96300,VOLCANIC_ROCK,10499.0,117.0,10498.0,79.0,,,10501,117,10502.0,79.0,,,10500.0,0.0
1,96400,VOLCANIC_ROCK,10499.0,105.0,10498.0,68.0,,,10501,173,,,,,10500.0,0.0
1,96500,VOLCANIC_ROCK,10499.0,109.0,10498.0,78.0,,,10500,114,10501.0,78.0,,,10499.5,0.0
1,96600,VOLCANIC_ROCK,10498.0,146.0,10497.0,66.0,,,10499,146,10500.0,66.0,,,10498.5,0.0
1,96700,VOLCANIC_ROCK,10500.0,140.0,10499.0,66.0,,,10501,140,10502.0,66.0,,,10500.5,0.0
1,96800,VOLCANIC_ROCK,10502.0,117.0,10501.0,51.0,,,10504,168,,,,,10503.0,0.0
1,96900,VOLCANIC_ROCK,10504.0,122.0,10503.0,50.0,,,10505,122,10506.0,50.0,,,10504.5,0.0
1,97000,VOLCANIC_ROCK,10504.0,130.0,10503.0,41.0,,,10505,121,10506.0,41.0,,,10504.5,0.0
1,97100,VOLCANIC_ROCK,10503.0,131.0,10502.0,59.0,,,10504,131,10505.0,59.0,,,10503.5,0.0
1,97200,VOLCANIC_ROCK,10502.0,123.0,10501.0,55.0,,,10504,178,,,,,10503.0,0.0
1,97300,VOLCANIC_ROCK,10503.0,127.0,10502.0,44.0,,,10505,178,,,,,10504.0,0.0
1,97400,VOLCANIC_ROCK,10500.0,194.0,,,,,10502,119,10503.0,75.0,,,10501.0,0.0
1,97500,VOLCANIC_ROCK,10500.0,108.0,10499.0,67.0,,,10501,108,10502.0,67.0,,,10500.5,0.0
1,97600,VOLCANIC_ROCK,10500.0,111.0,10499.0,47.0,,,10502,158,,,,,10501.0,0.0
1,97700,VOLCANIC_ROCK,10499.0,109.0,10498.0,67.0,,,10501,176,,,,,10500.0,0.0
1,97800,VOLCANIC_ROCK,10499.0,131.0,10498.0,49.0,,,10500,126,10501.0,49.0,,,10499.5,0.0
1,97900,VOLCANIC_ROCK,10496.0,132.0,10495.0,47.0,,,10497,132,10498.0,47.0,,,10496.5,0.0
1,98000,VOLCANIC_ROCK,10497.0,147.0,10496.0,70.0,,,10498,147,10499.0,70.0,,,10497.5,0.0
1,98100,VOLCANIC_ROCK,10497.0,146.0,10496.0,43.0,,,10499,189,,,,,10498.0,0.0
1,98200,VOLCANIC_ROCK,10499.0,107.0,10498.0,48.0,,,10501,155,,,,,10500.0,0.0
1,98300,VOLCANIC_ROCK,10499.0,114.0,10498.0,58.0,,,10500,114,10501.0,58.0,,,10499.5,0.0
1,98400,VOLCANIC_ROCK,10500.0,197.0,,,,,10502,141,10503.0,56.0,,,10501.0,0.0
1,98500,VOLCANIC_ROCK,10500.0,115.0,10499.0,67.0,,,10502,182,,,,,10501.0,0.0
1,98600,VOLCANIC_ROCK,10499.0,149.0,10498.0,66.0,,,10501,149,10502.0,66.0,,,10500.0,0.0
1,98700,VOLCANIC_ROCK,10500.0,133.0,10499.0,80.0,,,10501,133,10502.0,80.0,,,10500.5,0.0
1,98800,VOLCANIC_ROCK,10499.0,140.0,10498.0,54.0,,,10501,194,,,,,10500.0,0.0
1,98900,VOLCANIC_ROCK,10501.0,127.0,10500.0,47.0,,,10502,121,10503.0,47.0,,,10501.5,0.0
1,99000,VOLCANIC_ROCK,10501.0,130.0,10500.0,55.0,,,10502,130,10503.0,55.0,,,10501.5,0.0
1,99100,VOLCANIC_ROCK,10502.0,128.0,10501.0,67.0,,,10503,128,10504.0,67.0,,,10502.5,0.0
1,99200,VOLCANIC_ROCK,10500.0,102.0,10499.0,46.0,,,10502,148,,,,,10501.0,0.0
1,99300,VOLCANIC_ROCK,10499.0,143.0,10498.0,72.0,,,10500,143,10501.0,72.0,,,10499.5,0.0
1,99400,VOLCANIC_ROCK,10499.0,193.0,,,,,10501,119,10502.0,74.0,,,10500.0,0.0
1,99500,VOLCANIC_ROCK,10499.0,101.0,10498.0,61.0,,,10500,101,10501.0,61.0,,,10499.5,0.0
1,99600,VOLCANIC_ROCK,10498.0,109.0,10497.0,58.0,,,10500,109,10501.0,58.0,,,10499.0,0.0
1,99700,VOLCANIC_ROCK,10497.0,176.0,,,,,10499,118,10500.0,58.0,,,10498.0,0.0
1,99800,VOLCANIC_ROCK,10497.0,116.0,10496.0,43.0,,,10498,116,10499.0,43.0,,,10497.5,0.0
1,99900,VOLCANIC_ROCK,10497.0,117.0,10496.0,40.0,,,10499,157,,,,,10498.0,0.0
1,100000,VOLCANIC_ROCK,10497.0,125.0,10496.0,66.0,,,10498,125,10499.0,66.0,,,10497.5,0.0
1,100100,VOLCANIC_ROCK,10503.0,132.0,10502.0,47.0,,,10504,132,10505.0,47.0,,,10503.5,0.0
1,100200,VOLCANIC_ROCK,10502.0,121.0,10501.0,78.0,,,10503,121,10504.0,78.0,,,10502.5,0.0
1,100300,VOLCANIC_ROCK,10503.0,148.0,10502.0,59.0,,,10505,148,10506.0,59.0,,,10504.0,0.0
1,100400,VOLCANIC_ROCK,10502.0,196.0,,,,,10504,125,10505.0,71.0,,,10503.0,0.0
1,100500,VOLCANIC_ROCK,10502.0,204.0,,,,,10504,129,10505.0,75.0,,,10503.0,0.0
1,100600,VOLCANIC_ROCK,10505.0,175.0,,,,,10507,121,10508.0,54.0,,,10506.0,0.0
1,100700,VOLCANIC_ROCK,10504.0,141.0,10503.0,41.0,,,10506,182,,,,,10505.0,0.0
1,100800,VOLCANIC_ROCK,10504.0,127.0,10503.0,50.0,,,10506,177,,,,,10505.0,0.0
1,100900,VOLCANIC_ROCK,10503.0,128.0,10502.0,68.0,,,10505,128,10506.0,68.0,,,10504.0,0.0
1,101000,VOLCANIC_ROCK,10503.0,121.0,10502.0,74.0,,,10504,121,10505.0,74.0,,,10503.5,0.0
1,101100,VOLCANIC_ROCK,10502.0,163.0,,,,,10504,110,10505.0,53.0,,,10503.0,0.0
1,101200,VOLCANIC_ROCK,10500.0,135.0,10499.0,58.0,,,10502,135,10503.0,58.0,,,10501.0,0.0
1,101300,VOLCANIC_ROCK,10500.0,135.0,10499.0,63.0,,,10501,125,10502.0,63.0,,,10500.5,0.0
1,101400,VOLCANIC_ROCK,10500.0,136.0,10499.0,44.0,,,10501,136,10502.0,44.0,,,10500.5,0.0
1,101500,VOLCANIC_ROCK,10500.0,139.0,10499.0,64.0,,,10502,198,,,,,10501.0,0.0
1,101600,VOLCANIC_ROCK,10494.0,213.0,,,,,10496,143,10497.0,70.0,,,10495.0,0.0
1,101700,VOLCANIC_ROCK,10495.0,127.0,10494.0,65.0,,,10497,192,,,,,10496.0,0.0
1,101800,VOLCANIC_ROCK,10495.0,134.0,10494.0,60.0,,,10497,194,,,,,10496.0,0.0
1,101900,VOLCANIC_ROCK,10497.0,148.0,,,,,10499,105,10500.0,43.0,,,10498.0,0.0
1,102000,VOLCANIC_ROCK,10497.0,207.0,,,,,10499,142,10500.0,65.0,,,10498.0,0.0
1,102100,VOLCANIC_ROCK,10497.0,116.0,10496.0,55.0,,,10499,171,,,,,10498.0,0.0
1,102200,VOLCANIC_ROCK,10499.0,127.0,10498.0,66.0,,,10500,127,10501.0,66.0,,,10499.5,0.0
1,102300,VOLCANIC_ROCK,10500.0,122.0,10499.0,44.0,,,10501,113,10502.0,44.0,,,10500.5,0.0
1,102400,VOLCANIC_ROCK,10500.0,120.0,10499.0,51.0,,,10501,120,10502.0,51.0,,,10500.5,0.0
1,102500,VOLCANIC_ROCK,10498.0,134.0,10497.0,75.0,,,10499,134,10500.0,75.0,,,10498.5,0.0
1,102600,VOLCANIC_ROCK,10497.0,203.0,,,,,10499,142,10500.0,61.0,,,10498.0,0.0
1,102700,VOLCANIC_ROCK,10499.0,118.0,10498.0,66.0,,,10500,118,10501.0,66.0,,,10499.5,0.0
1,102800,VOLCANIC_ROCK,10500.0,149.0,10499.0,68.0,,,10501,6,10502.0,149.0,10503.0,68.0,10500.5,0.0
1,102900,VOLCANIC_ROCK,10501.0,147.0,10500.0,76.0,,,10503,223,,,,,10502.0,0.0
1,103000,VOLCANIC_ROCK,10501.0,119.0,10500.0,65.0,,,10502,119,10503.0,65.0,,,10501.5,0.0
1,103100,VOLCANIC_ROCK,10502.0,118.0,10501.0,64.0,,,10504,118,10505.0,64.0,,,10503.0,0.0
1,103200,VOLCANIC_ROCK,10503.0,118.0,10502.0,47.0,,,10504,123,10505.0,47.0,,,10503.5,0.0
1,103300,VOLCANIC_ROCK,10501.0,183.0,,,,,10503,104,10504.0,79.0,,,10502.0,0.0
1,103400,VOLCANIC_ROCK,10501.0,149.0,,,,,10503,104,10504.0,45.0,,,10502.0,0.0
1,103500,VOLCANIC_ROCK,10503.0,121.0,10502.0,73.0,,,10505,199,,,,,10504.0,0.0
1,103600,VOLCANIC_ROCK,10502.0,109.0,10501.0,51.0,,,10503,109,10504.0,51.0,,,10502.5,0.0
1,103700,VOLCANIC_ROCK,10502.0,127.0,10501.0,75.0,,,10504,127,10505.0,75.0,,,10503.0,0.0
1,103800,VOLCANIC_ROCK,10501.0,128.0,10500.0,52.0,,,10502,128,10503.0,52.0,,,10501.5,0.0
1,103900,VOLCANIC_ROCK,10504.0,177.0,,,,,10506,125,10507.0,52.0,,,10505.0,0.0
1,104000,VOLCANIC_ROCK,10505.0,143.0,10504.0,53.0,,,10507,196,,,,,10506.0,0.0
1,104100,VOLCANIC_ROCK,10503.0,184.0,,,,,10505,134,10506.0,50.0,,,10504.0,0.0
1,104200,VOLCANIC_ROCK,10504.0,165.0,,,,,10506,119,10507.0,46.0,,,10505.0,0.0
1,104300,VOLCANIC_ROCK,10505.0,147.0,10504.0,60.0,,,10506,147,10507.0,60.0,,,10505.5,0.0
1,104400,VOLCANIC_ROCK,10504.0,141.0,10503.0,43.0,,,10505,141,10506.0,43.0,,,10504.5,0.0
1,104500,VOLCANIC_ROCK,10502.0,129.0,10501.0,40.0,,,10503,119,10504.0,40.0,,,10502.5,0.0
1,104600,VOLCANIC_ROCK,10498.0,210.0,,,,,10500,144,10501.0,66.0,,,10499.0,0.0
1,104700,VOLCANIC_ROCK,10497.0,148.0,10496.0,78.0,,,10498,148,10499.0,78.0,,,10497.5,0.0
1,104800,VOLCANIC_ROCK,10496.0,179.0,,,,,10498,125,10499.0,54.0,,,10497.0,0.0
1,104900,VOLCANIC_ROCK,10495.0,120.0,10494.0,48.0,,,10496,120,10497.0,48.0,,,10495.5,0.0
1,105000,VOLCANIC_ROCK,10493.0,102.0,10492.0,79.0,,,10494,102,10495.0,79.0,,,10493.5,0.0
1,105100,VOLCANIC_ROCK,10492.0,134.0,10491.0,72.0,,,10493,134,10494.0,72.0,,,10492.5,0.0
1,105200,VOLCANIC_ROCK,10494.0,142.0,10493.0,43.0,,,10495,142,10496.0,43.0,,,10494.5,0.0
1,105300,VOLCANIC_ROCK,10495.0,121.0,10494.0,44.0,,,10496,121,10497.0,44.0,,,10495.5,0.0
1,105400,VOLCANIC_ROCK,10496.0,150.0,10495.0,42.0,,,10498,150,10499.0,42.0,,,10497.0,0.0
1,105500,VOLCANIC_ROCK,10494.0,141.0,10493.0,46.0,,,10496,141,10497.0,46.0,,,10495.0,0.0
1,105600,VOLCANIC_ROCK,10495.0,103.0,10494.0,61.0,,,10496,103,10497.0,61.0,,,10495.5,0.0
1,105700,VOLCANIC_ROCK,10497.0,118.0,10496.0,65.0,,,10498,118,10499.0,65.0,,,10497.5,0.0
1,105800,VOLCANIC_ROCK,10496.0,128.0,10495.0,66.0,,,10497,128,10498.0,66.0,,,10496.5,0.0
1,105900,VOLCANIC_ROCK,10496.0,111.0,10495.0,66.0,,,10497,111,10498.0,66.0,,,10496.5,0.0
1,106000,VOLCANIC_ROCK,10496.0,180.0,,,,,10497,9,10498.0,118.0,10499.0,62.0,10496.5,0.0
1,106100,VOLCANIC_ROCK,10494.0,161.0,,,,,10495,8,10496.0,112.0,10497.0,49.0,10494.5,0.0
1,106200,VOLCANIC_ROCK,10496.0,107.0,10495.0,79.0,,,10497,107,10498.0,79.0,,,10496.5,0.0
1,106300,VOLCANIC_ROCK,10495.0,161.0,,,,,10497,113,10498.0,48.0,,,10496.0,0.0
1,106400,VOLCANIC_ROCK,10492.0,113.0,10491.0,49.0,,,10494,113,10495.0,49.0,,,10493.0,0.0
1,106500,VOLCANIC_ROCK,10494.0,117.0,10493.0,56.0,,,10495,117,10496.0,56.0,,,10494.5,0.0
1,106600,VOLCANIC_ROCK,10489.0,9.0,10488.0,205.0,,,10490,138,10491.0,67.0,,,10489.5,0.0
1,106700,VOLCANIC_ROCK,10489.0,104.0,10488.0,49.0,,,10490,104,10491.0,49.0,,,10489.5,0.0
1,106800,VOLCANIC_ROCK,10489.0,146.0,10488.0,80.0,,,10490,146,10491.0,80.0,,,10489.5,0.0
1,106900,VOLCANIC_ROCK,10487.0,149.0,,,,,10489,109,10490.0,40.0,,,10488.0,0.0
1,107000,VOLCANIC_ROCK,10489.0,106.0,10488.0,71.0,,,10491,177,,,,,10490.0,0.0
1,107100,VOLCANIC_ROCK,10489.0,100.0,10488.0,48.0,,,10491,100,10492.0,48.0,,,10490.0,0.0
1,107200,VOLCANIC_ROCK,10491.0,123.0,10490.0,50.0,,,10492,131,10493.0,50.0,,,10491.5,0.0
1,107300,VOLCANIC_ROCK,10491.0,125.0,10490.0,41.0,,,10492,125,10493.0,41.0,,,10491.5,0.0
1,107400,VOLCANIC_ROCK,10491.0,130.0,10490.0,41.0,,,10493,171,,,,,10492.0,0.0
1,107500,VOLCANIC_ROCK,10491.0,102.0,10490.0,42.0,,,10493,102,10494.0,42.0,,,10492.0,0.0
1,107600,VOLCANIC_ROCK,10492.0,136.0,10491.0,62.0,,,10494,136,10495.0,62.0,,,10493.0,0.0
1,107700,VOLCANIC_ROCK,10493.0,111.0,10492.0,52.0,,,10494,111,10495.0,52.0,,,10493.5,0.0
1,107800,VOLCANIC_ROCK,10495.0,118.0,10494.0,79.0,,,10497,197,,,,,10496.0,0.0
1,107900,VOLCANIC_ROCK,10494.0,190.0,,,,,10496,114,10497.0,76.0,,,10495.0,0.0
1,108000,VOLCANIC_ROCK,10495.0,201.0,,,,,10497,130,10498.0,71.0,,,10496.0,0.0
1,108100,VOLCANIC_ROCK,10496.0,136.0,10495.0,50.0,,,10497,136,10498.0,50.0,,,10496.5,0.0
1,108200,VOLCANIC_ROCK,10492.0,140.0,10491.0,70.0,,,10494,140,10495.0,70.0,,,10493.0,0.0
1,108300,VOLCANIC_ROCK,10496.0,123.0,10495.0,63.0,,,10497,123,10498.0,63.0,,,10496.5,0.0
1,108400,VOLCANIC_ROCK,10499.0,145.0,10498.0,50.0,,,10501,195,,,,,10500.0,0.0
1,108500,VOLCANIC_ROCK,10500.0,148.0,10499.0,68.0,,,10501,148,10502.0,68.0,,,10500.5,0.0
1,108600,VOLCANIC_ROCK,10497.0,166.0,,,,,10499,108,10500.0,58.0,,,10498.0,0.0
1,108700,VOLCANIC_ROCK,10497.0,7.0,10496.0,201.0,,,10498,129,10499.0,72.0,,,10497.5,0.0
1,108800,VOLCANIC_ROCK,10500.0,113.0,10499.0,79.0,,,10501,113,10502.0,79.0,,,10500.5,0.0
1,108900,VOLCANIC_ROCK,10501.0,105.0,10500.0,41.0,,,10503,146,,,,,10502.0,0.0
1,109000,VOLCANIC_ROCK,10499.0,195.0,,,,,10501,125,10502.0,70.0,,,10500.0,0.0
1,109100,VOLCANIC_ROCK,10497.0,150.0,10496.0,68.0,,,10498,150,10499.0,68.0,,,10497.5,0.0
1,109200,VOLCANIC_ROCK,10497.0,199.0,,,,,10499,119,10500.0,80.0,,,10498.0,0.0
1,109300,VOLCANIC_ROCK,10497.0,148.0,10496.0,40.0,,,10499,183,,,,,10498.0,0.0
1,109400,VOLCANIC_ROCK,10495.0,141.0,10494.0,42.0,,,10497,141,10498.0,42.0,,,10496.0,0.0
1,109500,VOLCANIC_ROCK,10495.0,201.0,,,,,10497,147,10498.0,51.0,,,10496.0,0.0
1,109600,VOLCANIC_ROCK,10496.0,119.0,10495.0,60.0,,,10497,119,10498.0,60.0,,,10496.5,0.0
1,109700,VOLCANIC_ROCK,10496.0,132.0,10495.0,40.0,,,10497,132,10498.0,40.0,,,10496.5,0.0
1,109800,VOLCANIC_ROCK,10493.0,102.0,10492.0,67.0,,,10495,169,,,,,10494.0,0.0
1,109900,VOLCANIC_ROCK,10491.0,144.0,10490.0,69.0,,,10492,144,10493.0,69.0,,,10491.5,0.0
1,110000,VOLCANIC_ROCK,10492.0,146.0,10491.0,75.0,,,10493,146,10494.0,75.0,,,10492.5,0.0
1,110100,VOLCANIC_ROCK,10486.0,114.0,10485.0,61.0,,,10488,175,,,,,10487.0,0.0
1,110200,VOLCANIC_ROCK,10485.0,126.0,10484.0,50.0,,,10487,126,10488.0,50.0,,,10486.0,0.0
1,110300,VOLCANIC_ROCK,10487.0,123.0,10486.0,47.0,,,10488,123,10489.0,47.0,,,10487.5,0.0
1,110400,VOLCANIC_ROCK,10489.0,127.0,10488.0,72.0,,,10490,127,10491.0,72.0,,,10489.5,0.0
1,110500,VOLCANIC_ROCK,10489.0,103.0,10488.0,75.0,,,10490,103,10491.0,75.0,,,10489.5,0.0
1,110600,VOLCANIC_ROCK,10492.0,130.0,10491.0,67.0,,,10493,130,10494.0,67.0,,,10492.5,0.0
1,110700,VOLCANIC_ROCK,10493.0,211.0,,,,,10495,144,10496.0,67.0,,,10494.0,0.0
1,110800,VOLCANIC_ROCK,10493.0,134.0,10492.0,51.0,,,10494,134,10495.0,51.0,,,10493.5,0.0
1,110900,VOLCANIC_ROCK,10496.0,102.0,10495.0,75.0,,,10498,177,,,,,10497.0,0.0
1,111000,VOLCANIC_ROCK,10497.0,150.0,10496.0,61.0,,,10498,150,10499.0,61.0,,,10497.5,0.0
1,111100,VOLCANIC_ROCK,10498.0,110.0,10497.0,72.0,,,10500,110,10501.0,72.0,,,10499.0,0.0
1,111200,VOLCANIC_ROCK,10497.0,170.0,,,,,10499,100,10500.0,70.0,,,10498.0,0.0
1,111300,VOLCANIC_ROCK,10500.0,102.0,10499.0,65.0,,,10501,102,10502.0,65.0,,,10500.5,0.0
1,111400,VOLCANIC_ROCK,10498.0,143.0,10497.0,49.0,,,10499,143,10500.0,49.0,,,10498.5,0.0
1,111500,VOLCANIC_ROCK,10499.0,188.0,,,,,10501,140,10502.0,48.0,,,10500.0,0.0
1,111600,VOLCANIC_ROCK,10498.0,137.0,10497.0,76.0,,,10499,137,10500.0,76.0,,,10498.5,0.0
1,111700,VOLCANIC_ROCK,10494.0,178.0,,,,,10496,122,10497.0,56.0,,,10495.0,0.0
1,111800,VOLCANIC_ROCK,10494.0,169.0,,,,,10496,121,10497.0,48.0,,,10495.0,0.0
1,111900,VOLCANIC_ROCK,10493.0,168.0,,,,,10495,108,10496.0,60.0,,,10494.0,0.0
1,112000,VOLCANIC_ROCK,10494.0,132.0,10493.0,49.0,,,10495,132,10496.0,49.0,,,10494.5,0.0
1,112100,VOLCANIC_ROCK,10494.0,136.0,10493.0,54.0,,,10496,190,,,,,10495.0,0.0
1,112200,VOLCANIC_ROCK,10496.0,111.0,10495.0,52.0,,,10497,111,10498.0,52.0,,,10496.5,0.0
1,112300,VOLCANIC_ROCK,10494.0,121.0,10493.0,48.0,,,10495,121,10496.0,48.0,,,10494.5,0.0
1,112400,VOLCANIC_ROCK,10494.0,138.0,10493.0,56.0,,,10495,138,10496.0,56.0,,,10494.5,0.0
1,112500,VOLCANIC_ROCK,10495.0,117.0,10494.0,45.0,,,10496,117,10497.0,45.0,,,10495.5,0.0
1,112600,VOLCANIC_ROCK,10490.0,129.0,10489.0,74.0,,,10491,129,10492.0,74.0,,,10490.5,0.0
1,112700,VOLCANIC_ROCK,10491.0,106.0,10490.0,59.0,,,10493,165,,,,,10492.0,0.0
1,112800,VOLCANIC_ROCK,10490.0,140.0,10489.0,49.0,,,10491,149,10492.0,49.0,,,10490.5,0.0
1,112900,VOLCANIC_ROCK,10487.0,109.0,10486.0,80.0,,,10489,109,10490.0,80.0,,,10488.0,0.0
1,113000,VOLCANIC_ROCK,10487.0,104.0,10486.0,40.0,,,10489,144,,,,,10488.0,0.0
1,113100,VOLCANIC_ROCK,10485.0,119.0,10484.0,67.0,,,10487,119,10488.0,67.0,,,10486.0,0.0
1,113200,VOLCANIC_ROCK,10487.0,142.0,10486.0,72.0,,,10488,136,10489.0,72.0,,,10487.5,0.0
1,113300,VOLCANIC_ROCK,10486.0,134.0,10485.0,56.0,,,10488,134,10489.0,56.0,,,10487.0,0.0
1,113400,VOLCANIC_ROCK,10489.0,107.0,10488.0,67.0,,,10490,107,10491.0,67.0,,,10489.5,0.0
1,113500,VOLCANIC_ROCK,10489.0,6.0,10488.0,169.0,,,10490,123,10491.0,46.0,,,10489.5,0.0
1,113600,VOLCANIC_ROCK,10488.0,148.0,10487.0,69.0,,,10490,148,10491.0,69.0,,,10489.0,0.0
1,113700,VOLCANIC_ROCK,10487.0,140.0,10486.0,80.0,,,10488,140,10489.0,80.0,,,10487.5,0.0
1,113800,VOLCANIC_ROCK,10486.0,220.0,,,,,10488,150,10489.0,70.0,,,10487.0,0.0
1,113900,VOLCANIC_ROCK,10486.0,112.0,10485.0,75.0,,,10487,112,10488.0,75.0,,,10486.5,0.0
1,114000,VOLCANIC_ROCK,10486.0,129.0,10485.0,72.0,,,10487,129,10488.0,72.0,,,10486.5,0.0
1,114100,VOLCANIC_ROCK,10483.0,142.0,10482.0,57.0,,,10485,199,,,,,10484.0,0.0
1,114200,VOLCANIC_ROCK,10483.0,127.0,10482.0,58.0,,,10484,136,10485.0,58.0,,,10483.5,0.0
1,114300,VOLCANIC_ROCK,10481.0,100.0,10480.0,66.0,,,10483,166,,,,,10482.0,0.0
1,114400,VOLCANIC_ROCK,10482.0,145.0,,,,,10484,102,10485.0,43.0,,,10483.0,0.0
1,114500,VOLCANIC_ROCK,10481.0,109.0,10480.0,75.0,,,10482,109,10483.0,75.0,,,10481.5,0.0
1,114600,VOLCANIC_ROCK,10479.0,147.0,10478.0,73.0,,,10480,147,10481.0,73.0,,,10479.5,0.0
1,114700,VOLCANIC_ROCK,10479.0,5.0,10478.0,202.0,,,10480,132,10481.0,70.0,,,10479.5,0.0
1,114800,VOLCANIC_ROCK,10479.0,188.0,,,,,10481,113,10482.0,75.0,,,10480.0,0.0
1,114900,VOLCANIC_ROCK,10481.0,128.0,10480.0,45.0,,,10482,128,10483.0,45.0,,,10481.5,0.0
1,115000,VOLCANIC_ROCK,10482.0,108.0,10481.0,53.0,,,10483,108,10484.0,53.0,,,10482.5,0.0
1,115100,VOLCANIC_ROCK,10480.0,136.0,10479.0,75.0,,,10482,211,,,,,10481.0,0.0
1,115200,VOLCANIC_ROCK,10480.0,145.0,10479.0,43.0,,,10482,145,10483.0,43.0,,,10481.0,0.0
1,115300,VOLCANIC_ROCK,10478.0,213.0,,,,,10480,145,10481.0,68.0,,,10479.0,0.0
1,115400,VOLCANIC_ROCK,10479.0,203.0,,,,,10481,144,10482.0,59.0,,,10480.0,0.0
1,115500,VOLCANIC_ROCK,10475.0,139.0,10474.0,56.0,,,10476,139,10477.0,56.0,,,10475.5,0.0
1,115600,VOLCANIC_ROCK,10477.0,178.0,,,,,10479,138,10480.0,40.0,,,10478.0,0.0
1,115700,VOLCANIC_ROCK,10477.0,143.0,10476.0,65.0,,,10479,208,,,,,10478.0,0.0
1,115800,VOLCANIC_ROCK,10477.0,141.0,10476.0,65.0,,,10478,141,10479.0,65.0,,,10477.5,0.0
1,115900,VOLCANIC_ROCK,10475.0,131.0,10474.0,67.0,,,10477,198,,,,,10476.0,0.0
1,116000,VOLCANIC_ROCK,10474.0,115.0,10473.0,50.0,,,10475,115,10476.0,50.0,,,10474.5,0.0
1,116100,VOLCANIC_ROCK,10470.0,156.0,,,,,10472,111,10473.0,45.0,,,10471.0,0.0
1,116200,VOLCANIC_ROCK,10474.0,211.0,,,,,10476,150,10477.0,61.0,,,10475.0,0.0
1,116300,VOLCANIC_ROCK,10472.0,196.0,,,,,10474,140,10475.0,56.0,,,10473.0,0.0
1,116400,VOLCANIC_ROCK,10473.0,177.0,,,,,10475,104,10476.0,73.0,,,10474.0,0.0
1,116500,VOLCANIC_ROCK,10474.0,137.0,10473.0,48.0,,,10475,137,10476.0,48.0,,,10474.5,0.0
1,116600,VOLCANIC_ROCK,10473.0,103.0,10472.0,79.0,,,10474,103,10475.0,79.0,,,10473.5,0.0
1,116700,VOLCANIC_ROCK,10470.0,133.0,10469.0,77.0,,,10472,210,,,,,10471.0,0.0
1,116800,VOLCANIC_ROCK,10471.0,191.0,,,,,10473,128,10474.0,63.0,,,10472.0,0.0
1,116900,VOLCANIC_ROCK,10473.0,116.0,10472.0,67.0,,,10474,116,10475.0,67.0,,,10473.5,0.0
1,117000,VOLCANIC_ROCK,10472.0,96.0,10471.0,71.0,,,10473,106,10474.0,71.0,,,10472.5,0.0
1,117100,VOLCANIC_ROCK,10472.0,150.0,10471.0,46.0,,,10473,150,10474.0,46.0,,,10472.5,0.0
1,117200,VOLCANIC_ROCK,10472.0,109.0,10471.0,45.0,,,10473,109,10474.0,45.0,,,10472.5,0.0
1,117300,VOLCANIC_ROCK,10472.0,133.0,10471.0,78.0,,,10474,211,,,,,10473.0,0.0
1,117400,VOLCANIC_ROCK,10474.0,117.0,10473.0,58.0,,,10476,175,,,,,10475.0,0.0
1,117500,VOLCANIC_ROCK,10474.0,116.0,10473.0,75.0,,,10476,191,,,,,10475.0,0.0
1,117600,VOLCANIC_ROCK,10474.0,138.0,10473.0,57.0,,,10475,138,10476.0,57.0,,,10474.5,0.0
1,117700,VOLCANIC_ROCK,10474.0,180.0,,,,,10476,140,10477.0,40.0,,,10475.0,0.0
1,117800,VOLCANIC_ROCK,10475.0,111.0,10474.0,40.0,,,10476,111,10477.0,40.0,,,10475.5,0.0
1,117900,VOLCANIC_ROCK,10473.0,168.0,,,,,10475,112,10476.0,56.0,,,10474.0,0.0
1,118000,VOLCANIC_ROCK,10473.0,124.0,10472.0,78.0,,,10474,124,10475.0,78.0,,,10473.5,0.0
1,118100,VOLCANIC_ROCK,10472.0,122.0,10471.0,61.0,,,10473,127,10474.0,61.0,,,10472.5,0.0
1,118200,VOLCANIC_ROCK,10469.0,119.0,10468.0,55.0,,,10471,119,10472.0,55.0,,,10470.0,0.0
1,118300,VOLCANIC_ROCK,10469.0,171.0,,,,,10471,119,10472.0,52.0,,,10470.0,0.0
1,118400,VOLCANIC_ROCK,10471.0,181.0,,,,,10473,120,10474.0,61.0,,,10472.0,0.0
1,118500,VOLCANIC_ROCK,10470.0,182.0,,,,,10472,123,10473.0,59.0,,,10471.0,0.0
1,118600,VOLCANIC_ROCK,10471.0,190.0,,,,,10473,117,10474.0,76.0,,,10472.0,0.0
1,118700,VOLCANIC_ROCK,10471.0,145.0,10470.0,75.0,,,10472,140,10473.0,75.0,,,10471.5,0.0
1,118800,VOLCANIC_ROCK,10470.0,106.0,10469.0,46.0,,,10471,106,10472.0,46.0,,,10470.5,0.0
1,118900,VOLCANIC_ROCK,10470.0,119.0,10469.0,66.0,,,10472,191,,,,,10471.0,0.0
