day;timestamp;product;bid_price_1;bid_volume_1;bid_price_2;bid_volume_2;bid_price_3;bid_volume_3;ask_price_1;ask_volume_1;ask_price_2;ask_volume_2;ask_price_3;ask_volume_3;mid_price;profit_and_loss
-1;0;RAINFOREST_RESIN;10002;1;9996;2;9995;29;10004;2;10005;29;;;10003.0;0.0
-1;0;KELP;2028;1;2026;2;2025;29;2029;31;;;;;2028.5;0.0
-1;100;KELP;2025;24;;;;;2028;2;2029;22;;;2026.5;0.0
-1;100;RAINFOREST_RESIN;9996;2;9995;22;;;10004;2;10005;22;;;10000.0;0.0
-1;200;RAINFOREST_RESIN;9995;20;;;;;10005;20;;;;;10000.0;0.0
-1;200;KELP;2025;22;;;;;2028;20;;;;;2026.5;-6.0
-1;300;KELP;2025;31;;;;;2028;2;2029;29;;;2026.5;-66.0
-1;300;RAINFOREST_RESIN;9996;2;9995;29;;;10004;2;10005;29;;;10000.0;-200.0
-1;400;RAINFOREST_RESIN;9996;2;9995;25;;;10004;2;10005;25;;;10000.0;-200.0
-1;400;KELP;2025;27;;;;;2028;27;;;;;2026.5;-72.0
-1;500;KELP;2025;30;;;;;2028;30;;;;;2026.5;-153.0
-1;500;RAINFOREST_RESIN;9995;30;;;;;10002;4;10005;30;;;9998.5;-200.0
-1;600;RAINFOREST_RESIN;10000;5;9995;25;;;10005;25;;;;;10002.5;-200.0
-1;600;KELP;2026;5;2025;31;;;2028;25;;;;;2027.0;-243.0
-1;700;KELP;2025;2;2024;23;;;2028;23;;;;;2026.5;-253.0
-1;700;RAINFOREST_RESIN;9995;23;;;;;10005;23;;;;;10000.0;-225.0
-1;800;RAINFOREST_RESIN;9996;1;9995;29;;;10004;1;10005;29;;;10000.0;-455.0
-1;800;KELP;2024;1;2023;29;;;2027;30;;;;;2025.5;-259.0
-1;900;KELP;2024;23;;;;;2027;23;;;;;2025.5;-259.0
-1;900;RAINFOREST_RESIN;9996;1;9995;22;;;10004;1;10005;22;;;10000.0;-455.0
-1;1000;RAINFOREST_RESIN;9995;26;;;;;10005;26;;;;;10000.0;-455.0
-1;1000;KELP;2024;26;;;;;2026;6;2027;26;;;2025.0;-328.0
-1;1100;KELP;2025;6;2024;26;;;2027;2;2028;24;;;2026.0;-340.0
-1;1100;RAINFOREST_RESIN;9996;2;9995;24;;;10004;2;10005;24;;;10000.0;-715.0
-1;1200;RAINFOREST_RESIN;9995;21;;;;;9998;1;10005;21;;;9996.5;-715.0
-1;1200;KELP;2024;21;;;;;2026;8;2028;21;;;2025.0;-340.0
-1;1300;KELP;2024;31;;;;;2028;31;;;;;2026.0;-356.0
-1;1300;RAINFOREST_RESIN;10002;1;9996;1;9995;30;10004;1;10005;30;;;10003.0;-715.0
-1;1400;RAINFOREST_RESIN;9996;1;9995;25;;;10004;1;10005;25;;;10000.0;-715.0
-1;1400;KELP;2025;3;2024;25;;;2028;26;;;;;2026.5;-480.0
-1;1500;KELP;2024;27;;;;;2028;27;;;;;2026.0;-489.0
-1;1500;RAINFOREST_RESIN;9995;27;;;;;10005;27;;;;;10000.0;-715.0
-1;1600;RAINFOREST_RESIN;9995;29;;;;;10005;29;;;;;10000.0;-985.0
-1;1600;KELP;2024;29;;;;;2026;4;2028;29;;;2025.0;-597.0
-1;1700;KELP;2024;22;;;;;2026;8;2028;22;;;2025.0;-597.0
-1;1700;RAINFOREST_RESIN;9996;2;9995;20;;;10002;1;10004;2;10005;20;9999.0;-1275.0
-1;1800;RAINFOREST_RESIN;10002;1;9996;1;9995;22;10004;1;10005;22;;;10003.0;-1275.0
-1;1800;KELP;2024;23;;;;;2028;23;;;;;2026.0;-613.0
-1;1900;KELP;2024;29;;;;;2026;5;2027;29;;;2025.0;-705.0
-1;1900;RAINFOREST_RESIN;9996;1;9995;28;;;10004;1;10005;28;;;10000.0;-1275.0
-1;2000;KELP;2024;26;;;;;2027;26;;;;;2025.5;-715.0
-1;2000;RAINFOREST_RESIN;9996;2;9995;24;;;9998;1;10004;2;10005;24;9997.0;-1275.0
-1;2100;RAINFOREST_RESIN;9996;2;9995;25;;;10002;3;10004;2;10005;25;9999.0;-1275.0
-1;2100;KELP;2024;27;;;;;2027;2;2028;25;;;2025.5;-793.0
-1;2200;RAINFOREST_RESIN;9998;8;9996;1;9995;24;10004;1;10005;24;;;10001.0;-1275.0
-1;2200;KELP;2024;25;;;;;2026;7;2027;1;2028;24;2025.0;-799.0
-1;2300;KELP;2024;32;;;;;2028;32;;;;;2026.0;-799.0
-1;2300;RAINFOREST_RESIN;9998;7;9996;2;9995;30;10004;2;10005;30;;;10001.0;-1275.0
-1;2400;KELP;2024;29;;;;;2025;1;2028;29;;;2024.5;-927.0
-1;2400;RAINFOREST_RESIN;9995;29;;;;;10005;29;;;;;10000.0;-1275.0
-1;2500;RAINFOREST_RESIN;9996;1;9995;22;;;10004;1;10005;22;;;10000.0;-1565.0
-1;2500;KELP;2025;2;2024;23;;;2027;1;2028;22;;;2026.0;-927.0
-1;2600;RAINFOREST_RESIN;9995;23;;;;;10005;23;;;;;10000.0;-1565.0
-1;2600;KELP;2025;3;2024;23;;;2028;23;;;;;2026.5;-927.0
-1;2700;KELP;2024;26;;;;;2027;26;;;;;2025.5;-936.0
-1;2700;RAINFOREST_RESIN;9998;6;9995;26;;;10005;26;;;;;10001.5;-1795.0
-1;2800;KELP;2023;25;;;;;2027;25;;;;;2025.0;-1014.0
-1;2800;RAINFOREST_RESIN;9995;25;;;;;10005;25;;;;;10000.0;-1837.0
-1;2900;RAINFOREST_RESIN;9996;1;9995;25;;;10004;1;10005;25;;;10000.0;-2087.0
-1;2900;KELP;2023;26;;;;;2027;26;;;;;2025.0;-1114.0
-1;3000;RAINFOREST_RESIN;9998;1;9995;26;;;10005;26;;;;;10001.5;-2087.0
-1;3000;KELP;2024;29;;;;;2027;26;;;;;2025.5;-1218.0
-1;3100;KELP;2023;26;;;;;2025;5;2026;26;;;2024.0;-1296.0
-1;3100;RAINFOREST_RESIN;9996;2;9995;24;;;10004;2;10005;24;;;10000.0;-2087.0
-1;3200;KELP;2023;23;;;;;2025;3;2026;23;;;2024.0;-1306.0
-1;3200;RAINFOREST_RESIN;9996;1;9995;22;;;10004;1;10005;22;;;10000.0;-2087.0
-1;3300;RAINFOREST_RESIN;9996;2;9995;30;;;10004;2;10005;30;;;10000.0;-2087.0
-1;3300;KELP;2023;32;;;;;2025;2;2026;32;;;2024.0;-1306.0
-1;3400;RAINFOREST_RESIN;9996;2;9995;24;;;10004;2;10005;24;;;10000.0;-2087.0
-1;3400;KELP;2023;26;;;;;2026;26;;;;;2024.5;-1306.0
-1;3500;KELP;2023;26;;;;;2026;26;;;;;2024.5;-1384.0
-1;3500;RAINFOREST_RESIN;9995;26;;;;;10005;26;;;;;10000.0;-2087.0
-1;3600;KELP;2023;21;;;;;2026;21;;;;;2024.5;-1462.0
-1;3600;RAINFOREST_RESIN;9995;21;;;;;9998;4;10005;21;;;9996.5;-2347.0
-1;3700;RAINFOREST_RESIN;10002;1;9996;1;9995;23;10004;1;10005;23;;;10003.0;-2347.0
-1;3700;KELP;2023;27;;;;;2026;24;;;;;2024.5;-1525.0
-1;3800;RAINFOREST_RESIN;9996;2;9995;23;;;10002;10;10004;2;10005;23;9999.0;-2347.0
-1;3800;KELP;2023;25;;;;;2026;25;;;;;2024.5;-1597.0
-1;3900;KELP;2023;28;;;;;2026;26;;;;;2024.5;-1672.0
-1;3900;RAINFOREST_RESIN;9998;1;9996;1;9995;25;10004;1;10005;25;;;10001.0;-2347.0
-1;4000;KELP;2023;32;;;;;2026;32;;;;;2024.5;-1750.0
-1;4000;RAINFOREST_RESIN;9996;2;9995;30;;;10004;2;10005;30;;;10000.0;-2347.0
-1;4100;RAINFOREST_RESIN;9996;2;9995;27;;;10004;2;10005;27;;;10000.0;-2347.0
-1;4100;KELP;2023;29;;;;;2027;29;;;;;2025.0;-1846.0
-1;4200;RAINFOREST_RESIN;9996;2;9995;24;;;10002;4;10004;2;10005;24;9999.0;-2347.0
-1;4200;KELP;2023;26;;;;;2027;26;;;;;2025.0;-1962.0
-1;4300;KELP;2023;29;;;;;2024;5;2026;22;;;2023.5;-2066.0
-1;4300;RAINFOREST_RESIN;9995;22;;;;;9998;1;10000;6;10005;22;9996.5;-2347.0
-1;4400;KELP;2023;30;;;;;2026;30;;;;;2024.5;-2066.0
-1;4400;RAINFOREST_RESIN;9995;30;;;;;10005;30;;;;;10000.0;-2347.0
-1;4500;RAINFOREST_RESIN;9996;1;9995;28;;;10002;10;10004;1;10005;28;9999.0;-2647.0
-1;4500;KELP;2023;28;;;;;2026;29;;;;;2024.5;-2156.0
-1;4600;RAINFOREST_RESIN;9996;1;9995;29;;;10002;10;10004;1;10005;29;9999.0;-2647.0
-1;4600;KELP;2023;30;;;;;2026;30;;;;;2024.5;-2240.0
-1;4700;KELP;2023;25;;;;;2025;3;2026;32;;;2024.0;-2330.0
-1;4700;RAINFOREST_RESIN;9996;2;9995;30;;;10004;2;10005;30;;;10000.0;-2647.0
-1;4800;KELP;2023;24;;;;;2027;24;;;;;2025.0;-2330.0
-1;4800;RAINFOREST_RESIN;9998;6;9996;2;9995;22;10004;2;10005;22;;;10001.0;-2647.0
-1;4900;RAINFOREST_RESIN;9995;22;;;;;10002;7;10005;22;;;9998.5;-2647.0
-1;4900;KELP;2023;22;;;;;2027;22;;;;;2025.0;-2426.0
-1;5000;RAINFOREST_RESIN;9998;3;9996;2;9995;28;10004;2;10005;28;;;10001.0;-2696.0
-1;5000;KELP;2023;30;;;;;2026;30;;;;;2024.5;-2514.0
-1;5100;KELP;2023;37;;;;;2026;31;;;;;2024.5;-2604.0
-1;5100;RAINFOREST_RESIN;9996;1;9995;30;;;10004;1;10005;30;;;10000.0;-2696.0
-1;5200;KELP;2023;35;;;;;2026;27;;;;;2024.5;-2697.0
-1;5200;RAINFOREST_RESIN;9998;9;9996;1;9995;26;10004;1;10005;26;;;10001.0;-2696.0
-1;5300;RAINFOREST_RESIN;9996;1;9995;20;;;10004;1;10005;20;;;10000.0;-2696.0
-1;5300;KELP;2025;1;2023;21;;;2026;21;;;;;2025.5;-2778.0
-1;5400;RAINFOREST_RESIN;9995;21;;;;;10005;21;;;;;10000.0;-2696.0
-1;5400;KELP;2023;21;;;;;2025;6;2027;21;;;2024.0;-2778.0
-1;5500;KELP;2023;27;;;;;2027;27;;;;;2025.0;-2778.0
-1;5500;RAINFOREST_RESIN;9995;27;;;;;10005;27;;;;;10000.0;-2906.0
-1;5600;KELP;2025;2;2023;28;;;2027;28;;;;;2026.0;-2886.0
-1;5600;RAINFOREST_RESIN;9995;28;;;;;10005;28;;;;;10000.0;-3176.0
-1;5700;RAINFOREST_RESIN;9998;2;9995;27;;;10005;27;;;;;10001.5;-3456.0
-1;5700;KELP;2024;26;;;;;2027;27;;;;;2025.5;-2890.0
-1;5800;RAINFOREST_RESIN;9996;1;9995;30;;;10004;1;10005;30;;;10000.0;-3456.0
-1;5800;KELP;2024;31;;;;;2027;31;;;;;2025.5;-2968.0
-1;5900;KELP;2024;35;;;;;2027;30;;;;;2025.5;-3061.0
-1;5900;RAINFOREST_RESIN;9996;2;9995;28;;;10004;2;10005;28;;;10000.0;-3456.0
-1;6000;KELP;2024;30;;;;;2027;30;;;;;2025.5;-3151.0
-1;6000;RAINFOREST_RESIN;9995;30;;;;;10005;30;;;;;10000.0;-3456.0
-1;6100;RAINFOREST_RESIN;9996;1;9995;24;;;10004;1;10005;24;;;10000.0;-3756.0
-1;6100;KELP;2024;24;;;;;2027;25;;;;;2025.5;-3241.0
-1;6200;RAINFOREST_RESIN;9996;1;9995;21;;;10004;1;10005;21;;;10000.0;-3756.0
-1;6200;KELP;2024;22;;;;;2027;22;;;;;2025.5;-3313.0
-1;6300;KELP;2024;30;;;;;2027;25;;;;;2025.5;-3379.0
-1;6300;RAINFOREST_RESIN;9996;2;9995;23;;;10004;2;10005;23;;;10000.0;-3756.0
-1;6400;KELP;2024;25;;;;;2027;25;;;;;2025.5;-3454.0
-1;6400;RAINFOREST_RESIN;9996;1;9995;24;;;10004;1;10005;24;;;10000.0;-3756.0
-1;6500;RAINFOREST_RESIN;9996;1;9995;26;;;9998;1;10004;1;10005;26;9997.0;-3756.0
-1;6500;KELP;2024;27;;;;;2027;27;;;;;2025.5;-3529.0
-1;6600;RAINFOREST_RESIN;9996;2;9995;24;;;10004;2;10005;24;;;10000.0;-3756.0
-1;6600;KELP;2024;26;;;;;2028;26;;;;;2026.0;-3610.0
-1;6700;KELP;2025;7;2024;20;;;2028;20;;;;;2026.5;-3714.0
-1;6700;RAINFOREST_RESIN;9995;20;;;;;10002;3;10005;20;;;9998.5;-3756.0
-1;6800;KELP;2024;32;;;;;2026;8;2027;2;2028;30;2025.0;-3735.0
-1;6800;RAINFOREST_RESIN;9996;2;9995;30;;;10004;2;10005;30;;;10000.0;-3756.0
-1;6900;RAINFOREST_RESIN;9996;1;9995;26;;;10002;5;10004;1;10005;26;9999.0;-3756.0
-1;6900;KELP;2024;27;;;;;2026;1;2027;27;;;2025.0;-3735.0
-1;7000;RAINFOREST_RESIN;9998;2;9995;27;;;10005;27;;;;;10001.5;-3756.0
-1;7000;KELP;2026;4;2024;27;;;2027;27;;;;;2026.5;-3735.0
-1;7100;KELP;2024;30;;;;;2027;30;;;;;2025.5;-3735.0
-1;7100;RAINFOREST_RESIN;9996;1;9995;29;;;10004;1;10005;29;;;10000.0;-3756.0
-1;7200;KELP;2024;28;;;;;2027;28;;;;;2025.5;-3825.0
-1;7200;RAINFOREST_RESIN;9998;5;9996;1;9995;27;10004;1;10005;27;;;10001.0;-3756.0
-1;7300;RAINFOREST_RESIN;10002;1;9996;2;9995;29;10004;2;10005;29;;;10003.0;-3756.0
-1;7300;KELP;2024;35;;;;;2027;31;;;;;2025.5;-3909.0
-1;7400;RAINFOREST_RESIN;9996;1;9995;22;;;10004;1;10005;22;;;10000.0;-3756.0
-1;7400;KELP;2024;22;;;;;2027;23;;;;;2025.5;-4002.0
-1;7500;KELP;2024;25;;;;;2027;25;;;;;2025.5;-4068.0
-1;7500;RAINFOREST_RESIN;9995;25;;;;;10002;10;10005;25;;;9998.5;-3756.0
-1;7600;KELP;2024;22;;;;;2027;22;;;;;2025.5;-4143.0
-1;7600;RAINFOREST_RESIN;9996;2;9995;20;;;10004;2;10005;20;;;10000.0;-3826.0
-1;7700;RAINFOREST_RESIN;9995;22;;;;;10005;22;;;;;10000.0;-3826.0
-1;7700;KELP;2024;21;;;;;2027;22;;;;;2025.5;-4209.0
-1;7800;RAINFOREST_RESIN;9998;3;9996;1;9995;22;10004;1;10005;22;;;10001.0;-4046.0
-1;7800;KELP;2024;23;;;;;2027;23;;;;;2025.5;-4272.0
-1;7900;KELP;2024;31;;;;;2027;27;;;;;2025.5;-4341.0
-1;7900;RAINFOREST_RESIN;9996;1;9995;26;;;10004;1;10005;26;;;10000.0;-4046.0
-1;8000;KELP;2024;27;;;;;2026;8;2027;27;;;2025.0;-4422.0
-1;8000;RAINFOREST_RESIN;9995;27;;;;;10005;27;;;;;10000.0;-4046.0
-1;8100;RAINFOREST_RESIN;9996;1;9995;22;;;10004;1;10005;22;;;10000.0;-4316.0
-1;8100;KELP;2023;23;;;;;2027;23;;;;;2025.0;-4438.0
-1;8200;RAINFOREST_RESIN;9995;23;;;;;10005;23;;;;;10000.0;-4316.0
-1;8200;KELP;2023;23;;;;;2025;1;2026;23;;;2024.0;-4530.0
-1;8300;KELP;2023;30;;;;;2026;30;;;;;2024.5;-4530.0
-1;8300;RAINFOREST_RESIN;9996;1;9995;29;;;10004;1;10005;29;;;10000.0;-4546.0
-1;8400;RAINFOREST_RESIN;9995;28;;;;;10005;28;;;;;10000.0;-4546.0
-1;8400;KELP;2023;28;;;;;2026;28;;;;;2024.5;-4620.0
-1;8500;KELP;2023;31;;;;;2026;31;;;;;2024.5;-4704.0
-1;8500;RAINFOREST_RESIN;9998;10;9996;2;9995;29;10004;2;10005;29;;;10001.0;-4826.0
-1;8600;RAINFOREST_RESIN;9996;1;9995;22;;;10004;1;10005;22;;;10000.0;-4826.0
-1;8600;KELP;2023;22;;;;;2026;23;;;;;2024.5;-4797.0
-1;8700;KELP;2023;27;;;;;2025;4;2026;27;;;2024.0;-4863.0
-1;8700;RAINFOREST_RESIN;9998;10;9995;27;;;10005;27;;;;;10001.5;-4826.0
-1;8800;RAINFOREST_RESIN;9995;25;;;;;9998;1;10005;25;;;9996.5;-4896.0
-1;8800;KELP;2024;7;2023;25;;;2027;25;;;;;2025.5;-4871.0
-1;8900;KELP;2024;1;2023;26;;;2027;26;;;;;2025.5;-4892.0
-1;8900;RAINFOREST_RESIN;9998;9;9995;26;;;10005;26;;;;;10001.5;-4896.0
-1;9000;RAINFOREST_RESIN;9996;2;9995;29;;;10004;2;10005;29;;;10000.0;-4959.0
-1;9000;KELP;2023;31;;;;;2027;31;;;;;2025.0;-4892.0
-1;9100;KELP;2023;29;;;;;2026;2;2027;27;;;2024.5;-5016.0
-1;9100;RAINFOREST_RESIN;9998;3;9996;2;9995;27;10004;2;10005;27;;;10001.0;-4959.0
-1;9200;RAINFOREST_RESIN;9998;10;9995;27;;;10005;27;;;;;10001.5;-4959.0
-1;9200;KELP;2023;27;;;;;2025;7;2026;27;;;2024.0;-5022.0
-1;9300;KELP;2023;21;;;;;2026;21;;;;;2024.5;-5036.0
-1;9300;RAINFOREST_RESIN;9996;1;9995;20;;;10004;1;10005;20;;;10000.0;-5029.0
-1;9400;RAINFOREST_RESIN;9998;2;9996;2;9995;21;10004;2;10005;21;;;10001.0;-5029.0
-1;9400;KELP;2023;23;;;;;2026;23;;;;;2024.5;-5099.0
-1;9500;KELP;2023;35;;;;;2026;31;;;;;2024.5;-5168.0
-1;9500;RAINFOREST_RESIN;9996;1;9995;30;;;10004;1;10005;30;;;10000.0;-5029.0
-1;9600;RAINFOREST_RESIN;9996;1;9995;30;;;10004;1;10005;30;;;10000.0;-5029.0
-1;9600;KELP;2023;31;;;;;2026;31;;;;;2024.5;-5261.0
-1;9700;KELP;2023;22;;;;;2026;22;;;;;2024.5;-5354.0
-1;9700;RAINFOREST_RESIN;9995;22;;;;;10002;1;10005;22;;;9998.5;-5029.0
-1;9800;RAINFOREST_RESIN;9995;26;;;;;10005;26;;;;;10000.0;-5029.0
-1;9800;KELP;2023;26;;;;;2026;26;;;;;2024.5;-5420.0
-1;9900;KELP;2025;4;2023;25;;;2026;25;;;;;2025.5;-5498.0
-1;9900;RAINFOREST_RESIN;9995;25;;;;;10005;25;;;;;10000.0;-5289.0
-1;10000;RAINFOREST_RESIN;9995;28;;;;;10005;28;;;;;10000.0;-5539.0
-1;10000;KELP;2023;36;;;;;2026;28;;;;;2024.5;-5498.0
-1;10100;KELP;2023;25;;;;;2026;25;;;;;2024.5;-5582.0
-1;10100;RAINFOREST_RESIN;9996;1;9995;24;;;10002;3;10004;1;10005;24;9999.0;-5819.0
-1;10200;RAINFOREST_RESIN;9996;2;9995;26;;;10004;2;10005;26;;;10000.0;-5819.0
-1;10200;KELP;2022;28;;;;;2026;28;;;;;2024.0;-5657.0
-1;10300;KELP;2024;1;2022;35;;;2025;27;;;;;2024.5;-5769.0
-1;10300;RAINFOREST_RESIN;9998;4;9995;27;;;10005;27;;;;;10001.5;-5819.0
-1;10400;RAINFOREST_RESIN;10002;1;9996;1;9995;28;10004;1;10005;28;;;10003.0;-5847.0
-1;10400;KELP;2023;1;2022;29;;;2026;29;;;;;2024.5;-5769.0
-1;10500;KELP;2023;2;2022;29;;;2026;31;;;;;2024.5;-5769.0
-1;10500;RAINFOREST_RESIN;9998;4;9996;2;9995;29;10004;2;10005;29;;;10001.0;-5847.0
-1;10600;RAINFOREST_RESIN;9996;2;9995;29;;;10000;4;10004;2;10005;29;9998.0;-5847.0
-1;10600;KELP;2022;31;;;;;2023;4;2024;4;2025;31;2022.5;-5775.0
-1;10700;KELP;2022;29;;;;;2025;28;;;;;2023.5;-5775.0
-1;10700;RAINFOREST_RESIN;9998;8;9995;28;;;10005;28;;;;;10001.5;-5847.0
-1;10800;RAINFOREST_RESIN;9998;5;9996;2;9995;22;10004;2;10005;22;;;10001.0;-5903.0
-1;10800;KELP;2022;27;;;;;2025;24;;;;;2023.5;-5859.0
-1;10900;KELP;2022;35;;;;;2025;28;;;;;2023.5;-5931.0
-1;10900;RAINFOREST_RESIN;9996;1;9995;27;;;10004;1;10005;27;;;10000.0;-5903.0
-1;11000;KELP;2024;7;2022;24;;;2025;24;;;;;2024.5;-6015.0
-1;11000;RAINFOREST_RESIN;9995;24;;;;;10002;7;10005;24;;;9998.5;-5903.0
-1;11100;RAINFOREST_RESIN;9998;3;9995;21;;;10005;21;;;;;10001.5;-5952.0
-1;11100;KELP;2022;21;;;;;2025;21;;;;;2023.5;-6015.0
-1;11200;RAINFOREST_RESIN;9996;2;9995;21;;;10002;7;10004;2;10005;21;9999.0;-5973.0
-1;11200;KELP;2022;23;;;;;2025;23;;;;;2023.5;-6078.0
-1;11300;KELP;2022;25;;;;;2025;22;;;;;2023.5;-6147.0
-1;11300;RAINFOREST_RESIN;9996;1;9995;21;;;10004;1;10005;21;;;10000.0;-5973.0
-1;11400;KELP;2022;26;;;;;2025;26;;;;;2023.5;-6213.0
-1;11400;RAINFOREST_RESIN;9996;1;9995;25;;;10004;1;10005;25;;;10000.0;-5973.0
-1;11500;RAINFOREST_RESIN;9996;1;9995;25;;;10002;7;10004;1;10005;25;9999.0;-5973.0
-1;11500;KELP;2022;26;;;;;2024;8;2025;26;;;2023.0;-6291.0
-1;11600;RAINFOREST_RESIN;9996;2;9995;27;;;10002;2;10004;2;10005;27;9999.0;-5973.0
-1;11600;KELP;2022;29;;;;;2026;29;;;;;2024.0;-6307.0
-1;11700;KELP;2022;23;;;;;2023;2;2026;23;;;2022.5;-6423.0
-1;11700;RAINFOREST_RESIN;9996;2;9995;21;;;10004;2;10005;21;;;10000.0;-5973.0
-1;11800;KELP;2022;29;;;;;2024;4;2026;29;;;2023.0;-6423.0
-1;11800;RAINFOREST_RESIN;9998;10;9995;29;;;10000;5;10005;29;;;9999.0;-5973.0
-1;11900;RAINFOREST_RESIN;9996;2;9995;30;;;10004;2;10005;30;;;10000.0;-5973.0
-1;11900;KELP;2023;2;2022;30;;;2024;3;2026;32;;;2023.5;-6423.0
-1;12000;RAINFOREST_RESIN;10002;1;9995;20;;;10005;20;;;;;10003.5;-5973.0
-1;12000;KELP;2023;20;;;;;2026;20;;;;;2024.5;-6423.0
-1;12100;KELP;2023;27;;;;;2025;1;2026;27;;;2024.0;-6483.0
-1;12100;RAINFOREST_RESIN;9996;2;9995;25;;;10004;2;10005;25;;;10000.0;-5973.0
-1;12200;KELP;2023;34;;;;;2026;30;;;;;2024.5;-6483.0
-1;12200;RAINFOREST_RESIN;9996;2;9995;28;;;10004;2;10005;28;;;10000.0;-5973.0
-1;12300;RAINFOREST_RESIN;9998;6;9996;1;9995;28;10004;1;10005;28;;;10001.0;-5973.0
-1;12300;KELP;2023;29;;;;;2026;29;;;;;2024.5;-6573.0
-1;12400;RAINFOREST_RESIN;9995;26;;;;;10005;26;;;;;10000.0;-5973.0
-1;12400;KELP;2023;30;;;;;2026;26;;;;;2024.5;-6660.0
-1;12500;KELP;2023;19;;;;;2026;20;;;;;2024.5;-6738.0
-1;12500;RAINFOREST_RESIN;9995;20;;;;;10005;20;;;;;10000.0;-6233.0
-1;12600;KELP;2023;22;;;;;2026;22;;;;;2024.5;-6795.0
-1;12600;RAINFOREST_RESIN;9995;22;;;;;10005;22;;;;;10000.0;-6433.0
-1;12700;RAINFOREST_RESIN;9996;2;9995;20;;;10004;2;10005;20;;;10000.0;-6653.0
-1;12700;KELP;2023;22;;;;;2026;22;;;;;2024.5;-6861.0
-1;12800;RAINFOREST_RESIN;9996;2;9995;20;;;10004;2;10005;20;;;10000.0;-6653.0
-1;12800;KELP;2023;22;;;;;2026;22;;;;;2024.5;-6927.0
-1;12900;KELP;2023;36;;;;;2026;29;;;;;2024.5;-6993.0
-1;12900;RAINFOREST_RESIN;9996;1;9995;28;;;10002;3;10004;1;10005;28;9999.0;-6653.0
-1;13000;KELP;2025;1;2023;6;2022;20;2026;20;;;;;2025.5;-7080.0
-1;13000;RAINFOREST_RESIN;10002;1;9995;20;;;10005;20;;;;;10003.5;-6653.0
-1;13100;RAINFOREST_RESIN;9996;1;9995;25;;;10004;1;10005;25;;;10000.0;-6653.0
-1;13100;KELP;2023;33;;;;;2026;26;;;;;2024.5;-7080.0
-1;13200;RAINFOREST_RESIN;9998;2;9995;22;;;10005;22;;;;;10001.5;-6653.0
-1;13200;KELP;2022;22;;;;;2025;5;2026;22;;;2023.5;-7158.0
-1;13300;KELP;2023;6;2022;24;;;2026;24;;;;;2024.5;-7173.0
-1;13300;RAINFOREST_RESIN;9995;24;;;;;10005;24;;;;;10000.0;-6653.0
-1;13400;KELP;2023;32;;;;;2026;32;;;;;2024.5;-7191.0
-1;13400;RAINFOREST_RESIN;9996;2;9995;30;;;10004;2;10005;30;;;10000.0;-6893.0
-1;13500;RAINFOREST_RESIN;9995;30;;;;;10005;30;;;;;10000.0;-6893.0
-1;13500;KELP;2022;30;;;;;2025;8;2026;30;;;2023.5;-7287.0
-1;13600;RAINFOREST_RESIN;9995;25;;;;;10002;10;10005;25;;;9998.5;-7193.0
-1;13600;KELP;2023;24;;;;;2025;3;2026;25;;;2024.0;-7311.0
-1;13700;KELP;2023;25;;;;;2026;21;;;;;2024.5;-7311.0
-1;13700;RAINFOREST_RESIN;9996;1;9995;20;;;9998;4;10004;1;10005;20;9997.0;-7263.0
-1;13800;KELP;2023;23;;;;;2026;22;;;;;2024.5;-7374.0
-1;13800;RAINFOREST_RESIN;9996;2;9995;20;;;10004;2;10005;20;;;10000.0;-7263.0
-1;13900;RAINFOREST_RESIN;9996;2;9995;20;;;10000;6;10004;2;10005;20;9998.0;-7263.0
-1;13900;KELP;2023;22;;;;;2024;6;2025;4;2026;22;2023.5;-7440.0
-1;14000;RAINFOREST_RESIN;9998;5;9996;2;9995;27;10004;2;10005;27;;;10001.0;-7263.0
-1;14000;KELP;2023;3;2022;29;;;2026;29;;;;;2024.5;-7440.0
-1;14100;KELP;2023;25;;;;;2025;1;2026;25;;;2024.0;-7449.0
-1;14100;RAINFOREST_RESIN;9996;2;9995;23;;;10004;2;10005;23;;;10000.0;-7263.0
-1;14200;KELP;2023;20;;;;;2026;21;;;;;2024.5;-7449.0
-1;14200;RAINFOREST_RESIN;9995;21;;;;;10005;21;;;;;10000.0;-7263.0
-1;14300;RAINFOREST_RESIN;9996;2;9995;27;;;10004;2;10005;27;;;10000.0;-7473.0
-1;14300;KELP;2022;29;;;;;2026;29;;;;;2024.0;-7509.0
-1;14400;RAINFOREST_RESIN;9996;1;9995;29;;;10004;1;10005;29;;;10000.0;-7473.0
-1;14400;KELP;2023;30;;;;;2026;30;;;;;2024.5;-7625.0
-1;14500;KELP;2023;24;;;;;2026;24;;;;;2024.5;-7715.0
-1;14500;RAINFOREST_RESIN;9995;24;;;;;10002;1;10005;24;;;9998.5;-7473.0
-1;14600;KELP;2022;28;;;;;2024;2;2026;28;;;2023.0;-7787.0
-1;14600;RAINFOREST_RESIN;9996;2;9995;26;;;10000;2;10004;2;10005;26;9998.0;-7473.0
-1;14700;RAINFOREST_RESIN;9995;30;;;;;10002;7;10005;30;;;9998.5;-7473.0
-1;14700;KELP;2022;30;;;;;2025;30;;;;;2023.5;-7787.0
-1;14800;RAINFOREST_RESIN;9995;28;;;;;10002;6;10005;28;;;9998.5;-7522.0
-1;14800;KELP;2022;28;;;;;2025;28;;;;;2023.5;-7877.0
-1;14900;KELP;2023;4;2022;26;;;2025;26;;;;;2024.0;-7961.0
-1;14900;RAINFOREST_RESIN;10000;4;9995;26;;;10005;26;;;;;10002.5;-7564.0
-1;15000;KELP;2024;8;2022;25;;;2025;25;;;;;2024.5;-7969.0
-1;15000;RAINFOREST_RESIN;9998;1;9995;25;;;10005;25;;;;;10001.5;-7584.0
-1;15100;RAINFOREST_RESIN;9995;22;;;;;10005;22;;;;;10000.0;-7584.0
-1;15100;KELP;2022;27;;;;;2025;22;;;;;2023.5;-7969.0
-1;15200;RAINFOREST_RESIN;9998;6;9995;27;;;10005;27;;;;;10001.5;-7804.0
-1;15200;KELP;2022;26;;;;;2025;27;;;;;2023.5;-8035.0
-1;15300;KELP;2022;26;;;;;2024;4;2025;26;;;2023.0;-8113.0
-1;15300;RAINFOREST_RESIN;9995;26;;;;;10002;1;10005;26;;;9998.5;-7846.0
-1;15400;KELP;2022;35;;;;;2025;30;;;;;2023.5;-8121.0
-1;15400;RAINFOREST_RESIN;9996;2;9995;28;;;9998;1;10004;2;10005;28;9997.0;-7846.0
-1;15500;RAINFOREST_RESIN;10002;1;9996;2;9995;29;10004;2;10005;29;;;10003.0;-7846.0
-1;15500;KELP;2022;31;;;;;2024;8;2025;31;;;2023.0;-8211.0
-1;15600;RAINFOREST_RESIN;9996;2;9995;24;;;10004;2;10005;24;;;10000.0;-7846.0
-1;15600;KELP;2022;31;;;;;2025;26;;;;;2023.5;-8227.0
-1;15700;KELP;2022;25;;;;;2025;25;;;;;2023.5;-8305.0
-1;15700;RAINFOREST_RESIN;10002;5;9996;1;9995;24;10004;1;10005;24;;;10003.0;-7846.0
-1;15800;KELP;2025;1;2022;22;;;2026;22;;;;;2025.5;-8380.0
-1;15800;RAINFOREST_RESIN;9998;10;9996;2;9995;20;10004;2;10005;20;;;10001.0;-7846.0
-1;15900;RAINFOREST_RESIN;9996;2;9995;29;;;10000;6;10004;2;10005;29;9998.0;-7846.0
-1;15900;KELP;2023;31;;;;;2024;6;2025;2;2026;31;2023.5;-8380.0
-1;16000;RAINFOREST_RESIN;9996;2;9995;27;;;10002;6;10004;2;10005;27;9999.0;-7846.0
-1;16000;KELP;2023;29;;;;;2025;2;2026;29;;;2024.0;-8380.0
-1;16100;KELP;2022;21;;;;;2023;2;2026;21;;;2022.5;-8380.0
-1;16100;RAINFOREST_RESIN;9995;21;;;;;10000;2;10002;10;10005;21;9997.5;-7846.0
-1;16200;KELP;2022;24;;;;;2023;1;2026;24;;;2022.5;-8380.0
-1;16200;RAINFOREST_RESIN;9995;24;;;;;9998;1;10005;24;;;9996.5;-7846.0
-1;16300;RAINFOREST_RESIN;9996;1;9995;22;;;10004;1;10005;22;;;10000.0;-7846.0
-1;16300;KELP;2023;2;2022;23;;;2026;23;;;;;2024.5;-8380.0
-1;16400;RAINFOREST_RESIN;9996;2;9995;30;;;10002;3;10004;2;10005;30;9999.0;-7846.0
-1;16400;KELP;2023;2;2022;30;;;2026;32;;;;;2024.5;-8386.0
-1;16500;KELP;2023;2;2022;21;;;2026;23;;;;;2024.5;-8392.0
-1;16500;RAINFOREST_RESIN;9996;2;9995;21;;;10002;7;10004;2;10005;21;9999.0;-7846.0
-1;16600;KELP;2022;30;;;;;2023;1;2026;30;;;2022.5;-8398.0
-1;16600;RAINFOREST_RESIN;9998;4;9996;2;9995;28;10004;2;10005;28;;;10001.0;-7846.0
-1;16700;RAINFOREST_RESIN;10002;1;9995;26;;;10005;26;;;;;10003.5;-7846.0
-1;16700;KELP;2025;1;2022;26;;;2026;26;;;;;2025.5;-8398.0
-1;16800;RAINFOREST_RESIN;9995;26;;;;;10005;26;;;;;10000.0;-7846.0
-1;16800;KELP;2022;26;;;;;2026;26;;;;;2024.0;-8398.0
-1;16900;KELP;2023;1;2022;25;;;2026;26;;;;;2024.5;-8502.0
-1;16900;RAINFOREST_RESIN;9996;1;9995;25;;;10004;1;10005;25;;;10000.0;-8106.0
-1;17000;KELP;2023;29;;;;;2026;29;;;;;2024.5;-8502.0
-1;17000;RAINFOREST_RESIN;9998;9;9995;29;;;10005;29;;;;;10001.5;-8106.0
-1;17100;KELP;2023;23;;;;;2026;23;;;;;2024.5;-8589.0
-1;17100;RAINFOREST_RESIN;9996;2;9995;21;;;10004;2;10005;21;;;10000.0;-8169.0
-1;17200;RAINFOREST_RESIN;9998;3;9996;2;9995;22;10004;2;10005;22;;;10001.0;-8169.0
-1;17200;KELP;2023;24;;;;;2026;24;;;;;2024.5;-8658.0
-1;17300;KELP;2023;25;;;;;2025;6;2026;25;;;2024.0;-8730.0
-1;17300;RAINFOREST_RESIN;9996;2;9995;23;;;10002;9;10004;2;10005;23;9999.0;-8169.0
-1;17400;RAINFOREST_RESIN;10000;6;9998;7;9995;28;10005;28;;;;;10002.5;-8169.0
-1;17400;KELP;2024;6;2023;28;;;2026;28;;;;;2025.0;-8742.0
-1;17500;KELP;2023;26;;;;;2027;26;;;;;2025.0;-8754.0
-1;17500;RAINFOREST_RESIN;9995;26;;;;;10005;26;;;;;10000.0;-8199.0
-1;17600;RAINFOREST_RESIN;9998;6;9995;30;;;10005;30;;;;;10001.5;-8459.0
-1;17600;KELP;2023;30;;;;;2026;30;;;;;2024.5;-8858.0
-1;17700;KELP;2025;1;2023;29;;;2026;29;;;;;2025.5;-8948.0
-1;17700;RAINFOREST_RESIN;9996;2;9995;27;;;10004;2;10005;27;;;10000.0;-8501.0
-1;17800;RAINFOREST_RESIN;9996;2;9995;24;;;10002;5;10004;2;10005;24;9999.0;-8501.0
-1;17800;KELP;2023;26;;;;;2026;2;2027;24;;;2024.5;-8948.0
-1;17900;KELP;2023;23;;;;;2027;23;;;;;2025.0;-8954.0
-1;17900;RAINFOREST_RESIN;9995;23;;;;;10005;23;;;;;10000.0;-8501.0
-1;18000;RAINFOREST_RESIN;9996;2;9995;25;;;10004;2;10005;25;;;10000.0;-8731.0
-1;18000;KELP;2023;27;;;;;2026;27;;;;;2024.5;-9046.0
-1;18100;KELP;2023;20;;;;;2027;20;;;;;2025.0;-9127.0
-1;18100;RAINFOREST_RESIN;9995;20;;;;;10005;20;;;;;10000.0;-8731.0
-1;18200;RAINFOREST_RESIN;9996;1;9995;25;;;10004;1;10005;25;;;10000.0;-8931.0
-1;18200;KELP;2024;21;;;;;2027;26;;;;;2025.5;-9207.0
-1;18300;KELP;2023;25;;;;;2027;25;;;;;2025.0;-9270.0
-1;18300;RAINFOREST_RESIN;9996;2;9995;23;;;10004;2;10005;23;;;10000.0;-8931.0
-1;18400;RAINFOREST_RESIN;9996;2;9995;23;;;10004;2;10005;23;;;10000.0;-8931.0
-1;18400;KELP;2024;25;;;;;2026;5;2027;25;;;2025.0;-9370.0
-1;18500;KELP;2024;29;;;;;2025;1;2027;29;;;2024.5;-9380.0
-1;18500;RAINFOREST_RESIN;9995;29;;;;;10000;2;10005;29;;;9997.5;-8931.0
-1;18600;RAINFOREST_RESIN;10002;1;9995;20;;;10005;20;;;;;10003.5;-8931.0
-1;18600;KELP;2024;20;;;;;2026;5;2027;20;;;2025.0;-9380.0
-1;18700;KELP;2024;22;;;;;2027;22;;;;;2025.5;-9390.0
-1;18700;RAINFOREST_RESIN;9995;22;;;;;10005;22;;;;;10000.0;-8931.0
-1;18800;RAINFOREST_RESIN;9996;2;9995;26;;;10004;2;10005;26;;;10000.0;-9151.0
-1;18800;KELP;2024;28;;;;;2027;28;;;;;2025.5;-9456.0
-1;18900;KELP;2024;22;;;;;2027;22;;;;;2025.5;-9540.0
-1;18900;RAINFOREST_RESIN;9998;2;9995;22;;;10005;22;;;;;10001.5;-9151.0
-1;19000;RAINFOREST_RESIN;9996;2;9995;26;;;10004;2;10005;26;;;10000.0;-9151.0
-1;19000;KELP;2024;18;;;;;2027;28;;;;;2025.5;-9606.0
-1;19100;KELP;2024;28;;;;;2027;28;;;;;2025.5;-9660.0
-1;19100;RAINFOREST_RESIN;9996;2;9995;26;;;10004;2;10005;26;;;10000.0;-9151.0
-1;19200;RAINFOREST_RESIN;9996;1;9995;20;;;9998;1;10004;1;10005;20;9997.0;-9151.0
-1;19200;KELP;2024;21;;;;;2027;21;;;;;2025.5;-9744.0
-1;19300;KELP;2024;23;;;;;2027;23;;;;;2025.5;-9807.0
-1;19300;RAINFOREST_RESIN;9996;2;9995;21;;;10004;2;10005;21;;;10000.0;-9151.0
-1;19400;RAINFOREST_RESIN;9995;26;;;;;10005;26;;;;;10000.0;-9151.0
-1;19400;KELP;2023;26;;;;;2027;26;;;;;2025.0;-9876.0
-1;19500;KELP;2024;23;;;;;2027;23;;;;;2025.5;-9980.0
-1;19500;RAINFOREST_RESIN;9995;23;;;;;10005;23;;;;;10000.0;-9411.0
-1;19600;RAINFOREST_RESIN;9996;2;9995;27;;;10004;2;10005;27;;;10000.0;-9641.0
-1;19600;KELP;2024;2;2023;27;;;2027;29;;;;;2025.5;-10049.0
-1;19700;KELP;2024;31;;;;;2026;7;2027;32;;;2025.0;-10055.0
-1;19700;RAINFOREST_RESIN;10002;1;9996;2;9995;30;10004;2;10005;30;;;10003.0;-9641.0
-1;19800;RAINFOREST_RESIN;9996;2;9995;29;;;10004;2;10005;29;;;10000.0;-9641.0
-1;19800;KELP;2024;31;;;;;2027;31;;;;;2025.5;-10069.0
-1;19900;KELP;2024;32;;;;;2027;32;;;;;2025.5;-10162.0
-1;19900;RAINFOREST_RESIN;9996;2;9995;30;;;10004;2;10005;30;;;10000.0;-9641.0
-1;20000;KELP;2024;2;2023;27;;;2027;27;;;;;2025.5;-10258.0
-1;20000;RAINFOREST_RESIN;9995;27;;;;;10002;4;10005;27;;;9998.5;-9641.0
-1;20100;RAINFOREST_RESIN;10002;1;9996;1;9995;30;10004;1;10005;30;;;10003.0;-9641.0
-1;20100;KELP;2023;31;;;;;2025;4;2027;31;;;2024.0;-10264.0
-1;20200;RAINFOREST_RESIN;9995;29;;;;;9998;1;10005;29;;;9996.5;-9641.0
-1;20200;KELP;2023;29;;;;;2027;29;;;;;2025.0;-10264.0
-1;20300;KELP;2024;26;;;;;2027;27;;;;;2025.5;-10380.0
-1;20300;RAINFOREST_RESIN;9995;27;;;;;10005;27;;;;;10000.0;-9641.0
-1;20400;KELP;2024;30;;;;;2025;4;2027;29;;;2024.5;-10458.0
-1;20400;RAINFOREST_RESIN;9996;1;9995;28;;;10000;4;10004;1;10005;28;9998.0;-9911.0
-1;20500;RAINFOREST_RESIN;10000;3;9996;2;9995;30;10004;2;10005;30;;;10002.0;-9911.0
-1;20500;KELP;2025;4;2024;7;2023;30;2027;32;;;;;2026.0;-10458.0
-1;20600;RAINFOREST_RESIN;9996;2;9995;26;;;10004;2;10005;26;;;10000.0;-9911.0
-1;20600;KELP;2023;28;;;;;2027;28;;;;;2025.0;-10466.0
-1;20700;KELP;2025;6;2023;22;;;2027;22;;;;;2026.0;-10578.0
-1;20700;RAINFOREST_RESIN;10002;1;10000;6;9998;4;10005;22;;;;;10003.5;-9911.0
-1;20800;KELP;2024;2;2023;22;;;2027;24;;;;;2025.5;-10590.0
-1;20800;RAINFOREST_RESIN;9996;2;9995;22;;;10004;2;10005;22;;;10000.0;-9911.0
-1;20900;RAINFOREST_RESIN;9995;23;;;;;10005;23;;;;;10000.0;-9911.0
-1;20900;KELP;2026;1;2023;23;;;2027;23;;;;;2026.5;-10596.0
-1;21000;RAINFOREST_RESIN;9996;2;9995;26;;;10004;2;10005;26;;;10000.0;-10141.0
-1;21000;KELP;2024;28;;;;;2027;28;;;;;2025.5;-10596.0
-1;21100;KELP;2024;2;2023;22;;;2027;24;;;;;2025.5;-10680.0
-1;21100;RAINFOREST_RESIN;9996;2;9995;22;;;10004;2;10005;22;;;10000.0;-10141.0
-1;21200;KELP;2024;22;;;;;2027;22;;;;;2025.5;-10686.0
-1;21200;RAINFOREST_RESIN;9995;22;;;;;9998;1;10005;22;;;9996.5;-10141.0
-1;21300;RAINFOREST_RESIN;9996;1;9995;29;;;10002;7;10004;1;10005;29;9999.0;-10141.0
-1;21300;KELP;2024;1;2023;29;;;2027;30;;;;;2025.5;-10752.0
-1;21400;RAINFOREST_RESIN;9995;28;;;;;10005;28;;;;;10000.0;-10141.0
-1;21400;KELP;2024;28;;;;;2027;28;;;;;2025.5;-10752.0
-1;21500;KELP;2026;4;2024;21;;;2027;21;;;;;2026.5;-10836.0
-1;21500;RAINFOREST_RESIN;9996;1;9995;20;;;10004;1;10005;20;;;10000.0;-10421.0
-1;21600;KELP;2024;27;;;;;2027;2;2028;25;;;2025.5;-10836.0
-1;21600;RAINFOREST_RESIN;10002;12;9996;2;9995;25;10004;2;10005;25;;;10003.0;-10421.0
-1;21700;RAINFOREST_RESIN;9998;8;9996;2;9995;29;10004;2;10005;29;;;10001.0;-10421.0
-1;21700;KELP;2024;31;;;;;2027;31;;;;;2025.5;-10842.0
-1;21800;RAINFOREST_RESIN;9996;2;9995;22;;;10004;2;10005;22;;;10000.0;-10421.0
-1;21800;KELP;2024;24;;;;;2028;24;;;;;2026.0;-10935.0
-1;21900;KELP;2024;22;;;;;2028;22;;;;;2026.0;-11031.0
-1;21900;RAINFOREST_RESIN;10002;3;9996;1;9995;21;10004;1;10005;21;;;10003.0;-10421.0
-1;22000;KELP;2024;21;;;;;2028;21;;;;;2026.0;-11119.0
-1;22000;RAINFOREST_RESIN;9995;21;;;;;10005;21;;;;;10000.0;-10421.0
-1;22100;RAINFOREST_RESIN;9996;2;9995;22;;;10002;7;10004;2;10005;22;9999.0;-10631.0
-1;22100;KELP;2024;23;;;;;2027;24;;;;;2025.5;-11203.0
-1;22200;RAINFOREST_RESIN;9998;6;9996;1;9995;20;10004;1;10005;20;;;10001.0;-10631.0
-1;22200;KELP;2024;21;;;;;2027;21;;;;;2025.5;-11272.0
-1;22300;KELP;2023;29;;;;;2026;1;2027;28;;;2024.5;-11335.0
-1;22300;RAINFOREST_RESIN;9996;1;9995;28;;;10004;1;10005;28;;;10000.0;-10631.0
-1;22400;KELP;2023;29;;;;;2026;29;;;;;2024.5;-11335.0
-1;22400;RAINFOREST_RESIN;9996;2;9995;27;;;9998;1;10004;2;10005;27;9997.0;-10631.0
-1;22500;RAINFOREST_RESIN;9996;2;9995;29;;;10004;2;10005;29;;;10000.0;-10631.0
-1;22500;KELP;2023;31;;;;;2026;31;;;;;2024.5;-11422.0
-1;22600;RAINFOREST_RESIN;10000;6;9998;6;9996;2;10004;2;10005;20;;;10002.0;-10631.0
-1;22600;KELP;2024;6;2023;26;;;2026;22;;;;;2025.0;-11515.0
-1;22700;KELP;2023;25;;;;;2026;26;;;;;2024.5;-11527.0
-1;22700;RAINFOREST_RESIN;9996;2;9995;24;;;10004;2;10005;24;;;10000.0;-10631.0
-1;22800;KELP;2023;27;;;;;2026;28;;;;;2024.5;-11602.0
-1;22800;RAINFOREST_RESIN;9996;1;9995;27;;;9998;2;10004;1;10005;27;9997.0;-10631.0
-1;22900;RAINFOREST_RESIN;9996;2;9995;30;;;10002;8;10004;2;10005;30;9999.0;-10631.0
-1;22900;KELP;2023;2;2022;30;;;2026;32;;;;;2024.5;-11683.0
-1;23000;RAINFOREST_RESIN;9996;1;9995;21;;;10004;1;10005;21;;;10000.0;-10631.0
-1;23000;KELP;2022;22;;;;;2026;22;;;;;2024.0;-11689.0
-1;23100;KELP;2023;23;;;;;2026;23;;;;;2024.5;-11777.0
-1;23100;RAINFOREST_RESIN;9998;8;9995;23;;;10005;23;;;;;10001.5;-10631.0
-1;23200;KELP;2023;2;2022;29;;;2024;3;2026;31;;;2023.5;-11846.0
-1;23200;RAINFOREST_RESIN;9998;5;9996;2;9995;29;10004;2;10005;29;;;10001.0;-10687.0
-1;23300;RAINFOREST_RESIN;9996;1;9995;29;;;10004;1;10005;29;;;10000.0;-10687.0
-1;23300;KELP;2023;30;;;;;2026;30;;;;;2024.5;-11846.0
-1;23400;RAINFOREST_RESIN;9996;1;9995;29;;;10004;1;10005;29;;;10000.0;-10687.0
-1;23400;KELP;2023;30;;;;;2026;30;;;;;2024.5;-11936.0
-1;23500;KELP;2023;29;;;;;2025;4;2026;30;;;2024.0;-12026.0
-1;23500;RAINFOREST_RESIN;9998;8;9996;2;9995;28;10004;2;10005;28;;;10001.0;-10687.0
-1;23600;KELP;2022;27;;;;;2026;27;;;;;2024.0;-12034.0
-1;23600;RAINFOREST_RESIN;9995;27;;;;;10005;27;;;;;10000.0;-10687.0
-1;23700;RAINFOREST_RESIN;10002;1;9996;2;9995;21;10004;2;10005;21;;;10003.0;-10957.0
-1;23700;KELP;2023;2;2022;21;;;2025;7;2026;23;;;2024.0;-12142.0
-1;23800;RAINFOREST_RESIN;9995;30;;;;;10005;30;;;;;10000.0;-10957.0
-1;23800;KELP;2024;1;2022;30;;;2026;30;;;;;2025.0;-12146.0
-1;23900;KELP;2025;1;2023;1;2022;30;2026;30;;;;;2025.5;-12146.0
-1;23900;RAINFOREST_RESIN;9995;30;;;;;10005;30;;;;;10000.0;-11257.0
-1;24000;KELP;2022;29;;;;;2026;29;;;;;2024.0;-12146.0
-1;24000;RAINFOREST_RESIN;9998;9;9995;29;;;10005;29;;;;;10001.5;-11557.0
-1;24100;RAINFOREST_RESIN;9996;1;9995;25;;;10004;1;10005;25;;;10000.0;-11620.0
-1;24100;KELP;2023;1;2022;25;;;2025;3;2026;26;;;2024.0;-12262.0
-1;24200;RAINFOREST_RESIN;9996;2;9995;28;;;10002;6;10004;2;10005;28;9999.0;-11620.0
-1;24200;KELP;2023;30;;;;;2026;30;;;;;2024.5;-12262.0
-1;24300;KELP;2023;26;;;;;2026;26;;;;;2024.5;-12352.0
-1;24300;RAINFOREST_RESIN;9996;2;9995;24;;;10002;1;10004;2;10005;24;9999.0;-11620.0
-1;24400;KELP;2025;1;2023;22;;;2026;22;;;;;2025.5;-12430.0
-1;24400;RAINFOREST_RESIN;10002;1;9998;4;9996;1;10004;1;10005;21;;;10003.0;-11620.0
-1;24500;RAINFOREST_RESIN;10002;1;9996;1;9995;25;10004;1;10005;25;;;10003.0;-11620.0
-1;24500;KELP;2022;26;;;;;2026;26;;;;;2024.0;-12430.0
-1;24600;RAINFOREST_RESIN;9995;24;;;;;9998;2;10005;24;;;9996.5;-11620.0
-1;24600;KELP;2022;24;;;;;2024;2;2026;24;;;2023.0;-12534.0
-1;24700;KELP;2023;25;;;;;2026;25;;;;;2024.5;-12534.0
-1;24700;RAINFOREST_RESIN;9995;25;;;;;10005;25;;;;;10000.0;-11620.0
-1;24800;KELP;2022;23;;;;;2026;23;;;;;2024.0;-12609.0
-1;24800;RAINFOREST_RESIN;9995;23;;;;;10005;23;;;;;10000.0;-11870.0
-1;24900;RAINFOREST_RESIN;10002;1;9996;1;9995;22;10004;1;10005;22;;;10003.0;-12100.0
-1;24900;KELP;2024;4;2022;23;;;2026;23;;;;;2025.0;-12701.0
-1;25000;RAINFOREST_RESIN;9995;23;;;;;10005;23;;;;;10000.0;-12100.0
-1;25000;KELP;2023;23;;;;;2026;23;;;;;2024.5;-12709.0
-1;25100;KELP;2022;25;;;;;2024;4;2026;25;;;2023.0;-12778.0
-1;25100;RAINFOREST_RESIN;10002;1;9995;25;;;10005;25;;;;;10003.5;-12330.0
-1;25200;KELP;2023;1;2022;24;;;2025;3;2026;25;;;2024.0;-12778.0
-1;25200;RAINFOREST_RESIN;9996;1;9995;24;;;9998;5;10004;1;10005;24;9997.0;-12330.0
-1;25300;RAINFOREST_RESIN;9996;2;9995;22;;;10004;2;10005;22;;;10000.0;-12330.0
-1;25300;KELP;2023;4;2022;22;;;2026;24;;;;;2024.5;-12778.0
-1;25400;RAINFOREST_RESIN;9996;1;9995;29;;;10004;1;10005;29;;;10000.0;-12330.0
-1;25400;KELP;2025;8;2023;30;;;2026;30;;;;;2025.5;-12790.0
-1;25500;KELP;2022;21;;;;;2025;21;;;;;2023.5;-12790.0
-1;25500;RAINFOREST_RESIN;9996;1;9995;20;;;9998;6;10002;9;10004;1;9997.0;-12330.0
-1;25600;KELP;2023;31;;;;;2026;23;;;;;2024.5;-12853.0
-1;25600;RAINFOREST_RESIN;9996;1;9995;22;;;10002;7;10004;1;10005;22;9999.0;-12330.0
-1;25700;RAINFOREST_RESIN;9996;2;9995;30;;;10004;2;10005;30;;;10000.0;-12330.0
-1;25700;KELP;2023;32;;;;;2025;6;2026;32;;;2024.0;-12922.0
-1;25800;RAINFOREST_RESIN;10002;4;9995;24;;;10005;24;;;;;10003.5;-12330.0
-1;25800;KELP;2023;23;;;;;2026;24;;;;;2024.5;-12934.0
-1;25900;KELP;2023;25;;;;;2026;25;;;;;2024.5;-13003.0
-1;25900;RAINFOREST_RESIN;9996;2;9995;23;;;10004;2;10005;23;;;10000.0;-12330.0
-1;26000;RAINFOREST_RESIN;9996;2;9995;27;;;10004;2;10005;27;;;10000.0;-12330.0
-1;26000;KELP;2023;22;;;;;2026;29;;;;;2024.5;-13078.0
-1;26100;KELP;2023;20;;;;;2026;20;;;;;2024.5;-13144.0
-1;26100;RAINFOREST_RESIN;9998;7;9995;20;;;10005;20;;;;;10001.5;-12330.0
-1;26200;RAINFOREST_RESIN;9996;1;9995;22;;;10004;1;10005;22;;;10000.0;-12379.0
-1;26200;KELP;2023;23;;;;;2026;23;;;;;2024.5;-13204.0
-1;26300;KELP;2023;30;;;;;2026;30;;;;;2024.5;-13273.0
-1;26300;RAINFOREST_RESIN;9996;1;9995;29;;;9998;1;10004;1;10005;29;9997.0;-12379.0
-1;26400;RAINFOREST_RESIN;9995;22;;;;;10005;22;;;;;10000.0;-12379.0
-1;26400;KELP;2023;27;;;;;2026;22;;;;;2024.5;-13363.0
-1;26500;KELP;2023;24;;;;;2026;24;;;;;2024.5;-13429.0
-1;26500;RAINFOREST_RESIN;9996;1;9995;23;;;10004;1;10005;23;;;10000.0;-12599.0
-1;26600;RAINFOREST_RESIN;9996;2;9995;28;;;9998;1;10004;2;10005;28;9997.0;-12599.0
-1;26600;KELP;2023;36;;;;;2026;30;;;;;2024.5;-13501.0
-1;26700;KELP;2023;24;;;;;2025;6;2026;24;;;2024.0;-13591.0
-1;26700;RAINFOREST_RESIN;9998;2;9996;1;9995;23;10004;1;10005;23;;;10001.0;-12599.0
-1;26800;RAINFOREST_RESIN;9996;2;9995;28;;;10004;2;10005;28;;;10000.0;-12599.0
-1;26800;KELP;2025;1;2023;30;;;2026;30;;;;;2025.5;-13603.0
-1;26900;KELP;2023;29;;;;;2026;30;;;;;2024.5;-13603.0
-1;26900;RAINFOREST_RESIN;10002;1;9995;30;;;10005;30;;;;;10003.5;-12599.0
-1;27000;RAINFOREST_RESIN;9995;28;;;;;10002;1;10005;28;;;9998.5;-12599.0
-1;27000;KELP;2023;30;;;;;2026;28;;;;;2024.5;-13690.0
-1;27100;KELP;2023;27;;;;;2026;24;;;;;2024.5;-13774.0
-1;27100;RAINFOREST_RESIN;9995;24;;;;;10005;24;;;;;10000.0;-12599.0
-1;27200;RAINFOREST_RESIN;9998;2;9995;21;;;10005;21;;;;;10001.5;-12839.0
-1;27200;KELP;2023;21;;;;;2025;2;2026;21;;;2024.0;-13846.0
-1;27300;KELP;2025;1;2023;31;;;2026;31;;;;;2025.5;-13846.0
-1;27300;RAINFOREST_RESIN;9996;2;9995;29;;;10004;2;10005;29;;;10000.0;-12839.0
-1;27400;RAINFOREST_RESIN;9995;21;;;;;10005;21;;;;;10000.0;-12839.0
-1;27400;KELP;2023;21;;;;;2026;21;;;;;2024.5;-13846.0
-1;27500;KELP;2023;23;;;;;2025;6;2026;23;;;2024.0;-13909.0
-1;27500;RAINFOREST_RESIN;9996;1;9995;22;;;10004;1;10005;22;;;10000.0;-13049.0
-1;27600;RAINFOREST_RESIN;9998;5;9995;24;;;10005;24;;;;;10001.5;-13049.0
-1;27600;KELP;2023;30;;;;;2026;24;;;;;2024.5;-13921.0
-1;27700;KELP;2023;19;;;;;2026;24;;;;;2024.5;-13993.0
-1;27700;RAINFOREST_RESIN;9995;24;;;;;10005;24;;;;;10000.0;-13084.0
-1;27800;RAINFOREST_RESIN;9998;9;9996;2;9995;26;10004;2;10005;26;;;10001.0;-13324.0
-1;27800;KELP;2023;28;;;;;2025;3;2026;28;;;2024.0;-14050.0
-1;27900;KELP;2025;1;2023;29;;;2026;29;;;;;2025.5;-14050.0
-1;27900;RAINFOREST_RESIN;9996;2;9995;27;;;10002;4;10004;2;10005;27;9999.0;-13324.0
-1;28000;RAINFOREST_RESIN;9998;2;9995;28;;;10005;28;;;;;10001.5;-13324.0
-1;28000;KELP;2023;28;;;;;2026;28;;;;;2024.5;-14050.0
-1;28100;KELP;2023;26;;;;;2026;26;;;;;2024.5;-14134.0
-1;28100;RAINFOREST_RESIN;9996;2;9995;24;;;10004;2;10005;24;;;10000.0;-13324.0
-1;28200;RAINFOREST_RESIN;9996;1;9995;25;;;9998;2;10004;1;10005;25;9997.0;-13324.0
-1;28200;KELP;2023;26;;;;;2025;5;2026;1;2027;25;2024.0;-14212.0
-1;28300;KELP;2023;24;;;;;2024;2;2027;24;;;2023.5;-14212.0
-1;28300;RAINFOREST_RESIN;9996;1;9995;23;;;10004;1;10005;23;;;10000.0;-13324.0
-1;28400;RAINFOREST_RESIN;9996;2;9995;23;;;10004;2;10005;23;;;10000.0;-13324.0
-1;28400;KELP;2023;24;;;;;2027;25;;;;;2025.0;-14212.0
-1;28500;KELP;2023;23;;;;;2027;23;;;;;2025.0;-14308.0
-1;28500;RAINFOREST_RESIN;9998;10;9995;23;;;10005;23;;;;;10001.5;-13324.0
-1;28600;RAINFOREST_RESIN;10002;1;9996;2;9995;21;10004;2;10005;21;;;10003.0;-13394.0
-1;28600;KELP;2023;23;;;;;2025;8;2027;23;;;2024.0;-14400.0
-1;28700;RAINFOREST_RESIN;9995;30;;;;;10005;30;;;;;10000.0;-13394.0
-1;28700;KELP;2023;30;;;;;2027;30;;;;;2025.0;-14416.0
-1;28800;RAINFOREST_RESIN;9995;27;;;;;10005;27;;;;;10000.0;-13694.0
-1;28800;KELP;2024;27;;;;;2027;27;;;;;2025.5;-14536.0
-1;28900;KELP;2024;26;;;;;2027;22;;;;;2025.5;-14617.0
-1;28900;RAINFOREST_RESIN;9998;7;9996;1;9995;21;10004;1;10005;21;;;10001.0;-13964.0
-1;29000;KELP;2024;23;;;;;2027;24;;;;;2025.5;-14683.0
-1;29000;RAINFOREST_RESIN;9995;24;;;;;10005;24;;;;;10000.0;-13964.0
-1;29100;RAINFOREST_RESIN;9996;2;9995;26;;;10004;2;10005;26;;;10000.0;-14204.0
-1;29100;KELP;2024;31;;;;;2027;28;;;;;2025.5;-14752.0
-1;29200;RAINFOREST_RESIN;9996;1;9995;30;;;10004;1;10005;30;;;10000.0;-14204.0
-1;29200;KELP;2026;1;2024;31;;;2027;31;;;;;2026.5;-14836.0
-1;29300;KELP;2024;32;;;;;2026;2;2027;32;;;2025.0;-14836.0
-1;29300;RAINFOREST_RESIN;9996;2;9995;30;;;10002;3;10004;2;10005;30;9999.0;-14204.0
-1;29400;KELP;2024;25;;;;;2027;26;;;;;2025.5;-14836.0
-1;29400;RAINFOREST_RESIN;10002;1;9996;1;9995;25;10004;1;10005;25;;;10003.0;-14204.0
-1;29500;RAINFOREST_RESIN;9996;2;9995;27;;;10004;2;10005;27;;;10000.0;-14204.0
-1;29500;KELP;2024;31;;;;;2027;29;;;;;2025.5;-14911.0
-1;29600;RAINFOREST_RESIN;9996;2;9995;28;;;10004;2;10005;28;;;10000.0;-14204.0
-1;29600;KELP;2024;2;2023;28;;;2025;3;2027;30;;;2024.5;-14998.0
-1;29700;KELP;2024;28;;;;;2027;26;;;;;2025.5;-14998.0
-1;29700;RAINFOREST_RESIN;9996;1;9995;25;;;10002;4;10004;1;10005;25;9999.0;-14204.0
-1;29800;KELP;2024;31;;;;;2026;1;2027;1;2028;30;2025.0;-15076.0
-1;29800;RAINFOREST_RESIN;9998;6;9996;1;9995;30;10004;1;10005;30;;;10001.0;-14204.0
-1;29900;RAINFOREST_RESIN;9995;21;;;;;10005;21;;;;;10000.0;-14204.0
-1;29900;KELP;2025;8;2024;21;;;2028;21;;;;;2026.5;-15076.0
-1;30000;RAINFOREST_RESIN;9998;3;9996;1;9995;30;10004;1;10005;30;;;10001.0;-14414.0
-1;30000;KELP;2024;31;;;;;2028;31;;;;;2026.0;-15100.0
-1;30100;KELP;2024;30;;;;;2027;30;;;;;2025.5;-15224.0
-1;30100;RAINFOREST_RESIN;9996;2;9995;28;;;10004;2;10005;28;;;10000.0;-14414.0
-1;30200;KELP;2024;22;;;;;2027;22;;;;;2025.5;-15314.0
-1;30200;RAINFOREST_RESIN;9996;2;9995;20;;;10004;2;10005;20;;;10000.0;-14414.0
-1;30300;RAINFOREST_RESIN;9996;2;9995;29;;;10002;9;10004;2;10005;29;9999.0;-14414.0
-1;30300;KELP;2026;1;2024;31;;;2027;31;;;;;2026.5;-15380.0
-1;30400;RAINFOREST_RESIN;10000;5;9996;2;9995;29;10002;8;10004;2;10005;29;10001.0;-14414.0
-1;30400;KELP;2025;5;2024;31;;;2027;31;;;;;2026.0;-15380.0
-1;30500;KELP;2024;22;;;;;2027;22;;;;;2025.5;-15390.0
-1;30500;RAINFOREST_RESIN;9998;5;9996;2;9995;20;10004;2;10005;20;;;10001.0;-14414.0
-1;30600;KELP;2024;1;2023;20;;;2027;22;;;;;2025.5;-15456.0
-1;30600;RAINFOREST_RESIN;9996;2;9995;20;;;10002;4;10004;2;10005;20;9999.0;-14414.0
-1;30700;RAINFOREST_RESIN;9995;30;;;;;10005;30;;;;;10000.0;-14414.0
-1;30700;KELP;2024;30;;;;;2027;30;;;;;2025.5;-15456.0
-1;30800;RAINFOREST_RESIN;9996;1;9995;30;;;10004;1;10005;30;;;10000.0;-14714.0
-1;30800;KELP;2024;4;2023;30;;;2027;31;;;;;2025.5;-15456.0
-1;30900;KELP;2023;30;;;;;2025;7;2026;30;;;2024.0;-15456.0
-1;30900;RAINFOREST_RESIN;9996;2;9995;28;;;10002;6;10004;2;10005;28;9999.0;-14714.0
-1;31000;KELP;2024;4;2023;30;;;2026;23;;;;;2025.0;-15456.0
-1;31000;RAINFOREST_RESIN;10000;4;9996;1;9995;22;10004;1;10005;22;;;10002.0;-14714.0
-1;31100;RAINFOREST_RESIN;9996;2;9995;27;;;10004;2;10005;27;;;10000.0;-14714.0
-1;31100;KELP;2023;29;;;;;2026;2;2027;27;;;2024.5;-15456.0
-1;31200;RAINFOREST_RESIN;9996;2;9995;29;;;10002;6;10004;2;10005;29;9999.0;-14714.0
-1;31200;KELP;2023;31;;;;;2026;31;;;;;2024.5;-15456.0
-1;31300;KELP;2023;24;;;;;2026;24;;;;;2024.5;-15456.0
-1;31300;RAINFOREST_RESIN;9996;1;9995;23;;;10004;1;10005;23;;;10000.0;-14714.0
-1;31400;KELP;2023;26;;;;;2026;26;;;;;2024.5;-15456.0
-1;31400;RAINFOREST_RESIN;9995;26;;;;;9998;1;10005;26;;;9996.5;-14714.0
-1;31500;RAINFOREST_RESIN;9995;30;;;;;10005;30;;;;;10000.0;-14714.0
-1;31500;KELP;2023;35;;;;;2026;30;;;;;2024.5;-15534.0
-1;31600;RAINFOREST_RESIN;9995;27;;;;;10005;27;;;;;10000.0;-15014.0
-1;31600;KELP;2025;1;2023;27;;;2026;27;;;;;2025.5;-15624.0
-1;31700;KELP;2023;24;;;;;2025;3;2026;24;;;2024.0;-15624.0
-1;31700;RAINFOREST_RESIN;9996;2;9995;22;;;10004;2;10005;22;;;10000.0;-15284.0
-1;31800;KELP;2024;6;2023;26;;;2026;1;2027;25;;;2025.0;-15624.0
-1;31800;RAINFOREST_RESIN;10000;6;9996;1;9995;25;10004;1;10005;25;;;10002.0;-15284.0
-1;31900;RAINFOREST_RESIN;9998;3;9995;28;;;10005;28;;;;;10001.5;-15284.0
-1;31900;KELP;2024;4;2023;28;;;2027;28;;;;;2025.5;-15624.0
-1;32000;RAINFOREST_RESIN;9996;1;9995;24;;;10004;1;10005;24;;;10000.0;-15305.0
-1;32000;KELP;2024;2;2023;25;;;2026;1;2027;24;;;2025.0;-15636.0
-1;32100;KELP;2023;29;;;;;2026;29;;;;;2024.5;-15636.0
-1;32100;RAINFOREST_RESIN;9996;1;9995;28;;;10004;1;10005;28;;;10000.0;-15305.0
-1;32200;KELP;2023;28;;;;;2027;28;;;;;2025.0;-15723.0
-1;32200;RAINFOREST_RESIN;9996;1;9995;27;;;10004;1;10005;27;;;10000.0;-15305.0
-1;32300;RAINFOREST_RESIN;9995;25;;;;;10005;25;;;;;10000.0;-15305.0
-1;32300;KELP;2023;25;;;;;2026;25;;;;;2024.5;-15835.0
-1;32400;RAINFOREST_RESIN;9996;1;9995;30;;;10004;1;10005;30;;;10000.0;-15555.0
-1;32400;KELP;2023;30;;;;;2026;1;2027;30;;;2024.5;-15910.0
-1;32500;KELP;2023;21;;;;;2025;5;2027;22;;;2024.0;-15910.0
-1;32500;RAINFOREST_RESIN;9998;1;9996;1;9995;21;10004;1;10005;21;;;10001.0;-15555.0
-1;32600;KELP;2023;30;;;;;2027;30;;;;;2025.0;-15910.0
-1;32600;RAINFOREST_RESIN;10002;1;9995;30;;;10005;30;;;;;10003.5;-15555.0
-1;32700;RAINFOREST_RESIN;9996;2;9995;22;;;10004;2;10005;22;;;10000.0;-15555.0
-1;32700;KELP;2023;24;;;;;2026;2;2027;22;;;2024.5;-16030.0
-1;32800;RAINFOREST_RESIN;9996;2;9995;28;;;10004;2;10005;28;;;10000.0;-15555.0
-1;32800;KELP;2023;30;;;;;2026;2;2027;28;;;2024.5;-16036.0
-1;32900;KELP;2023;29;;;;;2026;2;2027;27;;;2024.5;-16042.0
-1;32900;RAINFOREST_RESIN;9996;2;9995;27;;;10004;2;10005;27;;;10000.0;-15555.0
-1;33000;KELP;2025;1;2023;30;;;2026;30;;;;;2025.5;-16048.0
-1;33000;RAINFOREST_RESIN;9996;2;9995;28;;;10004;2;10005;28;;;10000.0;-15555.0
-1;33100;RAINFOREST_RESIN;9996;1;9995;28;;;10004;1;10005;28;;;10000.0;-15555.0
-1;33100;KELP;2023;28;;;;;2025;3;2026;29;;;2024.0;-16048.0
-1;33200;RAINFOREST_RESIN;9996;1;9995;20;;;10002;7;10004;1;10005;20;9999.0;-15555.0
-1;33200;KELP;2023;20;;;;;2024;10;2026;1;2027;20;2023.5;-16048.0
-1;33300;KELP;2024;1;2023;20;;;2027;21;;;;;2025.5;-16048.0
-1;33300;RAINFOREST_RESIN;9996;1;9995;20;;;10004;1;10005;20;;;10000.0;-15555.0
-1;33400;KELP;2023;32;;;;;2027;32;;;;;2025.0;-16048.0
-1;33400;RAINFOREST_RESIN;9996;2;9995;30;;;10002;3;10004;2;10005;30;9999.0;-15555.0
-1;33500;RAINFOREST_RESIN;9996;1;9995;20;;;10004;1;10005;20;;;10000.0;-15555.0
-1;33500;KELP;2023;21;;;;;2026;21;;;;;2024.5;-16176.0
-1;33600;RAINFOREST_RESIN;10002;6;9995;27;;;10005;27;;;;;10003.5;-15555.0
-1;33600;KELP;2023;27;;;;;2026;27;;;;;2024.5;-16239.0
-1;33700;KELP;2023;32;;;;;2026;28;;;;;2024.5;-16320.0
-1;33700;RAINFOREST_RESIN;9996;1;9995;27;;;10002;1;10004;1;10005;27;9999.0;-15555.0
-1;33800;KELP;2024;3;2023;31;;;2026;26;;;;;2025.0;-16404.0
-1;33800;RAINFOREST_RESIN;9996;1;9995;25;;;10004;1;10005;25;;;10000.0;-15555.0
-1;33900;RAINFOREST_RESIN;9995;24;;;;;10005;24;;;;;10000.0;-15555.0
-1;33900;KELP;2023;24;;;;;2026;24;;;;;2024.5;-16410.0
-1;34000;RAINFOREST_RESIN;10002;1;9995;30;;;10005;30;;;;;10003.5;-15795.0
-1;34000;KELP;2023;29;;;;;2025;8;2026;30;;;2024.0;-16482.0
-1;34100;KELP;2023;25;;;;;2026;23;;;;;2024.5;-16498.0
-1;34100;RAINFOREST_RESIN;9996;1;9995;22;;;10004;1;10005;22;;;10000.0;-15795.0
-1;34200;KELP;2022;23;;;;;2024;1;2026;23;;;2023.0;-16567.0
-1;34200;RAINFOREST_RESIN;9995;23;;;;;10005;23;;;;;10000.0;-15795.0
-1;34300;RAINFOREST_RESIN;10002;1;9996;1;9995;22;10004;1;10005;22;;;10003.0;-16025.0
-1;34300;KELP;2022;23;;;;;2026;23;;;;;2024.0;-16567.0
-1;34400;RAINFOREST_RESIN;9996;2;9995;23;;;10004;2;10005;23;;;10000.0;-16025.0
-1;34400;KELP;2023;3;2022;25;;;2025;2;2026;23;;;2024.0;-16659.0
-1;34500;KELP;2022;30;;;;;2023;5;2024;1;2026;30;2022.5;-16659.0
-1;34500;RAINFOREST_RESIN;9995;30;;;;;10005;30;;;;;10000.0;-16025.0
-1;34600;KELP;2022;29;;;;;2023;1;2026;29;;;2022.5;-16659.0
-1;34600;RAINFOREST_RESIN;9995;29;;;;;10005;29;;;;;10000.0;-16325.0
-1;34700;RAINFOREST_RESIN;9998;6;9995;24;;;10005;24;;;;;10001.5;-16615.0
-1;34700;KELP;2023;24;;;;;2026;24;;;;;2024.5;-16659.0
-1;34800;RAINFOREST_RESIN;9996;2;9995;23;;;10004;2;10005;23;;;10000.0;-16657.0
-1;34800;KELP;2023;2;2022;23;;;2026;25;;;;;2024.5;-16731.0
-1;34900;KELP;2023;21;;;;;2026;21;;;;;2024.5;-16737.0
-1;34900;RAINFOREST_RESIN;9996;1;9995;20;;;10004;1;10005;20;;;10000.0;-16657.0
-1;35000;RAINFOREST_RESIN;10002;1;9995;20;;;10005;20;;;;;10003.5;-16657.0
-1;35000;KELP;2025;1;2023;20;;;2026;20;;;;;2025.5;-16800.0
-1;35100;KELP;2023;31;;;;;2026;31;;;;;2024.5;-16800.0
-1;35100;RAINFOREST_RESIN;10002;3;9996;2;9995;29;10004;2;10005;29;;;10003.0;-16657.0
-1;35200;RAINFOREST_RESIN;9996;2;9995;28;;;10002;10;10004;2;10005;28;9999.0;-16657.0
-1;35200;KELP;2023;33;;;;;2026;30;;;;;2024.5;-16893.0
-1;35300;KELP;2023;20;;;;;2026;28;;;;;2024.5;-16983.0
-1;35300;RAINFOREST_RESIN;9998;6;9996;1;9995;27;10004;1;10005;27;;;10001.0;-16657.0
-1;35400;RAINFOREST_RESIN;10002;3;9995;25;;;10005;25;;;;;10003.5;-16657.0
-1;35400;KELP;2025;1;2023;27;;;2026;25;;;;;2025.5;-17043.0
-1;35500;KELP;2023;28;;;;;2026;28;;;;;2024.5;-17043.0
-1;35500;RAINFOREST_RESIN;9996;2;9995;26;;;10004;2;10005;26;;;10000.0;-16657.0
-1;35600;RAINFOREST_RESIN;9995;26;;;;;10005;26;;;;;10000.0;-16657.0
-1;35600;KELP;2023;26;;;;;2026;26;;;;;2024.5;-17127.0
-1;35700;KELP;2023;29;;;;;2026;29;;;;;2024.5;-17205.0
-1;35700;RAINFOREST_RESIN;9996;2;9995;27;;;10004;2;10005;27;;;10000.0;-16917.0
-1;35800;RAINFOREST_RESIN;9998;7;9996;1;9995;30;10004;1;10005;30;;;10001.0;-16917.0
-1;35800;KELP;2023;29;;;;;2026;31;;;;;2024.5;-17292.0
-1;35900;KELP;2023;2;2022;21;;;2026;23;;;;;2024.5;-17379.0
-1;35900;RAINFOREST_RESIN;9996;2;9995;21;;;10004;2;10005;21;;;10000.0;-16917.0
-1;36000;RAINFOREST_RESIN;9995;30;;;;;10002;5;10005;30;;;9998.5;-16917.0
-1;36000;KELP;2022;30;;;;;2024;3;2026;30;;;2023.0;-17385.0
-1;36100;KELP;2022;26;;;;;2025;2;2026;24;;;2023.5;-17385.0
-1;36100;RAINFOREST_RESIN;10002;8;9996;2;9995;24;10004;2;10005;24;;;10003.0;-16952.0
-1;36200;RAINFOREST_RESIN;9996;1;9995;29;;;9998;1;10004;1;10005;29;9997.0;-16952.0
-1;36200;KELP;2022;30;;;;;2025;1;2026;29;;;2023.5;-17391.0
-1;36300;KELP;2022;22;;;;;2024;6;2025;22;;;2023.0;-17391.0
-1;36300;RAINFOREST_RESIN;9996;1;9995;21;;;10004;1;10005;21;;;10000.0;-16952.0
-1;36400;RAINFOREST_RESIN;9998;1;9996;1;9995;20;10004;1;10005;20;;;10001.0;-16952.0
-1;36400;KELP;2024;1;2023;3;2022;21;2025;1;2026;20;;;2024.5;-17403.0
-1;36500;KELP;2022;25;;;;;2023;2;2025;25;;;2022.5;-17403.0
-1;36500;RAINFOREST_RESIN;9995;25;;;;;10005;25;;;;;10000.0;-16952.0
-1;36600;RAINFOREST_RESIN;9996;1;9995;28;;;10004;1;10005;28;;;10000.0;-17202.0
-1;36600;KELP;2022;29;;;;;2025;29;;;;;2023.5;-17403.0
-1;36700;KELP;2021;21;;;;;2025;21;;;;;2023.0;-17490.0
-1;36700;RAINFOREST_RESIN;9995;21;;;;;10005;21;;;;;10000.0;-17202.0
-1;36800;RAINFOREST_RESIN;9995;30;;;;;10005;30;;;;;10000.0;-17412.0
-1;36800;KELP;2021;30;;;;;2025;30;;;;;2023.0;-17574.0
-1;36900;KELP;2021;27;;;;;2024;27;;;;;2022.5;-17694.0
-1;36900;RAINFOREST_RESIN;9996;1;9995;26;;;10004;1;10005;26;;;10000.0;-17712.0
-1;37000;RAINFOREST_RESIN;9996;2;9995;23;;;10004;2;10005;23;;;10000.0;-17712.0
-1;37000;KELP;2020;25;;;;;2024;25;;;;;2022.0;-17775.0
-1;37100;KELP;2021;27;;;;;2024;23;;;;;2022.5;-17875.0
-1;37100;RAINFOREST_RESIN;9996;2;9995;21;;;10004;2;10005;21;;;10000.0;-17712.0
-1;37200;RAINFOREST_RESIN;9996;1;9995;20;;;10004;1;10005;20;;;10000.0;-17712.0
-1;37200;KELP;2021;25;;;;;2024;21;;;;;2022.5;-17944.0
-1;37300;KELP;2022;4;2021;28;;;2024;1;2025;27;;;2023.0;-18007.0
-1;37300;RAINFOREST_RESIN;9996;1;9995;27;;;9998;10;10002;4;10004;1;9997.0;-17712.0
-1;37400;RAINFOREST_RESIN;10002;1;9998;2;9995;30;10005;30;;;;;10003.5;-17712.0
-1;37400;KELP;2021;30;;;;;2024;30;;;;;2022.5;-18007.0
-1;37500;KELP;2020;27;;;;;2024;27;;;;;2022.0;-18097.0
-1;37500;RAINFOREST_RESIN;9996;2;9995;25;;;10004;2;10005;25;;;10000.0;-17712.0
-1;37600;KELP;2020;22;;;;;2024;22;;;;;2022.0;-18205.0
-1;37600;RAINFOREST_RESIN;9995;22;;;;;10002;7;10005;22;;;9998.5;-17712.0
-1;37700;RAINFOREST_RESIN;9996;1;9995;23;;;10004;1;10005;23;;;10000.0;-17761.0
-1;37700;KELP;2020;24;;;;;2024;24;;;;;2022.0;-18293.0
-1;37800;RAINFOREST_RESIN;9995;25;;;;;10005;25;;;;;10000.0;-17761.0
-1;37800;KELP;2020;24;;;;;2024;25;;;;;2022.0;-18389.0
-1;37900;KELP;2019;25;;;;;2023;25;;;;;2021.0;-18485.0
-1;37900;RAINFOREST_RESIN;9995;25;;;;;10005;25;;;;;10000.0;-18011.0
-1;38000;KELP;2019;32;;;;;2021;4;2023;32;;;2020.0;-18585.0
-1;38000;RAINFOREST_RESIN;10002;1;9996;2;9995;30;10004;2;10005;30;;;10003.0;-18261.0
-1;38100;RAINFOREST_RESIN;9996;2;9995;26;;;10002;2;10004;2;10005;26;9999.0;-18261.0
-1;38100;KELP;2019;28;;;;;2022;2;2023;26;;;2020.5;-18585.0
-1;38200;RAINFOREST_RESIN;9996;1;9995;27;;;10004;1;10005;27;;;10000.0;-18261.0
-1;38200;KELP;2019;28;;;;;2023;28;;;;;2021.0;-18591.0
-1;38300;KELP;2019;26;;;;;2022;26;;;;;2020.5;-18703.0
-1;38300;RAINFOREST_RESIN;9998;5;9995;26;;;10005;26;;;;;10001.5;-18261.0
-1;38400;KELP;2019;24;;;;;2020;6;2022;24;;;2019.5;-18781.0
-1;38400;RAINFOREST_RESIN;9996;1;9995;23;;;10000;6;10004;1;10005;23;9998.0;-18296.0
-1;38500;RAINFOREST_RESIN;10002;1;9995;21;;;10005;21;;;;;10003.5;-18296.0
-1;38500;KELP;2019;21;;;;;2022;21;;;;;2020.5;-18781.0
-1;38600;RAINFOREST_RESIN;9996;2;9995;28;;;10004;2;10005;28;;;10000.0;-18296.0
-1;38600;KELP;2019;30;;;;;2022;30;;;;;2020.5;-18844.0
-1;38700;KELP;2019;20;;;;;2022;20;;;;;2020.5;-18934.0
-1;38700;RAINFOREST_RESIN;9995;20;;;;;10005;20;;;;;10000.0;-18296.0
-1;38800;KELP;2019;21;;;;;2020;2;2021;1;2022;21;2019.5;-18994.0
-1;38800;RAINFOREST_RESIN;9996;1;9995;20;;;10002;1;10004;1;10005;20;9999.0;-18496.0
-1;38900;RAINFOREST_RESIN;9996;2;9995;30;;;10004;2;10005;30;;;10000.0;-18496.0
-1;38900;KELP;2019;32;;;;;2021;7;2022;2;2023;30;2020.0;-18994.0
-1;39000;RAINFOREST_RESIN;9995;23;;;;;10002;9;10005;23;;;9998.5;-18496.0
-1;39000;KELP;2019;23;;;;;2023;23;;;;;2021.0;-18994.0
-1;39100;KELP;2020;25;;;;;2023;25;;;;;2021.5;-19086.0
-1;39100;RAINFOREST_RESIN;9998;8;9996;1;9995;24;10004;1;10005;24;;;10001.0;-18559.0
-1;39200;KELP;2020;30;;;;;2022;2;2023;30;;;2021.0;-19161.0
-1;39200;RAINFOREST_RESIN;9996;1;9995;29;;;10004;1;10005;29;;;10000.0;-18559.0
-1;39300;RAINFOREST_RESIN;9995;27;;;;;10005;27;;;;;10000.0;-18559.0
-1;39300;KELP;2020;27;;;;;2023;27;;;;;2021.5;-19161.0
-1;39400;RAINFOREST_RESIN;9996;1;9995;30;;;10004;1;10005;30;;;10000.0;-18829.0
-1;39400;KELP;2020;31;;;;;2022;5;2023;31;;;2021.0;-19242.0
-1;39500;KELP;2019;27;;;;;2021;3;2022;27;;;2020.0;-19252.0
-1;39500;RAINFOREST_RESIN;9995;27;;;;;9998;1;10002;2;10005;27;9996.5;-18829.0
-1;39600;KELP;2021;4;2019;23;;;2023;23;;;;;2022.0;-19252.0
-1;39600;RAINFOREST_RESIN;9995;23;;;;;10005;23;;;;;10000.0;-18829.0
-1;39700;RAINFOREST_RESIN;9996;2;9995;22;;;10004;2;10005;22;;;10000.0;-19059.0
-1;39700;KELP;2019;28;;;;;2022;2;2023;22;;;2020.5;-19260.0
-1;39800;RAINFOREST_RESIN;9996;1;9995;27;;;10004;1;10005;27;;;10000.0;-19059.0
-1;39800;KELP;2019;28;;;;;2022;1;2023;27;;;2020.5;-19266.0
-1;39900;KELP;2019;31;;;;;2022;31;;;;;2020.5;-19266.0
-1;39900;RAINFOREST_RESIN;9996;1;9995;30;;;10002;4;10004;1;10005;30;9999.0;-19059.0
-1;40000;KELP;2018;22;;;;;2022;22;;;;;2020.0;-19359.0
-1;40000;RAINFOREST_RESIN;9995;22;;;;;10005;22;;;;;10000.0;-19059.0
-1;40100;RAINFOREST_RESIN;9996;2;9995;29;;;10002;8;10004;2;10005;29;9999.0;-19279.0
-1;40100;KELP;2019;31;;;;;2022;31;;;;;2020.5;-19447.0
-1;40200;RAINFOREST_RESIN;9996;1;9995;28;;;10004;1;10005;28;;;10000.0;-19279.0
-1;40200;KELP;2019;1;2018;28;;;2022;29;;;;;2020.5;-19540.0
-1;40300;KELP;2019;22;;;;;2022;22;;;;;2020.5;-19540.0
-1;40300;RAINFOREST_RESIN;9995;22;;;;;9998;1;10005;22;;;9996.5;-19279.0
-1;40400;KELP;2018;24;;;;;2022;24;;;;;2020.0;-19606.0
-1;40400;RAINFOREST_RESIN;9996;1;9995;23;;;10004;1;10005;23;;;10000.0;-19279.0
-1;40500;RAINFOREST_RESIN;10002;1;9996;2;9995;27;10004;2;10005;27;;;10003.0;-19279.0
-1;40500;KELP;2019;1;2018;27;;;2022;29;;;;;2020.5;-19702.0
-1;40600;RAINFOREST_RESIN;9996;2;9995;24;;;10004;2;10005;24;;;10000.0;-19279.0
-1;40600;KELP;2019;4;2018;26;;;2022;26;;;;;2020.5;-19702.0
-1;40700;KELP;2018;22;;;;;2021;22;;;;;2019.5;-19714.0
-1;40700;RAINFOREST_RESIN;9998;7;9996;2;9995;20;10004;2;10005;20;;;10001.0;-19279.0
-1;40800;KELP;2018;27;;;;;2021;27;;;;;2019.5;-19780.0
-1;40800;RAINFOREST_RESIN;9995;27;;;;;10005;27;;;;;10000.0;-19279.0
-1;40900;RAINFOREST_RESIN;9998;10;9996;2;9995;26;10004;2;10005;26;;;10001.0;-19549.0
-1;40900;KELP;2017;28;;;;;2021;28;;;;;2019.0;-19861.0
-1;41000;RAINFOREST_RESIN;9995;21;;;;;10002;10;10005;21;;;9998.5;-19549.0
-1;41000;KELP;2018;20;;;;;2020;3;2021;21;;;2019.0;-19973.0
-1;41100;KELP;2018;24;;;;;2021;27;;;;;2019.5;-19973.0
-1;41100;RAINFOREST_RESIN;9995;27;;;;;10005;27;;;;;10000.0;-19619.0
-1;41200;KELP;2018;29;;;;;2021;29;;;;;2019.5;-20045.0
-1;41200;RAINFOREST_RESIN;9995;29;;;;;10005;29;;;;;10000.0;-19889.0
-1;41300;RAINFOREST_RESIN;9998;2;9996;1;9995;24;10004;1;10005;24;;;10001.0;-20179.0
-1;41300;KELP;2017;25;;;;;2019;4;2021;25;;;2018.0;-20132.0
-1;41400;RAINFOREST_RESIN;9998;5;9996;2;9995;23;10000;4;10004;2;10005;23;9999.0;-20179.0
-1;41400;KELP;2017;25;;;;;2018;4;2019;5;2020;25;2017.5;-20132.0
-1;41500;KELP;2017;22;;;;;2019;1;2021;22;;;2018.0;-20132.0
-1;41500;RAINFOREST_RESIN;9998;8;9996;2;9995;20;10004;2;10005;20;;;10001.0;-20179.0
-1;41600;KELP;2017;23;;;;;2019;7;2020;1;2021;22;2018.0;-20132.0
-1;41600;RAINFOREST_RESIN;9996;1;9995;22;;;10004;1;10005;22;;;10000.0;-20179.0
-1;41700;RAINFOREST_RESIN;10000;5;9995;21;;;10005;21;;;;;10002.5;-20179.0
-1;41700;KELP;2019;4;2017;21;;;2021;21;;;;;2020.0;-20132.0
-1;41800;RAINFOREST_RESIN;9996;2;9995;22;;;10004;2;10005;22;;;10000.0;-20204.0
-1;41800;KELP;2018;24;;;;;2021;24;;;;;2019.5;-20140.0
-1;41900;KELP;2018;22;;;;;2020;1;2021;22;;;2019.0;-20212.0
-1;41900;RAINFOREST_RESIN;9996;1;9995;21;;;9998;4;10004;1;10005;21;9997.0;-20204.0
-1;42000;KELP;2018;31;;;;;2020;5;2021;32;;;2019.0;-20212.0
-1;42000;RAINFOREST_RESIN;9996;2;9995;30;;;10004;2;10005;30;;;10000.0;-20204.0
-1;42100;RAINFOREST_RESIN;9998;8;9996;2;9995;21;10004;2;10005;21;;;10001.0;-20204.0
-1;42100;KELP;2018;23;;;;;2021;2;2022;21;;;2019.5;-20222.0
-1;42200;RAINFOREST_RESIN;10002;1;9995;28;;;10005;28;;;;;10003.5;-20204.0
-1;42200;KELP;2018;28;;;;;2022;28;;;;;2020.0;-20222.0
-1;42300;KELP;2018;20;;;;;2019;7;2020;2;2022;20;2018.5;-20334.0
-1;42300;RAINFOREST_RESIN;9995;20;;;;;10005;20;;;;;10000.0;-20204.0
-1;42400;KELP;2019;30;;;;;2022;31;;;;;2020.5;-20334.0
-1;42400;RAINFOREST_RESIN;9996;2;9995;29;;;10004;2;10005;29;;;10000.0;-20404.0
-1;42500;RAINFOREST_RESIN;9995;24;;;;;10002;3;10005;24;;;9998.5;-20404.0
-1;42500;KELP;2019;24;;;;;2022;24;;;;;2020.5;-20424.0
-1;42600;RAINFOREST_RESIN;9995;26;;;;;10005;26;;;;;10000.0;-20404.0
-1;42600;KELP;2019;26;;;;;2022;26;;;;;2020.5;-20496.0
-1;42700;KELP;2018;26;;;;;2022;26;;;;;2020.0;-20574.0
-1;42700;RAINFOREST_RESIN;9995;26;;;;;10005;26;;;;;10000.0;-20664.0
-1;42800;KELP;2019;30;;;;;2022;30;;;;;2020.5;-20678.0
-1;42800;RAINFOREST_RESIN;9995;30;;;;;10005;30;;;;;10000.0;-20924.0
-1;42900;RAINFOREST_RESIN;9995;25;;;;;10005;25;;;;;10000.0;-21224.0
-1;42900;KELP;2019;25;;;;;2022;25;;;;;2020.5;-20768.0
-1;43000;RAINFOREST_RESIN;9995;23;;;;;10005;23;;;;;10000.0;-21474.0
-1;43000;KELP;2020;2;2019;23;;;2023;23;;;;;2021.5;-20843.0
-1;43100;KELP;2020;21;;;;;2023;21;;;;;2021.5;-20849.0
-1;43100;RAINFOREST_RESIN;9995;21;;;;;10005;21;;;;;10000.0;-21704.0
-1;43200;KELP;2019;21;;;;;2023;21;;;;;2021.0;-20912.0
-1;43200;RAINFOREST_RESIN;9996;1;9995;20;;;10004;1;10005;20;;;10000.0;-21914.0
-1;43300;RAINFOREST_RESIN;9996;1;9995;24;;;10004;1;10005;24;;;10000.0;-21914.0
-1;43300;KELP;2019;25;;;;;2021;2;2023;25;;;2020.0;-20996.0
-1;43400;RAINFOREST_RESIN;9996;2;9995;22;;;10004;2;10005;22;;;10000.0;-21914.0
-1;43400;KELP;2021;4;2020;24;;;2023;24;;;;;2022.0;-20996.0
-1;43500;KELP;2020;22;;;;;2022;7;2023;23;;;2021.0;-21004.0
-1;43500;RAINFOREST_RESIN;9998;7;9995;23;;;10005;23;;;;;10001.5;-21914.0
-1;43600;KELP;2020;5;2019;21;;;2023;23;;;;;2021.5;-21018.0
-1;43600;RAINFOREST_RESIN;9996;2;9995;21;;;10002;9;10004;2;10005;21;9999.0;-21963.0
-1;43700;KELP;2020;24;;;;;2023;24;;;;;2021.5;-21033.0
-1;43700;RAINFOREST_RESIN;9996;1;9995;23;;;10004;1;10005;23;;;10000.0;-21963.0
-1;43800;RAINFOREST_RESIN;9996;2;9995;26;;;10004;2;10005;26;;;10000.0;-21963.0
-1;43800;KELP;2020;35;;;;;2023;28;;;;;2021.5;-21105.0
-1;43900;KELP;2020;36;;;;;2023;30;;;;;2021.5;-21189.0
-1;43900;RAINFOREST_RESIN;10002;4;9998;2;9996;1;10004;1;10005;29;;;10003.0;-21963.0
-1;44000;RAINFOREST_RESIN;9996;2;9995;20;;;10004;2;10005;20;;;10000.0;-21963.0
-1;44000;KELP;2020;22;;;;;2022;3;2023;22;;;2021.0;-21279.0
-1;44100;KELP;2019;24;;;;;2023;24;;;;;2021.0;-21279.0
-1;44100;RAINFOREST_RESIN;9995;24;;;;;9998;1;10002;2;10005;24;9996.5;-21963.0
-1;44200;RAINFOREST_RESIN;9995;21;;;;;10005;21;;;;;10000.0;-21963.0
-1;44200;KELP;2019;21;;;;;2023;21;;;;;2021.0;-21375.0
-1;44300;KELP;2019;27;;;;;2023;27;;;;;2021.0;-21459.0
-1;44300;RAINFOREST_RESIN;9995;27;;;;;10005;27;;;;;10000.0;-22173.0
-1;44400;RAINFOREST_RESIN;9998;7;9995;28;;;10005;28;;;;;10001.5;-22443.0
-1;44400;KELP;2018;28;;;;;2022;28;;;;;2020.0;-21567.0
-1;44500;KELP;2021;1;2019;2;2018;21;2022;21;;;;;2021.5;-21679.0
-1;44500;RAINFOREST_RESIN;9995;21;;;;;10005;21;;;;;10000.0;-22492.0
-1;44600;RAINFOREST_RESIN;9996;1;9995;23;;;10004;1;10005;23;;;10000.0;-22702.0
-1;44600;KELP;2019;24;;;;;2022;24;;;;;2020.5;-21679.0
-1;44700;KELP;2019;29;;;;;2022;29;;;;;2020.5;-21751.0
-1;44700;RAINFOREST_RESIN;9995;29;;;;;10002;10;10005;29;;;9998.5;-22702.0
-1;44800;RAINFOREST_RESIN;9995;29;;;;;9998;1;10002;10;10005;29;9996.5;-22772.0
-1;44800;KELP;2018;29;;;;;2022;29;;;;;2020.0;-21838.0
-1;44900;KELP;2019;1;2018;26;;;2022;26;;;;;2020.5;-21954.0
-1;44900;RAINFOREST_RESIN;9996;1;9995;25;;;10004;1;10005;25;;;10000.0;-22772.0
-1;45000;RAINFOREST_RESIN;10002;1;9996;2;9995;24;10004;2;10005;24;;;10003.0;-22772.0
-1;45000;KELP;2018;26;;;;;2022;26;;;;;2020.0;-21954.0
-1;45100;KELP;2019;27;;;;;2021;5;2022;27;;;2020.0;-22058.0
-1;45100;RAINFOREST_RESIN;9996;1;9995;26;;;10004;1;10005;26;;;10000.0;-22772.0
-1;45200;RAINFOREST_RESIN;9996;1;9995;28;;;10004;1;10005;28;;;10000.0;-22772.0
-1;45200;KELP;2019;29;;;;;2021;6;2022;29;;;2020.0;-22068.0
-1;45300;KELP;2018;26;;;;;2021;22;;;;;2019.5;-22080.0
-1;45300;RAINFOREST_RESIN;9995;22;;;;;10005;22;;;;;10000.0;-22772.0
-1;45400;RAINFOREST_RESIN;9996;2;9995;21;;;9998;1;10004;2;10005;21;9997.0;-22992.0
-1;45400;KELP;2018;22;;;;;2020;2;2021;23;;;2019.0;-22146.0
-1;45500;KELP;2018;25;;;;;2019;3;2021;25;;;2018.5;-22146.0
-1;45500;RAINFOREST_RESIN;9996;1;9995;24;;;10000;3;10004;1;10005;24;9998.0;-22992.0
-1;45600;RAINFOREST_RESIN;9995;26;;;;;10002;5;10005;26;;;9998.5;-22992.0
-1;45600;KELP;2018;33;;;;;2021;26;;;;;2019.5;-22146.0
-1;45700;KELP;2018;24;;;;;2021;24;;;;;2019.5;-22224.0
-1;45700;RAINFOREST_RESIN;9995;24;;;;;10005;24;;;;;10000.0;-23027.0
-1;45800;RAINFOREST_RESIN;9996;1;9995;27;;;10004;1;10005;27;;;10000.0;-23267.0
-1;45800;KELP;2018;27;;;;;2021;28;;;;;2019.5;-22296.0
-1;45900;KELP;2019;4;2018;31;;;2022;31;;;;;2020.5;-22377.0
-1;45900;RAINFOREST_RESIN;9996;1;9995;30;;;10004;1;10005;30;;;10000.0;-23267.0
-1;46000;RAINFOREST_RESIN;9996;2;9995;24;;;10004;2;10005;24;;;10000.0;-23267.0
-1;46000;KELP;2019;2;2018;24;;;2022;26;;;;;2020.5;-22389.0
-1;46100;KELP;2019;25;;;;;2022;25;;;;;2020.5;-22395.0
-1;46100;RAINFOREST_RESIN;9998;6;9996;2;9995;23;10004;2;10005;23;;;10001.0;-23267.0
-1;46200;RAINFOREST_RESIN;9998;2;9996;1;9995;27;10004;1;10005;27;;;10001.0;-23267.0
-1;46200;KELP;2018;28;;;;;2021;1;2022;27;;;2019.5;-22470.0
-1;46300;KELP;2018;29;;;;;2021;29;;;;;2019.5;-22470.0
-1;46300;RAINFOREST_RESIN;9996;2;9995;27;;;10004;2;10005;27;;;10000.0;-23267.0
-1;46400;RAINFOREST_RESIN;9995;22;;;;;10005;22;;;;;10000.0;-23267.0
-1;46400;KELP;2018;22;;;;;2022;22;;;;;2020.0;-22557.0
-1;46500;KELP;2019;6;2018;31;;;2021;31;;;;;2020.0;-22645.0
-1;46500;RAINFOREST_RESIN;10000;6;9996;1;9995;30;10004;1;10005;30;;;10002.0;-23487.0
-1;46600;KELP;2019;3;2018;28;;;2021;1;2022;27;;;2020.0;-22657.0
-1;46600;RAINFOREST_RESIN;9998;10;9996;1;9995;27;10004;1;10005;27;;;10001.0;-23487.0
-1;46700;RAINFOREST_RESIN;9995;26;;;;;10005;26;;;;;10000.0;-23487.0
-1;46700;KELP;2019;26;;;;;2022;26;;;;;2020.5;-22657.0
-1;46800;RAINFOREST_RESIN;9996;1;9995;21;;;10004;1;10005;21;;;10000.0;-23747.0
-1;46800;KELP;2019;22;;;;;2022;22;;;;;2020.5;-22735.0
-1;46900;KELP;2021;1;2019;32;;;2022;32;;;;;2021.5;-22801.0
-1;46900;RAINFOREST_RESIN;9996;2;9995;30;;;10004;2;10005;30;;;10000.0;-23747.0
-1;47000;KELP;2019;21;;;;;2022;21;;;;;2020.5;-22801.0
-1;47000;RAINFOREST_RESIN;9996;1;9995;20;;;10004;1;10005;20;;;10000.0;-23747.0
-1;47100;RAINFOREST_RESIN;9996;2;9995;24;;;9998;1;10004;2;10005;24;9997.0;-23747.0
-1;47100;KELP;2019;22;;;;;2022;26;;;;;2020.5;-22864.0
-1;47200;RAINFOREST_RESIN;10002;1;9996;2;9995;28;10004;2;10005;28;;;10003.0;-23747.0
-1;47200;KELP;2019;30;;;;;2022;30;;;;;2020.5;-22930.0
-1;47300;KELP;2019;25;;;;;2021;1;2022;25;;;2020.0;-23020.0
-1;47300;RAINFOREST_RESIN;10002;1;9998;3;9995;25;10005;25;;;;;10003.5;-23747.0
-1;47400;KELP;2019;25;;;;;2022;24;;;;;2020.5;-23020.0
-1;47400;RAINFOREST_RESIN;9995;24;;;;;10002;9;10005;24;;;9998.5;-23747.0
-1;47500;RAINFOREST_RESIN;9995;30;;;;;10002;1;10005;30;;;9998.5;-23810.0
-1;47500;KELP;2019;30;;;;;2021;6;2022;30;;;2020.0;-23092.0
-1;47600;RAINFOREST_RESIN;9996;1;9995;27;;;10004;1;10005;27;;;10000.0;-23810.0
-1;47600;KELP;2019;28;;;;;2022;28;;;;;2020.5;-23104.0
-1;47700;KELP;2019;23;;;;;2022;23;;;;;2020.5;-23188.0
-1;47700;RAINFOREST_RESIN;9996;1;9995;22;;;10002;8;10004;1;10005;22;9999.0;-23810.0
-1;47800;KELP;2019;23;;;;;2022;1;2023;22;;;2020.5;-23257.0
-1;47800;RAINFOREST_RESIN;9996;1;9995;22;;;10002;8;10004;1;10005;22;9999.0;-23810.0
-1;47900;RAINFOREST_RESIN;10002;1;9995;27;;;10005;27;;;;;10003.5;-23810.0
-1;47900;KELP;2019;27;;;;;2023;27;;;;;2021.0;-23257.0
-1;48000;RAINFOREST_RESIN;9995;27;;;;;10005;27;;;;;10000.0;-23810.0
-1;48000;KELP;2019;27;;;;;2023;27;;;;;2021.0;-23365.0
-1;48100;KELP;2019;22;;;;;2022;21;;;;;2020.5;-23473.0
-1;48100;RAINFOREST_RESIN;9995;21;;;;;10002;9;10005;21;;;9998.5;-24080.0
-1;48200;KELP;2019;25;;;;;2022;25;;;;;2020.5;-23536.0
-1;48200;RAINFOREST_RESIN;9998;5;9995;25;;;10005;25;;;;;10001.5;-24143.0
-1;48300;RAINFOREST_RESIN;9996;1;9995;28;;;9998;1;10000;5;10004;1;9997.0;-24178.0
-1;48300;KELP;2018;29;;;;;2019;5;2022;29;;;2018.5;-23611.0
-1;48400;RAINFOREST_RESIN;9995;27;;;;;10002;7;10005;27;;;9998.5;-24178.0
-1;48400;KELP;2019;1;2018;27;;;2022;27;;;;;2020.5;-23611.0
-1;48500;KELP;2019;1;2018;29;;;2022;29;;;;;2020.5;-23611.0
-1;48500;RAINFOREST_RESIN;9995;29;;;;;9998;1;10005;29;;;9996.5;-24227.0
-1;48600;KELP;2019;1;2018;29;;;2022;29;;;;;2020.5;-23611.0
-1;48600;RAINFOREST_RESIN;9996;1;9995;28;;;10004;1;10005;28;;;10000.0;-24227.0
-1;48700;RAINFOREST_RESIN;9996;1;9995;22;;;10004;1;10005;22;;;10000.0;-24227.0
-1;48700;KELP;2018;23;;;;;2022;23;;;;;2020.0;-23611.0
-1;48800;RAINFOREST_RESIN;9996;1;9995;23;;;10004;1;10005;23;;;10000.0;-24227.0
-1;48800;KELP;2019;29;;;;;2022;24;;;;;2020.5;-23703.0
-1;48900;KELP;2019;34;;;;;2022;27;;;;;2020.5;-23775.0
-1;48900;RAINFOREST_RESIN;9995;27;;;;;10005;27;;;;;10000.0;-24227.0
-1;49000;KELP;2019;39;;;;;2022;32;;;;;2020.5;-23856.0
-1;49000;RAINFOREST_RESIN;9996;2;9995;30;;;10004;2;10005;30;;;10000.0;-24497.0
-1;49100;RAINFOREST_RESIN;9996;2;9995;30;;;10004;2;10005;30;;;10000.0;-24497.0
-1;49100;KELP;2019;40;;;;;2022;32;;;;;2020.5;-23952.0
-1;49200;RAINFOREST_RESIN;9996;1;9995;20;;;10004;1;10005;20;;;10000.0;-24497.0
-1;49200;KELP;2019;21;;;;;2022;21;;;;;2020.5;-24048.0
-1;49300;KELP;2019;21;;;;;2022;22;;;;;2020.5;-24111.0
-1;49300;RAINFOREST_RESIN;9998;9;9996;1;9995;21;10004;1;10005;21;;;10001.0;-24497.0
-1;49400;KELP;2021;9;2020;5;2019;20;2022;20;;;;;2021.5;-24174.0
-1;49400;RAINFOREST_RESIN;9995;20;;;;;10005;20;;;;;10000.0;-24497.0
-1;49500;RAINFOREST_RESIN;9996;2;9995;30;;;10004;2;10005;30;;;10000.0;-24697.0
-1;49500;KELP;2019;40;;;;;2022;32;;;;;2020.5;-24174.0
-1;49600;RAINFOREST_RESIN;9995;24;;;;;10005;24;;;;;10000.0;-24697.0
-1;49600;KELP;2021;1;2019;24;;;2022;24;;;;;2021.5;-24270.0
-1;49700;KELP;2019;28;;;;;2022;28;;;;;2020.5;-24270.0
-1;49700;RAINFOREST_RESIN;9998;7;9996;2;9995;26;10004;2;10005;26;;;10001.0;-24937.0
-1;49800;KELP;2019;25;;;;;2020;5;2023;25;;;2019.5;-24354.0
-1;49800;RAINFOREST_RESIN;9996;2;9995;23;;;10004;2;10005;23;;;10000.0;-24937.0
-1;49900;RAINFOREST_RESIN;9998;3;9995;23;;;10005;23;;;;;10001.5;-24937.0
-1;49900;KELP;2019;23;;;;;2023;23;;;;;2021.0;-24354.0
-1;50000;RAINFOREST_RESIN;9996;1;9995;20;;;10004;1;10005;20;;;10000.0;-24958.0
-1;50000;KELP;2019;21;;;;;2022;1;2023;20;;;2020.5;-24446.0
-1;50100;KELP;2019;24;;;;;2021;2;2022;24;;;2020.0;-24446.0
-1;50100;RAINFOREST_RESIN;9995;24;;;;;10005;24;;;;;10000.0;-24958.0
-1;50200;KELP;2019;24;;;;;2023;24;;;;;2021.0;-24446.0
-1;50200;RAINFOREST_RESIN;9995;24;;;;;10005;24;;;;;10000.0;-25198.0
-1;50300;RAINFOREST_RESIN;9995;30;;;;;10002;10;10005;30;;;9998.5;-25438.0
-1;50300;KELP;2019;30;;;;;2023;30;;;;;2021.0;-24542.0
-1;50400;RAINFOREST_RESIN;9998;4;9996;1;9995;22;10000;2;10004;1;10005;22;9999.0;-25438.0
-1;50400;KELP;2019;23;;;;;2021;3;2023;23;;;2020.0;-24662.0
-1;50500;KELP;2019;25;;;;;2023;25;;;;;2021.0;-24662.0
-1;50500;RAINFOREST_RESIN;9996;2;9995;23;;;10004;2;10005;23;;;10000.0;-25438.0
-1;50600;KELP;2019;21;;;;;2020;6;2023;23;;;2019.5;-24762.0
-1;50600;RAINFOREST_RESIN;10002;1;9996;2;9995;21;10004;2;10005;21;;;10003.0;-25438.0
-1;50700;RAINFOREST_RESIN;9996;2;9995;22;;;10004;2;10005;22;;;10000.0;-25438.0
-1;50700;KELP;2020;24;;;;;2023;24;;;;;2021.5;-24762.0
-1;50800;RAINFOREST_RESIN;10002;5;9996;2;9995;22;10004;2;10005;22;;;10003.0;-25438.0
-1;50800;KELP;2022;1;2020;24;;;2023;24;;;;;2022.5;-24834.0
-1;50900;KELP;2020;28;;;;;2022;4;2023;28;;;2021.0;-24834.0
-1;50900;RAINFOREST_RESIN;9996;1;9995;27;;;10004;1;10005;27;;;10000.0;-25438.0
-1;51000;KELP;2020;28;;;;;2023;28;;;;;2021.5;-24842.0
-1;51000;RAINFOREST_RESIN;9996;2;9995;26;;;10004;2;10005;26;;;10000.0;-25438.0
-1;51100;RAINFOREST_RESIN;9998;6;9996;1;9995;25;10004;1;10005;25;;;10001.0;-25438.0
-1;51100;KELP;2020;26;;;;;2023;26;;;;;2021.5;-24926.0
-1;51200;RAINFOREST_RESIN;9996;2;9995;28;;;10004;2;10005;28;;;10000.0;-25438.0
-1;51200;KELP;2020;30;;;;;2023;30;;;;;2021.5;-25004.0
-1;51300;KELP;2020;25;;;;;2023;25;;;;;2021.5;-25094.0
-1;51300;RAINFOREST_RESIN;9996;1;9995;24;;;10004;1;10005;24;;;10000.0;-25438.0
-1;51400;KELP;2020;30;;;;;2023;30;;;;;2021.5;-25169.0
-1;51400;RAINFOREST_RESIN;9995;30;;;;;10002;3;10005;30;;;9998.5;-25438.0
-1;51500;RAINFOREST_RESIN;9995;30;;;;;10005;30;;;;;10000.0;-25438.0
-1;51500;KELP;2022;1;2020;30;;;2023;30;;;;;2022.5;-25259.0
-1;51600;RAINFOREST_RESIN;10000;5;9996;2;9995;22;10002;1;10004;2;10005;22;10001.0;-25738.0
-1;51600;KELP;2021;5;2020;24;;;2023;24;;;;;2022.0;-25259.0
-1;51700;KELP;2020;16;;;;;2023;20;;;;;2021.5;-25269.0
-1;51700;RAINFOREST_RESIN;9995;20;;;;;10005;20;;;;;10000.0;-25738.0
-1;51800;KELP;2020;1;2019;24;;;2023;25;;;;;2021.5;-25317.0
-1;51800;RAINFOREST_RESIN;9996;1;9995;24;;;10004;1;10005;24;;;10000.0;-25938.0
-1;51900;RAINFOREST_RESIN;9996;1;9995;23;;;10004;1;10005;23;;;10000.0;-25938.0
-1;51900;KELP;2021;4;2019;24;;;2023;24;;;;;2022.0;-25317.0
-1;52000;RAINFOREST_RESIN;9998;3;9995;29;;;10005;29;;;;;10001.5;-25938.0
-1;52000;KELP;2019;29;;;;;2021;6;2023;29;;;2020.0;-25325.0
-1;52100;KELP;2019;21;;;;;2023;21;;;;;2021.0;-25325.0
-1;52100;RAINFOREST_RESIN;9995;21;;;;;10005;21;;;;;10000.0;-25959.0
-1;52200;KELP;2019;31;;;;;2023;31;;;;;2021.0;-25409.0
-1;52200;RAINFOREST_RESIN;9996;2;9995;29;;;10004;2;10005;29;;;10000.0;-26169.0
-1;52300;RAINFOREST_RESIN;10002;1;9996;1;9995;27;10004;1;10005;27;;;10003.0;-26169.0
-1;52300;KELP;2022;1;2019;28;;;2023;28;;;;;2022.5;-25533.0
-1;52400;RAINFOREST_RESIN;9998;3;9996;1;9995;29;10004;1;10005;29;;;10001.0;-26169.0
-1;52400;KELP;2020;30;;;;;2023;30;;;;;2021.5;-25533.0
-1;52500;KELP;2022;1;2020;28;;;2023;28;;;;;2022.5;-25623.0
-1;52500;RAINFOREST_RESIN;9996;1;9995;27;;;9998;1;10004;1;10005;27;9997.0;-26169.0
-1;52600;RAINFOREST_RESIN;9998;1;9996;1;9995;22;10000;4;10004;1;10005;22;9999.0;-26169.0
-1;52600;KELP;2020;1;2019;22;;;2021;4;2023;23;;;2020.5;-25623.0
-1;52700;KELP;2019;26;;;;;2023;27;;;;;2021.0;-25623.0
-1;52700;RAINFOREST_RESIN;9996;2;9995;25;;;10004;2;10005;25;;;10000.0;-26169.0
-1;52800;RAINFOREST_RESIN;9995;26;;;;;10005;26;;;;;10000.0;-26169.0
-1;52800;KELP;2019;26;;;;;2023;26;;;;;2021.0;-25727.0
-1;52900;KELP;2020;30;;;;;2023;30;;;;;2021.5;-25831.0
-1;52900;RAINFOREST_RESIN;9995;30;;;;;10005;30;;;;;10000.0;-26429.0
-1;53000;RAINFOREST_RESIN;10002;1;9996;1;9995;20;10004;1;10005;20;;;10003.0;-26729.0
-1;53000;KELP;2020;21;;;;;2023;21;;;;;2021.5;-25921.0
-1;53100;KELP;2019;24;;;;;2023;24;;;;;2021.0;-25984.0
-1;53100;RAINFOREST_RESIN;9995;24;;;;;10005;24;;;;;10000.0;-26729.0
-1;53200;RAINFOREST_RESIN;9996;1;9995;30;;;10004;1;10005;30;;;10000.0;-26969.0
-1;53200;KELP;2022;1;2019;31;;;2023;31;;;;;2022.5;-26080.0
-1;53300;KELP;2020;29;;;;;2023;29;;;;;2021.5;-26080.0
-1;53300;RAINFOREST_RESIN;9995;29;;;;;10005;29;;;;;10000.0;-26969.0
-1;53400;RAINFOREST_RESIN;9998;6;9996;2;9995;23;10004;2;10005;23;;;10001.0;-27259.0
-1;53400;KELP;2020;25;;;;;2023;25;;;;;2021.5;-26167.0
-1;53500;KELP;2020;23;;;;;2023;23;;;;;2021.5;-26242.0
-1;53500;RAINFOREST_RESIN;9996;2;9995;21;;;10002;1;10004;2;10005;21;9999.0;-27259.0
-1;53600;RAINFOREST_RESIN;9995;24;;;;;9998;9;10005;24;;;9996.5;-27259.0
-1;53600;KELP;2020;24;;;;;2023;24;;;;;2021.5;-26311.0
-1;53700;KELP;2019;30;;;;;2023;30;;;;;2021.0;-26383.0
-1;53700;RAINFOREST_RESIN;9998;1;9995;30;;;10005;30;;;;;10001.5;-27259.0
-1;53800;RAINFOREST_RESIN;10002;3;9995;30;;;10005;30;;;;;10003.5;-27259.0
-1;53800;KELP;2019;30;;;;;2023;30;;;;;2021.0;-26503.0
-1;53900;KELP;2019;27;;;;;2023;27;;;;;2021.0;-26623.0
-1;53900;RAINFOREST_RESIN;9996;2;9995;25;;;10004;2;10005;25;;;10000.0;-27259.0
-1;54000;RAINFOREST_RESIN;9998;6;9996;1;9995;30;10004;1;10005;30;;;10001.0;-27259.0
-1;54000;KELP;2020;31;;;;;2022;1;2023;31;;;2021.0;-26731.0
-1;54100;KELP;2020;24;;;;;2022;2;2023;24;;;2021.0;-26731.0
-1;54100;RAINFOREST_RESIN;9998;2;9996;2;9995;22;10004;2;10005;22;;;10001.0;-27259.0
-1;54200;RAINFOREST_RESIN;9995;28;;;;;10005;28;;;;;10000.0;-27259.0
-1;54200;KELP;2020;28;;;;;2023;28;;;;;2021.5;-26731.0
-1;54300;KELP;2022;1;2019;25;;;2023;25;;;;;2022.5;-26815.0
-1;54300;RAINFOREST_RESIN;9996;2;9995;23;;;10004;2;10005;23;;;10000.0;-27539.0
-1;54400;RAINFOREST_RESIN;9995;29;;;;;10005;29;;;;;10000.0;-27539.0
-1;54400;KELP;2019;29;;;;;2022;29;;;;;2020.5;-26815.0
-1;54500;KELP;2019;21;;;;;2022;21;;;;;2020.5;-26902.0
-1;54500;RAINFOREST_RESIN;9996;1;9995;20;;;10004;1;10005;20;;;10000.0;-27829.0
-1;54600;RAINFOREST_RESIN;10002;3;9995;27;;;10005;27;;;;;10003.5;-27829.0
-1;54600;KELP;2019;27;;;;;2023;27;;;;;2021.0;-26965.0
-1;54700;KELP;2019;29;;;;;2020;4;2022;29;;;2019.5;-27073.0
-1;54700;RAINFOREST_RESIN;9996;2;9995;27;;;10004;2;10005;27;;;10000.0;-27829.0
-1;54800;RAINFOREST_RESIN;9998;8;9995;27;;;10005;27;;;;;10001.5;-27829.0
-1;54800;KELP;2019;27;;;;;2021;1;2022;27;;;2020.0;-27073.0
-1;54900;KELP;2019;29;;;;;2022;29;;;;;2020.5;-27073.0
-1;54900;RAINFOREST_RESIN;9996;1;9995;28;;;10002;3;10004;1;10005;28;9999.0;-27885.0
-1;55000;RAINFOREST_RESIN;9996;2;9995;28;;;10002;8;10004;2;10005;28;9999.0;-27885.0
-1;55000;KELP;2019;36;;;;;2022;30;;;;;2020.5;-27160.0
-1;55100;KELP;2019;37;;;;;2022;29;;;;;2020.5;-27250.0
-1;55100;RAINFOREST_RESIN;9995;29;;;;;10005;29;;;;;10000.0;-27885.0
-1;55200;RAINFOREST_RESIN;9996;2;9995;21;;;10004;2;10005;21;;;10000.0;-28175.0
-1;55200;KELP;2018;21;;;;;2019;3;2020;8;2022;23;2018.5;-27337.0
-1;55300;RAINFOREST_RESIN;9996;2;9995;27;;;9998;1;10002;2;10004;2;9997.0;-28175.0
-1;55300;KELP;2018;29;;;;;2022;29;;;;;2020.0;-27337.0
-1;55400;RAINFOREST_RESIN;9998;3;9996;1;9995;21;10004;1;10005;21;;;10001.0;-28175.0
-1;55400;KELP;2019;2;2018;22;;;2022;22;;;;;2020.5;-27453.0
-1;55500;KELP;2021;1;2019;4;2018;25;2022;25;;;;;2021.5;-27459.0
-1;55500;RAINFOREST_RESIN;9995;25;;;;;10002;9;10005;25;;;9998.5;-28175.0
-1;55600;KELP;2019;3;2018;26;;;2022;26;;;;;2020.5;-27459.0
-1;55600;RAINFOREST_RESIN;9995;26;;;;;10005;26;;;;;10000.0;-28238.0
-1;55700;RAINFOREST_RESIN;9996;2;9995;21;;;10004;2;10005;21;;;10000.0;-28498.0
-1;55700;KELP;2019;25;;;;;2022;23;;;;;2020.5;-27468.0
-1;55800;RAINFOREST_RESIN;9998;6;9996;1;9995;26;10004;1;10005;26;;;10001.0;-28498.0
-1;55800;KELP;2018;27;;;;;2022;27;;;;;2020.0;-27537.0
-1;55900;KELP;2018;22;;;;;2022;22;;;;;2020.0;-27645.0
-1;55900;RAINFOREST_RESIN;9995;22;;;;;10005;22;;;;;10000.0;-28498.0
-1;56000;KELP;2018;24;;;;;2019;3;2021;2;2022;22;2018.5;-27733.0
-1;56000;RAINFOREST_RESIN;9996;2;9995;22;;;10002;10;10004;2;10005;22;9999.0;-28718.0
-1;56100;RAINFOREST_RESIN;9996;2;9995;20;;;10004;2;10005;20;;;10000.0;-28718.0
-1;56100;KELP;2019;22;;;;;2022;22;;;;;2020.5;-27733.0
-1;56200;RAINFOREST_RESIN;9996;1;9995;29;;;10004;1;10005;29;;;10000.0;-28718.0
-1;56200;KELP;2020;2;2018;30;;;2022;30;;;;;2021.0;-27799.0
-1;56300;KELP;2019;6;2018;27;;;2022;27;;;;;2020.5;-27803.0
-1;56300;RAINFOREST_RESIN;10002;1;9996;2;9995;25;10004;2;10005;25;;;10003.0;-28718.0
-1;56400;KELP;2018;31;;;;;2022;31;;;;;2020.0;-27821.0
-1;56400;RAINFOREST_RESIN;9996;1;9995;30;;;10004;1;10005;30;;;10000.0;-28718.0
-1;56500;RAINFOREST_RESIN;9996;2;9995;27;;;10004;2;10005;27;;;10000.0;-28718.0
-1;56500;KELP;2018;29;;;;;2022;29;;;;;2020.0;-27945.0
-1;56600;RAINFOREST_RESIN;9996;2;9995;29;;;10002;4;10004;2;10005;29;9999.0;-28718.0
-1;56600;KELP;2019;2;2018;29;;;2022;31;;;;;2020.5;-28061.0
-1;56700;KELP;2020;6;2018;26;;;2022;26;;;;;2021.0;-28067.0
-1;56700;RAINFOREST_RESIN;9998;3;9996;2;9995;24;10000;2;10004;2;10005;24;9999.0;-28718.0
-1;56800;KELP;2018;24;;;;;2021;2;2022;22;;;2019.5;-28079.0
-1;56800;RAINFOREST_RESIN;10002;1;9998;10;9996;2;10004;2;10005;22;;;10003.0;-28718.0
-1;56900;RAINFOREST_RESIN;9996;2;9995;20;;;10004;2;10005;20;;;10000.0;-28718.0
-1;56900;KELP;2018;24;;;;;2021;22;;;;;2019.5;-28085.0
-1;57000;RAINFOREST_RESIN;9996;1;9995;27;;;10004;1;10005;27;;;10000.0;-28718.0
-1;57000;KELP;2018;28;;;;;2020;8;2021;28;;;2019.0;-28151.0
-1;57100;KELP;2017;27;;;;;2020;27;;;;;2018.5;-28167.0
-1;57100;RAINFOREST_RESIN;9996;2;9995;25;;;10004;2;10005;25;;;10000.0;-28718.0
-1;57200;KELP;2019;1;2017;27;;;2020;27;;;;;2019.5;-28248.0
-1;57200;RAINFOREST_RESIN;10002;2;9996;1;9995;26;10004;1;10005;26;;;10003.0;-28718.0
-1;57300;RAINFOREST_RESIN;9996;1;9995;26;;;10002;9;10004;1;10005;26;9999.0;-28718.0
-1;57300;KELP;2017;27;;;;;2020;27;;;;;2018.5;-28248.0
-1;57400;RAINFOREST_RESIN;9995;24;;;;;10005;24;;;;;10000.0;-28718.0
-1;57400;KELP;2017;24;;;;;2019;2;2020;24;;;2018.0;-28329.0
-1;57500;KELP;2019;5;2017;30;;;2020;25;;;;;2019.5;-28329.0
-1;57500;RAINFOREST_RESIN;9998;5;9996;2;9995;23;10004;2;10005;23;;;10001.0;-28958.0
-1;57600;KELP;2017;24;;;;;2020;24;;;;;2018.5;-28329.0
-1;57600;RAINFOREST_RESIN;9995;24;;;;;10005;24;;;;;10000.0;-28958.0
-1;57700;RAINFOREST_RESIN;9995;29;;;;;10005;29;;;;;10000.0;-29198.0
-1;57700;KELP;2017;29;;;;;2020;29;;;;;2018.5;-28401.0
-1;57800;RAINFOREST_RESIN;9998;1;9996;2;9995;29;10004;2;10005;29;;;10001.0;-29488.0
-1;57800;KELP;2017;31;;;;;2020;2;2021;29;;;2018.5;-28488.0
-1;57900;KELP;2017;27;;;;;2018;6;2019;5;2020;2;2017.5;-28494.0
-1;57900;RAINFOREST_RESIN;9996;2;9995;25;;;9998;1;10000;6;10004;2;9997.0;-29488.0
-1;58000;KELP;2017;29;;;;;2020;1;2021;24;;;2018.5;-28494.0
-1;58000;RAINFOREST_RESIN;9996;1;9995;24;;;9998;4;10004;1;10005;24;9997.0;-29488.0
-1;58100;RAINFOREST_RESIN;9995;23;;;;;10005;23;;;;;10000.0;-29488.0
-1;58100;KELP;2017;23;;;;;2020;23;;;;;2018.5;-28494.0
-1;58200;RAINFOREST_RESIN;9996;1;9995;30;;;10004;1;10005;30;;;10000.0;-29718.0
-1;58200;KELP;2017;31;;;;;2020;31;;;;;2018.5;-28563.0
-1;58300;KELP;2017;29;;;;;2020;29;;;;;2018.5;-28656.0
-1;58300;RAINFOREST_RESIN;9995;29;;;;;10005;29;;;;;10000.0;-29718.0
-1;58400;KELP;2016;23;;;;;2018;1;2019;23;;;2017.0;-28743.0
-1;58400;RAINFOREST_RESIN;9996;2;9995;21;;;10004;2;10005;21;;;10000.0;-30008.0
-1;58500;RAINFOREST_RESIN;9995;21;;;;;10002;1;10005;21;;;9998.5;-30008.0
-1;58500;KELP;2016;21;;;;;2019;21;;;;;2017.5;-28743.0
-1;58600;RAINFOREST_RESIN;10002;1;9995;25;;;10005;25;;;;;10003.5;-30008.0
-1;58600;KELP;2015;25;;;;;2017;7;2019;25;;;2016.0;-28806.0
-1;58700;KELP;2015;34;;;;;2018;32;;;;;2016.5;-28806.0
-1;58700;RAINFOREST_RESIN;9996;2;9995;30;;;10004;2;10005;30;;;10000.0;-30008.0
-1;58800;KELP;2015;29;;;;;2019;29;;;;;2017.0;-28902.0
-1;58800;RAINFOREST_RESIN;9995;29;;;;;10002;1;10005;29;;;9998.5;-30008.0
-1;58900;RAINFOREST_RESIN;9996;1;9995;24;;;10004;1;10005;24;;;10000.0;-30008.0
-1;58900;KELP;2015;25;;;;;2019;25;;;;;2017.0;-29018.0
-1;59000;RAINFOREST_RESIN;9996;2;9995;20;;;10004;2;10005;20;;;10000.0;-30008.0
-1;59000;KELP;2016;22;;;;;2019;22;;;;;2017.5;-29118.0
-1;59100;KELP;2016;34;;;;;2019;27;;;;;2017.5;-29184.0
-1;59100;RAINFOREST_RESIN;9995;27;;;;;10005;27;;;;;10000.0;-30008.0
-1;59200;KELP;2016;31;;;;;2020;31;;;;;2018.0;-29265.0
-1;59200;RAINFOREST_RESIN;9998;4;9996;2;9995;29;10004;2;10005;29;;;10001.0;-30278.0
-1;59300;RAINFOREST_RESIN;9996;1;9995;26;;;10004;1;10005;26;;;10000.0;-30278.0
-1;59300;KELP;2016;26;;;;;2018;2;2019;27;;;2017.0;-29389.0
-1;59400;RAINFOREST_RESIN;9996;1;9995;21;;;10004;1;10005;21;;;10000.0;-30278.0
-1;59400;KELP;2015;22;;;;;2019;22;;;;;2017.0;-29389.0
-1;59500;KELP;2015;23;;;;;2019;23;;;;;2017.0;-29477.0
-1;59500;RAINFOREST_RESIN;10002;5;9995;23;;;10005;23;;;;;10003.5;-30278.0
-1;59600;KELP;2016;29;;;;;2019;29;;;;;2017.5;-29569.0
-1;59600;RAINFOREST_RESIN;9996;2;9995;27;;;10004;2;10005;27;;;10000.0;-30278.0
-1;59700;RAINFOREST_RESIN;9995;21;;;;;10005;21;;;;;10000.0;-30278.0
-1;59700;KELP;2015;21;;;;;2018;21;;;;;2016.5;-29656.0
-1;59800;RAINFOREST_RESIN;9996;1;9995;24;;;10004;1;10005;24;;;10000.0;-30488.0
-1;59800;KELP;2015;25;;;;;2018;25;;;;;2016.5;-29719.0
-1;59900;KELP;2015;24;;;;;2018;24;;;;;2016.5;-29794.0
-1;59900;RAINFOREST_RESIN;9996;1;9995;23;;;10002;6;10004;1;10005;23;9999.0;-30488.0
-1;60000;KELP;2015;22;;;;;2018;22;;;;;2016.5;-29866.0
-1;60000;RAINFOREST_RESIN;9998;3;9995;22;;;10005;22;;;;;10001.5;-30488.0
-1;60100;RAINFOREST_RESIN;9996;2;9995;25;;;10004;2;10005;25;;;10000.0;-30509.0
-1;60100;KELP;2015;27;;;;;2018;27;;;;;2016.5;-29932.0
-1;60200;RAINFOREST_RESIN;9995;25;;;;;10005;25;;;;;10000.0;-30509.0
-1;60200;KELP;2016;3;2015;25;;;2018;25;;;;;2017.0;-30013.0
-1;60300;KELP;2015;28;;;;;2018;28;;;;;2016.5;-30019.0
-1;60300;RAINFOREST_RESIN;9996;1;9995;27;;;10004;1;10005;27;;;10000.0;-30509.0
-1;60400;KELP;2015;1;2014;20;;;2018;21;;;;;2016.5;-30103.0
-1;60400;RAINFOREST_RESIN;9996;1;9995;20;;;9998;1;10004;1;10005;20;9997.0;-30509.0
-1;60500;RAINFOREST_RESIN;9996;1;9995;23;;;10004;1;10005;23;;;10000.0;-30509.0
-1;60500;KELP;2015;24;;;;;2018;24;;;;;2016.5;-30103.0
-1;60600;RAINFOREST_RESIN;9996;2;9995;22;;;10004;2;10005;22;;;10000.0;-30509.0
-1;60600;KELP;2015;26;;;;;2018;24;;;;;2016.5;-30175.0
-1;60700;KELP;2015;22;;;;;2017;5;2018;22;;;2016.0;-30247.0
-1;60700;RAINFOREST_RESIN;9995;22;;;;;10005;22;;;;;10000.0;-30509.0
-1;60800;KELP;2015;31;;;;;2018;32;;;;;2016.5;-30257.0
-1;60800;RAINFOREST_RESIN;10002;10;9996;2;9995;30;10004;2;10005;30;;;10003.0;-30729.0
-1;60900;RAINFOREST_RESIN;9996;2;9995;29;;;10004;2;10005;29;;;10000.0;-30729.0
-1;60900;KELP;2015;28;;;;;2017;4;2018;31;;;2016.0;-30350.0
-1;61000;RAINFOREST_RESIN;9995;28;;;;;10005;28;;;;;10000.0;-30729.0
-1;61000;KELP;2015;28;;;;;2018;28;;;;;2016.5;-30358.0
-1;61100;KELP;2015;29;;;;;2017;3;2018;29;;;2016.0;-30442.0
-1;61100;RAINFOREST_RESIN;9995;29;;;;;10005;29;;;;;10000.0;-31009.0
-1;61200;KELP;2015;22;;;;;2016;2;2018;22;;;2015.5;-30442.0
-1;61200;RAINFOREST_RESIN;9998;9;9996;1;9995;21;10000;2;10004;1;10005;21;9999.0;-31299.0
-1;61300;RAINFOREST_RESIN;9996;1;9995;22;;;10004;1;10005;22;;;10000.0;-31299.0
-1;61300;KELP;2015;23;;;;;2018;23;;;;;2016.5;-30442.0
-1;61400;RAINFOREST_RESIN;9996;1;9995;30;;;10004;1;10005;30;;;10000.0;-31299.0
-1;61400;KELP;2015;31;;;;;2018;1;2019;30;;;2016.5;-30511.0
-1;61500;KELP;2015;29;;;;;2018;29;;;;;2016.5;-30511.0
-1;61500;RAINFOREST_RESIN;9996;2;9995;27;;;10004;2;10005;27;;;10000.0;-31299.0
-1;61600;RAINFOREST_RESIN;9996;2;9995;28;;;10004;2;10005;28;;;10000.0;-31299.0
-1;61600;KELP;2015;30;;;;;2017;5;2018;30;;;2016.0;-30598.0
-1;61700;KELP;2014;26;;;;;2016;7;2017;27;;;2015.0;-30608.0
-1;61700;RAINFOREST_RESIN;9996;1;9995;26;;;10004;1;10005;26;;;10000.0;-31299.0
-1;61800;RAINFOREST_RESIN;9995;20;;;;;10005;20;;;;;10000.0;-31299.0
-1;61800;KELP;2015;20;;;;;2018;20;;;;;2016.5;-30622.0
-1;61900;KELP;2014;26;;;;;2017;26;;;;;2015.5;-30682.0
-1;61900;RAINFOREST_RESIN;9995;26;;;;;9998;1;10005;26;;;9996.5;-31499.0
-1;62000;RAINFOREST_RESIN;9995;20;;;;;10005;20;;;;;10000.0;-31499.0
-1;62000;KELP;2016;1;2014;20;;;2017;20;;;;;2016.5;-30760.0
-1;62100;KELP;2014;25;;;;;2017;25;;;;;2015.5;-30760.0
-1;62100;RAINFOREST_RESIN;9996;2;9995;23;;;10004;2;10005;23;;;10000.0;-31699.0
-1;62200;RAINFOREST_RESIN;9995;25;;;;;10002;3;10005;25;;;9998.5;-31699.0
-1;62200;KELP;2014;25;;;;;2017;25;;;;;2015.5;-30835.0
-1;62300;KELP;2014;22;;;;;2017;22;;;;;2015.5;-30910.0
-1;62300;RAINFOREST_RESIN;9995;22;;;;;10005;22;;;;;10000.0;-31699.0
-1;62400;RAINFOREST_RESIN;9996;2;9995;23;;;10004;2;10005;23;;;10000.0;-31919.0
-1;62400;KELP;2014;25;;;;;2016;8;2018;25;;;2015.0;-30976.0
-1;62500;KELP;2015;3;2014;23;;;2018;24;;;;;2016.5;-30976.0
-1;62500;RAINFOREST_RESIN;9996;1;9995;23;;;10004;1;10005;23;;;10000.0;-31919.0
-1;62600;RAINFOREST_RESIN;9995;29;;;;;10005;29;;;;;10000.0;-31919.0
-1;62600;KELP;2015;29;;;;;2018;29;;;;;2016.5;-30985.0
-1;62700;KELP;2015;26;;;;;2018;26;;;;;2016.5;-31072.0
-1;62700;RAINFOREST_RESIN;9996;2;9995;24;;;10004;2;10005;24;;;10000.0;-32209.0
-1;62800;RAINFOREST_RESIN;9995;26;;;;;10005;26;;;;;10000.0;-32209.0
-1;62800;KELP;2015;25;;;;;2017;1;2019;26;;;2016.0;-31150.0
-1;62900;KELP;2016;29;;;;;2018;1;2019;29;;;2017.0;-31150.0
-1;62900;RAINFOREST_RESIN;9996;2;9995;27;;;9998;4;10004;2;10005;27;9997.0;-32469.0
-1;63000;RAINFOREST_RESIN;9995;29;;;;;10005;29;;;;;10000.0;-32469.0
-1;63000;KELP;2016;29;;;;;2018;4;2019;29;;;2017.0;-31150.0
-1;63100;KELP;2016;25;;;;;2020;26;;;;;2018.0;-31158.0
-1;63100;RAINFOREST_RESIN;9996;2;9995;24;;;10004;2;10005;24;;;10000.0;-32759.0
-1;63200;RAINFOREST_RESIN;9995;28;;;;;10005;28;;;;;10000.0;-32759.0
-1;63200;KELP;2016;28;;;;;2020;28;;;;;2018.0;-31258.0
-1;63300;KELP;2016;32;;;;;2019;2;2020;30;;;2017.5;-31370.0
-1;63300;RAINFOREST_RESIN;9996;2;9995;30;;;10004;2;10005;30;;;10000.0;-33039.0
-1;63400;RAINFOREST_RESIN;9996;2;9995;24;;;10004;2;10005;24;;;10000.0;-33039.0
-1;63400;KELP;2018;3;2016;26;;;2020;26;;;;;2019.0;-31376.0
-1;63500;KELP;2016;22;;;;;2019;20;;;;;2017.5;-31382.0
-1;63500;RAINFOREST_RESIN;9998;8;9995;20;;;10005;20;;;;;10001.5;-33039.0
-1;63600;RAINFOREST_RESIN;9995;21;;;;;10005;21;;;;;10000.0;-33095.0
-1;63600;KELP;2018;1;2016;21;;;2019;21;;;;;2018.5;-31442.0
-1;63700;KELP;2017;8;2016;30;;;2019;2;2020;28;;;2018.0;-31442.0
-1;63700;RAINFOREST_RESIN;9996;2;9995;28;;;10002;6;10004;2;10005;28;9999.0;-33305.0
-1;63800;RAINFOREST_RESIN;9996;1;9995;21;;;10004;1;10005;21;;;10000.0;-33305.0
-1;63800;KELP;2016;21;;;;;2018;7;2020;22;;;2017.0;-31442.0
-1;63900;KELP;2016;21;;;;;2018;6;2020;21;;;2017.0;-31442.0
-1;63900;RAINFOREST_RESIN;9995;21;;;;;10005;21;;;;;10000.0;-33305.0
-1;64000;RAINFOREST_RESIN;9998;6;9995;30;;;10005;30;;;;;10001.5;-33515.0
-1;64000;KELP;2016;30;;;;;2019;30;;;;;2017.5;-31442.0
-1;64100;KELP;2016;27;;;;;2019;27;;;;;2017.5;-31532.0
-1;64100;RAINFOREST_RESIN;9995;27;;;;;10002;6;10005;27;;;9998.5;-33557.0
-1;64200;KELP;2015;25;;;;;2018;25;;;;;2016.5;-31613.0
-1;64200;RAINFOREST_RESIN;9996;1;9995;24;;;10004;1;10005;24;;;10000.0;-33599.0
-1;64300;RAINFOREST_RESIN;9998;7;9996;1;9995;22;10004;1;10005;22;;;10001.0;-33599.0
-1;64300;KELP;2015;23;;;;;2018;23;;;;;2016.5;-31688.0
-1;64400;RAINFOREST_RESIN;9998;8;9996;2;9995;27;10004;2;10005;27;;;10001.0;-33599.0
-1;64400;KELP;2015;31;;;;;2018;29;;;;;2016.5;-31757.0
-1;64500;KELP;2015;29;;;;;2017;6;2018;29;;;2016.0;-31844.0
-1;64500;RAINFOREST_RESIN;9998;5;9996;2;9995;27;10004;2;10005;27;;;10001.0;-33599.0
-1;64600;KELP;2015;26;;;;;2018;26;;;;;2016.5;-31856.0
-1;64600;RAINFOREST_RESIN;9995;26;;;;;10005;26;;;;;10000.0;-33599.0
-1;64700;RAINFOREST_RESIN;9995;28;;;;;10005;28;;;;;10000.0;-33859.0
-1;64700;KELP;2015;28;;;;;2018;28;;;;;2016.5;-31934.0
-1;64800;RAINFOREST_RESIN;9996;2;9995;30;;;10004;2;10005;30;;;10000.0;-34139.0
-1;64800;KELP;2015;2;2014;30;;;2018;32;;;;;2016.5;-32018.0
-1;64900;KELP;2015;31;;;;;2017;3;2018;31;;;2016.0;-32024.0
-1;64900;RAINFOREST_RESIN;9996;2;9995;29;;;10004;2;10005;29;;;10000.0;-34139.0
-1;65000;KELP;2015;25;;;;;2018;25;;;;;2016.5;-32024.0
-1;65000;RAINFOREST_RESIN;9995;25;;;;;9998;1;10005;25;;;9996.5;-34139.0
-1;65100;RAINFOREST_RESIN;9996;2;9995;23;;;10004;2;10005;23;;;10000.0;-34139.0
-1;65100;KELP;2015;25;;;;;2018;25;;;;;2016.5;-32099.0
-1;65200;RAINFOREST_RESIN;9998;8;9995;29;;;10005;29;;;;;10001.5;-34139.0
-1;65200;KELP;2017;1;2015;29;;;2019;29;;;;;2018.0;-32174.0
-1;65300;KELP;2015;21;;;;;2017;2;2018;21;;;2016.0;-32174.0
-1;65300;RAINFOREST_RESIN;9995;21;;;;;10002;3;10005;21;;;9998.5;-34195.0
-1;65400;KELP;2015;28;;;;;2016;3;2018;28;;;2015.5;-32174.0
-1;65400;RAINFOREST_RESIN;9996;2;9995;26;;;10000;3;10004;2;10005;26;9998.0;-34195.0
-1;65500;RAINFOREST_RESIN;9996;2;9995;27;;;10004;2;10005;27;;;10000.0;-34195.0
-1;65500;KELP;2015;36;;;;;2018;29;;;;;2016.5;-32174.0
-1;65600;RAINFOREST_RESIN;9998;5;9995;20;;;10005;20;;;;;10001.5;-34195.0
-1;65600;KELP;2015;20;;;;;2019;20;;;;;2017.0;-32261.0
-1;65700;KELP;2014;29;;;;;2018;29;;;;;2016.0;-32341.0
-1;65700;RAINFOREST_RESIN;9995;29;;;;;10005;29;;;;;10000.0;-34230.0
-1;65800;KELP;2015;20;;;;;2017;7;2018;20;;;2016.0;-32457.0
-1;65800;RAINFOREST_RESIN;9998;9;9995;20;;;10005;20;;;;;10001.5;-34520.0
-1;65900;RAINFOREST_RESIN;9996;1;9995;23;;;10004;1;10005;23;;;10000.0;-34583.0
-1;65900;KELP;2015;29;;;;;2018;24;;;;;2016.5;-32471.0
-1;66000;RAINFOREST_RESIN;9998;4;9996;2;9995;22;10004;2;10005;22;;;10001.0;-34583.0
-1;66000;KELP;2015;24;;;;;2018;24;;;;;2016.5;-32543.0
-1;66100;KELP;2015;27;;;;;2018;27;;;;;2016.5;-32615.0
-1;66100;RAINFOREST_RESIN;9996;1;9995;26;;;9998;1;10004;1;10005;26;9997.0;-34583.0
-1;66200;KELP;2016;5;2015;20;;;2019;20;;;;;2017.5;-32696.0
-1;66200;RAINFOREST_RESIN;10002;1;10000;5;9995;20;10005;20;;;;;10003.5;-34583.0
-1;66300;RAINFOREST_RESIN;9996;1;9995;24;;;10004;1;10005;24;;;10000.0;-34583.0
-1;66300;KELP;2018;1;2016;2;2015;25;2019;25;;;;;2018.5;-32711.0
-1;66400;RAINFOREST_RESIN;9995;21;;;;;9998;3;10005;21;;;9996.5;-34583.0
-1;66400;KELP;2015;21;;;;;2019;21;;;;;2017.0;-32711.0
-1;66500;KELP;2015;22;;;;;2019;22;;;;;2017.0;-32795.0
-1;66500;RAINFOREST_RESIN;9996;2;9995;20;;;10004;2;10005;20;;;10000.0;-34583.0
-1;66600;KELP;2015;22;;;;;2017;3;2019;22;;;2016.0;-32883.0
-1;66600;RAINFOREST_RESIN;9995;22;;;;;10005;22;;;;;10000.0;-34583.0
-1;66700;RAINFOREST_RESIN;9998;9;9995;27;;;10005;27;;;;;10001.5;-34803.0
-1;66700;KELP;2014;27;;;;;2018;27;;;;;2016.0;-32883.0
-1;66800;RAINFOREST_RESIN;9995;30;;;;;10005;30;;;;;10000.0;-34866.0
-1;66800;KELP;2014;30;;;;;2018;30;;;;;2016.0;-32991.0
-1;66900;KELP;2017;1;2015;4;2014;23;2018;23;;;;;2017.5;-33111.0
-1;66900;RAINFOREST_RESIN;9998;4;9995;23;;;10005;23;;;;;10001.5;-35166.0
-1;67000;KELP;2015;25;;;;;2018;25;;;;;2016.5;-33111.0
-1;67000;RAINFOREST_RESIN;9996;1;9995;24;;;10004;1;10005;24;;;10000.0;-35194.0
-1;67100;RAINFOREST_RESIN;9995;23;;;;;10005;23;;;;;10000.0;-35194.0
-1;67100;KELP;2015;23;;;;;2018;23;;;;;2016.5;-33186.0
-1;67200;RAINFOREST_RESIN;9996;2;9995;20;;;10002;3;10004;2;10005;20;9999.0;-35424.0
-1;67200;KELP;2015;21;;;;;2018;22;;;;;2016.5;-33255.0
-1;67300;KELP;2015;31;;;;;2018;30;;;;;2016.5;-33318.0
-1;67300;RAINFOREST_RESIN;9995;30;;;;;9998;3;10005;30;;;9996.5;-35424.0
-1;67400;KELP;2015;26;;;;;2018;26;;;;;2016.5;-33408.0
-1;67400;RAINFOREST_RESIN;9998;4;9996;1;9995;25;10004;1;10005;25;;;10001.0;-35424.0
-1;67500;RAINFOREST_RESIN;9995;21;;;;;10005;21;;;;;10000.0;-35424.0
-1;67500;KELP;2015;20;;;;;2018;21;;;;;2016.5;-33486.0
-1;67600;RAINFOREST_RESIN;9996;2;9995;25;;;10004;2;10005;25;;;10000.0;-35634.0
-1;67600;KELP;2015;27;;;;;2018;27;;;;;2016.5;-33546.0
-1;67700;KELP;2015;33;;;;;2018;30;;;;;2016.5;-33627.0
-1;67700;RAINFOREST_RESIN;9996;1;9995;29;;;10004;1;10005;29;;;10000.0;-35634.0
-1;67800;KELP;2015;38;;;;;2018;30;;;;;2016.5;-33717.0
-1;67800;RAINFOREST_RESIN;9998;3;9995;30;;;10005;30;;;;;10001.5;-35634.0
-1;67900;RAINFOREST_RESIN;9995;25;;;;;10005;25;;;;;10000.0;-35655.0
-1;67900;KELP;2015;25;;;;;2018;25;;;;;2016.5;-33807.0
-1;68000;RAINFOREST_RESIN;9996;2;9995;21;;;10004;2;10005;21;;;10000.0;-35905.0
-1;68000;KELP;2015;23;;;;;2018;23;;;;;2016.5;-33882.0
-1;68100;KELP;2015;31;;;;;2017;4;2018;31;;;2016.0;-33951.0
-1;68100;RAINFOREST_RESIN;9996;2;9995;29;;;10004;2;10005;29;;;10000.0;-35905.0
-1;68200;KELP;2017;1;2015;31;;;2018;31;;;;;2017.5;-33959.0
-1;68200;RAINFOREST_RESIN;9996;2;9995;29;;;10004;2;10005;29;;;10000.0;-35905.0
-1;68300;RAINFOREST_RESIN;9996;1;9995;28;;;10004;1;10005;28;;;10000.0;-35905.0
-1;68300;KELP;2017;1;2015;29;;;2018;29;;;;;2017.5;-33959.0
-1;68400;RAINFOREST_RESIN;9996;2;9995;26;;;10004;2;10005;26;;;10000.0;-35905.0
-1;68400;KELP;2015;28;;;;;2018;28;;;;;2016.5;-33959.0
-1;68500;KELP;2015;23;;;;;2018;23;;;;;2016.5;-34043.0
-1;68500;RAINFOREST_RESIN;9995;23;;;;;10002;5;10005;23;;;9998.5;-35905.0
-1;68600;KELP;2015;24;;;;;2018;25;;;;;2016.5;-34112.0
-1;68600;RAINFOREST_RESIN;9996;1;9995;24;;;10004;1;10005;24;;;10000.0;-35940.0
-1;68700;RAINFOREST_RESIN;9996;1;9995;27;;;10004;1;10005;27;;;10000.0;-35940.0
-1;68700;KELP;2015;28;;;;;2018;28;;;;;2016.5;-34184.0
-1;68800;RAINFOREST_RESIN;9995;22;;;;;9998;1;10005;22;;;9996.5;-35940.0
-1;68800;KELP;2015;22;;;;;2018;22;;;;;2016.5;-34268.0
-1;68900;KELP;2017;1;2015;28;;;2018;28;;;;;2017.5;-34334.0
-1;68900;RAINFOREST_RESIN;9996;1;9995;27;;;10004;1;10005;27;;;10000.0;-35940.0
-1;69000;KELP;2015;30;;;;;2018;30;;;;;2016.5;-34334.0
-1;69000;RAINFOREST_RESIN;9996;2;9995;28;;;10004;2;10005;28;;;10000.0;-35940.0
-1;69100;RAINFOREST_RESIN;9998;9;9996;1;9995;30;10004;1;10005;30;;;10001.0;-35940.0
-1;69100;KELP;2015;30;;;;;2018;31;;;;;2016.5;-34424.0
-1;69200;RAINFOREST_RESIN;9996;2;9995;28;;;10004;2;10005;28;;;10000.0;-35940.0
-1;69200;KELP;2017;3;2015;30;;;2018;30;;;;;2017.5;-34514.0
-1;69300;KELP;2017;1;2015;21;;;2018;21;;;;;2017.5;-34514.0
-1;69300;RAINFOREST_RESIN;9995;21;;;;;9998;1;10005;21;;;9996.5;-35940.0
-1;69400;KELP;2015;26;;;;;2018;26;;;;;2016.5;-34514.0
-1;69400;RAINFOREST_RESIN;10002;1;9998;2;9996;1;10004;1;10005;25;;;10003.0;-35940.0
-1;69500;RAINFOREST_RESIN;9998;1;9996;2;9995;24;10004;2;10005;24;;;10001.0;-35940.0
-1;69500;KELP;2015;32;;;;;2018;26;;;;;2016.5;-34592.0
-1;69600;RAINFOREST_RESIN;9995;23;;;;;10005;23;;;;;10000.0;-35940.0
-1;69600;KELP;2015;22;;;;;2018;23;;;;;2016.5;-34670.0
-1;69700;KELP;2015;21;;;;;2018;21;;;;;2016.5;-34736.0
-1;69700;RAINFOREST_RESIN;10002;1;9996;1;9995;20;10004;1;10005;20;;;10003.0;-36170.0
-1;69800;KELP;2015;24;;;;;2018;24;;;;;2016.5;-34799.0
-1;69800;RAINFOREST_RESIN;9996;1;9995;23;;;10004;1;10005;23;;;10000.0;-36170.0
-1;69900;RAINFOREST_RESIN;9996;2;9995;27;;;10004;2;10005;27;;;10000.0;-36170.0
-1;69900;KELP;2015;29;;;;;2018;29;;;;;2016.5;-34871.0
-1;70000;RAINFOREST_RESIN;9996;2;9995;27;;;10004;2;10005;27;;;10000.0;-36170.0
-1;70000;KELP;2015;29;;;;;2018;29;;;;;2016.5;-34958.0
-1;70100;KELP;2015;23;;;;;2018;2;2019;22;;;2016.5;-35045.0
-1;70100;RAINFOREST_RESIN;9996;2;9995;22;;;10004;2;10005;22;;;10000.0;-36170.0
-1;70200;KELP;2015;22;;;;;2018;22;;;;;2016.5;-35051.0
-1;70200;RAINFOREST_RESIN;9996;1;9995;21;;;10004;1;10005;21;;;10000.0;-36170.0
-1;70300;RAINFOREST_RESIN;9996;1;9995;25;;;9998;2;10004;1;10005;25;9997.0;-36170.0
-1;70300;KELP;2015;26;;;;;2018;26;;;;;2016.5;-35117.0
-1;70400;RAINFOREST_RESIN;9995;26;;;;;10005;26;;;;;10000.0;-36170.0
-1;70400;KELP;2015;26;;;;;2017;6;2018;26;;;2016.0;-35195.0
-1;70500;KELP;2015;23;;;;;2016;3;2017;3;2018;23;2015.5;-35207.0
-1;70500;RAINFOREST_RESIN;9995;23;;;;;10000;3;10005;23;;;9997.5;-36430.0
-1;70600;RAINFOREST_RESIN;9996;1;9995;27;;;10004;1;10005;27;;;10000.0;-36430.0
-1;70600;KELP;2015;34;;;;;2018;28;;;;;2016.5;-35207.0
-1;70700;KELP;2015;26;;;;;2018;26;;;;;2016.5;-35291.0
-1;70700;RAINFOREST_RESIN;9995;26;;;;;10005;26;;;;;10000.0;-36430.0
-1;70800;RAINFOREST_RESIN;10002;1;9995;27;;;10005;27;;;;;10003.5;-36690.0
-1;70800;KELP;2015;26;;;;;2018;27;;;;;2016.5;-35369.0
-1;70900;KELP;2015;32;;;;;2018;32;;;;;2016.5;-35447.0
-1;70900;RAINFOREST_RESIN;9996;2;9995;30;;;10004;2;10005;30;;;10000.0;-36690.0
-1;71000;RAINFOREST_RESIN;9996;1;9995;29;;;10002;5;10004;1;10005;29;9999.0;-36690.0
-1;71000;KELP;2015;30;;;;;2018;30;;;;;2016.5;-35543.0
-1;71100;KELP;2015;22;;;;;2018;22;;;;;2016.5;-35633.0
-1;71100;RAINFOREST_RESIN;9998;9;9996;1;9995;21;10004;1;10005;21;;;10001.0;-36690.0
-1;71200;RAINFOREST_RESIN;10002;1;9996;1;9995;28;10004;1;10005;28;;;10003.0;-36690.0
-1;71200;KELP;2015;28;;;;;2018;29;;;;;2016.5;-35699.0
-1;71300;KELP;2015;28;;;;;2017;4;2018;28;;;2016.0;-35783.0
-1;71300;RAINFOREST_RESIN;9996;2;9995;26;;;10002;4;10004;2;10005;26;9999.0;-36690.0
-1;71400;RAINFOREST_RESIN;9996;2;9995;24;;;10002;3;10004;2;10005;24;9999.0;-36690.0
-1;71400;KELP;2015;26;;;;;2018;26;;;;;2016.5;-35791.0
-1;71500;KELP;2015;25;;;;;2018;28;;;;;2016.5;-35869.0
-1;71500;RAINFOREST_RESIN;10002;1;9996;2;9995;26;10004;2;10005;26;;;10003.0;-36690.0
-1;71600;RAINFOREST_RESIN;9996;1;9995;27;;;9998;3;10004;1;10005;27;9997.0;-36690.0
-1;71600;KELP;2014;28;;;;;2018;28;;;;;2016.0;-35944.0
-1;71700;KELP;2014;31;;;;;2016;4;2018;31;;;2015.0;-36056.0
-1;71700;RAINFOREST_RESIN;9996;2;9995;29;;;10004;2;10005;29;;;10000.0;-36690.0
-1;71800;RAINFOREST_RESIN;10002;1;9996;2;9995;25;10004;2;10005;25;;;10003.0;-36690.0
-1;71800;KELP;2014;27;;;;;2018;27;;;;;2016.0;-36056.0
-1;71900;KELP;2014;26;;;;;2018;26;;;;;2016.0;-36164.0
-1;71900;RAINFOREST_RESIN;10002;1;9996;1;9995;25;10004;1;10005;25;;;10003.0;-36690.0
-1;72000;RAINFOREST_RESIN;9996;1;9995;20;;;10004;1;10005;20;;;10000.0;-36690.0
-1;72000;KELP;2015;21;;;;;2017;6;2018;21;;;2016.0;-36268.0
-1;72100;KELP;2014;21;;;;;2016;5;2018;21;;;2015.0;-36280.0
-1;72100;RAINFOREST_RESIN;9995;21;;;;;10005;21;;;;;10000.0;-36690.0
-1;72200;RAINFOREST_RESIN;9996;2;9995;29;;;10004;2;10005;29;;;10000.0;-36900.0
-1;72200;KELP;2016;3;2014;31;;;2018;31;;;;;2017.0;-36280.0
-1;72300;KELP;2014;23;;;;;2018;23;;;;;2016.0;-36286.0
-1;72300;RAINFOREST_RESIN;9996;1;9995;22;;;10002;8;10004;1;10005;22;9999.0;-36900.0
-1;72400;RAINFOREST_RESIN;10002;1;9996;2;9995;20;10004;2;10005;20;;;10003.0;-36900.0
-1;72400;KELP;2014;22;;;;;2016;6;2018;22;;;2015.0;-36378.0
-1;72500;KELP;2014;34;;;;;2017;27;;;;;2015.5;-36378.0
-1;72500;RAINFOREST_RESIN;9996;2;9995;25;;;10004;2;10005;25;;;10000.0;-36900.0
-1;72600;RAINFOREST_RESIN;9996;2;9995;27;;;10004;2;10005;27;;;10000.0;-36900.0
-1;72600;KELP;2014;35;;;;;2015;4;2017;29;;;2014.5;-36459.0
-1;72700;KELP;2014;23;;;;;2017;23;;;;;2015.5;-36459.0
-1;72700;RAINFOREST_RESIN;9995;23;;;;;10005;23;;;;;10000.0;-36900.0
-1;72800;RAINFOREST_RESIN;9995;20;;;;;10005;20;;;;;10000.0;-37130.0
-1;72800;KELP;2014;20;;;;;2017;20;;;;;2015.5;-36528.0
-1;72900;KELP;2014;24;;;;;2017;24;;;;;2015.5;-36588.0
-1;72900;RAINFOREST_RESIN;9998;1;9996;2;9995;22;10004;2;10005;22;;;10001.0;-37330.0
-1;73000;RAINFOREST_RESIN;9996;1;9995;21;;;10002;7;10004;1;10005;21;9999.0;-37330.0
-1;73000;KELP;2014;21;;;;;2016;2;2017;22;;;2015.0;-36660.0
-1;73100;KELP;2014;31;;;;;2017;31;;;;;2015.5;-36660.0
-1;73100;RAINFOREST_RESIN;9996;2;9995;29;;;10002;3;10004;2;10005;29;9999.0;-37330.0
-1;73200;KELP;2014;21;;;;;2017;21;;;;;2015.5;-36753.0
-1;73200;RAINFOREST_RESIN;9995;21;;;;;10005;21;;;;;10000.0;-37330.0
-1;73300;RAINFOREST_RESIN;9996;1;9995;29;;;10004;1;10005;29;;;10000.0;-37540.0
-1;73300;KELP;2014;30;;;;;2017;30;;;;;2015.5;-36816.0
-1;73400;RAINFOREST_RESIN;9995;30;;;;;9998;1;10005;30;;;9996.5;-37540.0
-1;73400;KELP;2014;30;;;;;2016;4;2017;30;;;2015.0;-36906.0
-1;73500;KELP;2014;25;;;;;2017;25;;;;;2015.5;-36914.0
-1;73500;RAINFOREST_RESIN;9996;2;9995;23;;;10004;2;10005;23;;;10000.0;-37540.0
-1;73600;KELP;2014;25;;;;;2017;25;;;;;2015.5;-36989.0
-1;73600;RAINFOREST_RESIN;9996;1;9995;24;;;10004;1;10005;24;;;10000.0;-37540.0
-1;73700;RAINFOREST_RESIN;9995;24;;;;;10005;24;;;;;10000.0;-37540.0
-1;73700;KELP;2014;24;;;;;2017;24;;;;;2015.5;-37064.0
-1;73800;RAINFOREST_RESIN;9995;24;;;;;10005;24;;;;;10000.0;-37780.0
-1;73800;KELP;2014;24;;;;;2016;5;2018;24;;;2015.0;-37136.0
-1;73900;KELP;2015;27;;;;;2018;30;;;;;2016.5;-37136.0
-1;73900;RAINFOREST_RESIN;9995;30;;;;;10005;30;;;;;10000.0;-38020.0
-1;74000;KELP;2015;26;;;;;2017;3;2018;26;;;2016.0;-37217.0
-1;74000;RAINFOREST_RESIN;10002;1;9998;10;9996;2;10004;2;10005;24;;;10003.0;-38320.0
-1;74100;RAINFOREST_RESIN;10000;6;9996;2;9995;30;10004;2;10005;30;;;10002.0;-38320.0
-1;74100;KELP;2016;6;2015;32;;;2018;32;;;;;2017.0;-37217.0
-1;74200;RAINFOREST_RESIN;9996;2;9995;20;;;10002;6;10004;2;10005;20;9999.0;-38320.0
-1;74200;KELP;2015;22;;;;;2018;22;;;;;2016.5;-37229.0
-1;74300;KELP;2015;5;2014;32;;;2018;32;;;;;2016.5;-37295.0
-1;74300;RAINFOREST_RESIN;9996;2;9995;30;;;10002;6;10004;2;10005;30;9999.0;-38320.0
-1;74400;KELP;2015;30;;;;;2018;30;;;;;2016.5;-37310.0
-1;74400;RAINFOREST_RESIN;9995;30;;;;;10005;30;;;;;10000.0;-38320.0
-1;74500;RAINFOREST_RESIN;10000;3;9995;29;;;10005;29;;;;;10002.5;-38620.0
-1;74500;KELP;2016;3;2014;29;;;2018;29;;;;;2017.0;-37400.0
-1;74600;RAINFOREST_RESIN;10002;1;9998;7;9995;29;10005;29;;;;;10003.5;-38635.0
-1;74600;KELP;2014;29;;;;;2018;29;;;;;2016.0;-37406.0
-1;74700;KELP;2014;32;;;;;2018;32;;;;;2016.0;-37522.0
-1;74700;RAINFOREST_RESIN;9996;2;9995;30;;;10004;2;10005;30;;;10000.0;-38635.0
-1;74800;KELP;2014;26;;;;;2018;26;;;;;2016.0;-37650.0
-1;74800;RAINFOREST_RESIN;9998;9;9996;1;9995;25;10004;1;10005;25;;;10001.0;-38635.0
-1;74900;RAINFOREST_RESIN;10002;1;9996;1;9995;30;10004;1;10005;30;;;10003.0;-38635.0
-1;74900;KELP;2015;31;;;;;2018;31;;;;;2016.5;-37754.0
-1;75000;RAINFOREST_RESIN;9995;27;;;;;9998;1;10005;27;;;9996.5;-38635.0
-1;75000;KELP;2016;1;2014;27;;;2017;27;;;;;2016.5;-37847.0
