,day,timestamp,product,bid_price_1,bid_volume_1,bid_price_2,bid_volume_2,bid_price_3,bid_volume_3,ask_price_1,ask_volume_1,ask_price_2,ask_volume_2,ask_price_3,ask_volume_3,mid_price,profit_and_loss
2,-2,0,SQUID_INK,1998,26,,,,,2002,26,,,,,2000.0,0.0
3,-2,100,SQUID_INK,1999,5,1998.0,26.0,,,2001,20,,,,,2000.0,0.0
7,-2,200,SQUID_INK,1997,31,,,,,2000,1,2001.0,30.0,,,1998.5,0.0
11,-2,300,SQUID_INK,1997,27,,,,,2000,27,,,,,1998.5,0.0
14,-2,400,SQUID_INK,1996,20,,,,,2000,20,,,,,1998.0,0.0
15,-2,500,SQUID_INK,1999,1,1997.0,30.0,,,2000,30,,,,,1999.5,0.0
19,-2,600,SQUID_INK,1997,30,,,,,2001,30,,,,,1999.0,0.0
23,-2,700,SQUID_INK,1999,28,,,,,2002,28,,,,,2000.5,0.0
26,-2,800,SQUID_INK,2002,1,1999.0,23.0,,,2003,23,,,,,2002.5,0.0
27,-2,900,SQUID_INK,1999,2,1998.0,30.0,,,2001,30,,,,,2000.0,0.0
31,-2,1000,SQUID_INK,1999,24,,,,,2001,8,2002.0,24.0,,,2000.0,0.0
35,-2,1100,SQUID_INK,1999,25,,,,,2001,3,2002.0,26.0,,,2000.0,0.0
38,-2,1200,SQUID_INK,1998,28,,,,,2002,28,,,,,2000.0,0.0
39,-2,1300,SQUID_INK,1999,3,1998.0,23.0,,,2001,23,,,,,2000.0,0.0
43,-2,1400,SQUID_INK,1996,26,,,,,1998,2,2000.0,26.0,,,1997.0,0.0
47,-2,1500,SQUID_INK,1997,2,1996.0,25.0,,,2000,27,,,,,1998.5,0.0
50,-2,1600,SQUID_INK,1997,24,,,,,2001,24,,,,,1999.0,0.0
51,-2,1700,SQUID_INK,1998,28,,,,,2000,2,2001.0,28.0,,,1999.0,0.0
55,-2,1800,SQUID_INK,1997,24,,,,,1999,1,2001.0,24.0,,,1998.0,0.0
59,-2,1900,SQUID_INK,2001,1,1999.0,26.0,,,2002,26,,,,,2001.5,0.0
62,-2,2000,SQUID_INK,1999,31,,,,,2001,2,2002.0,31.0,,,2000.0,0.0
64,-2,2100,SQUID_INK,2001,4,1999.0,22.0,,,2002,22,,,,,2001.5,0.0
66,-2,2200,SQUID_INK,1999,26,,,,,2002,26,,,,,2000.5,0.0
71,-2,2300,SQUID_INK,1998,30,,,,,2001,30,,,,,1999.5,0.0
74,-2,2400,SQUID_INK,1999,30,,,,,2002,30,,,,,2000.5,0.0
76,-2,2500,SQUID_INK,1999,21,,,,,2003,21,,,,,2001.0,0.0
78,-2,2600,SQUID_INK,2000,28,,,,,2003,22,,,,,2001.5,0.0
83,-2,2700,SQUID_INK,2000,27,,,,,2002,4,2003.0,27.0,,,2001.0,0.0
86,-2,2800,SQUID_INK,2000,28,,,,,2003,28,,,,,2001.5,0.0
88,-2,2900,SQUID_INK,2001,30,,,,,2004,30,,,,,2002.5,0.0
90,-2,3000,SQUID_INK,2001,28,,,,,2004,28,,,,,2002.5,0.0
95,-2,3100,SQUID_INK,2002,1,2000.0,26.0,,,2003,25,,,,,2002.5,0.0
98,-2,3200,SQUID_INK,1999,28,,,,,2002,28,,,,,2000.5,0.0
100,-2,3300,SQUID_INK,1999,26,,,,,2002,20,,,,,2000.5,0.0
102,-2,3400,SQUID_INK,2000,3,1999.0,23.0,,,2003,23,,,,,2001.5,0.0
107,-2,3500,SQUID_INK,2001,1,1999.0,31.0,,,2002,31,,,,,2001.5,0.0
110,-2,3600,SQUID_INK,2000,26,,,,,2004,26,,,,,2002.0,0.0
112,-2,3700,SQUID_INK,2000,2,1999.0,25.0,,,2003,27,,,,,2001.5,0.0
114,-2,3800,SQUID_INK,2001,2,2000.0,27.0,,,2004,27,,,,,2002.5,0.0
119,-2,3900,SQUID_INK,1999,26,,,,,2001,1,2003.0,26.0,,,2000.0,0.0
122,-2,4000,SQUID_INK,2000,31,,,,,2003,27,,,,,2001.5,0.0
124,-2,4100,SQUID_INK,1999,28,,,,,2001,5,2003.0,28.0,,,2000.0,0.0
126,-2,4200,SQUID_INK,1999,24,,,,,2002,25,,,,,2000.5,0.0
131,-2,4300,SQUID_INK,1999,26,,,,,2002,26,,,,,2000.5,0.0
134,-2,4400,SQUID_INK,1998,29,,,,,2000,2,2001.0,29.0,,,1999.0,0.0
136,-2,4500,SQUID_INK,1998,30,,,,,2001,30,,,,,1999.5,0.0
138,-2,4600,SQUID_INK,1998,31,,,,,2002,31,,,,,2000.0,0.0
143,-2,4700,SQUID_INK,1996,30,,,,,1999,30,,,,,1997.5,0.0
146,-2,4800,SQUID_INK,1998,26,,,,,2001,26,,,,,1999.5,0.0
148,-2,4900,SQUID_INK,1997,2,1996.0,22.0,,,2000,24,,,,,1998.5,0.0
150,-2,5000,SQUID_INK,1997,21,,,,,1998,3,2001.0,21.0,,,1997.5,0.0
155,-2,5100,SQUID_INK,1997,31,,,,,2001,31,,,,,1999.0,0.0
158,-2,5200,SQUID_INK,1998,27,,,,,2001,27,,,,,1999.5,0.0
160,-2,5300,SQUID_INK,1998,23,,,,,2001,1,2002.0,22.0,,,1999.5,0.0
162,-2,5400,SQUID_INK,1999,30,,,,,2002,30,,,,,2000.5,0.0
167,-2,5500,SQUID_INK,2001,4,1999.0,31.0,,,2002,30,,,,,2001.5,0.0
170,-2,5600,SQUID_INK,2000,6,1998.0,32.0,,,2002,32,,,,,2001.0,0.0
172,-2,5700,SQUID_INK,1997,29,,,,,1998,4,2000.0,29.0,,,1997.5,0.0
174,-2,5800,SQUID_INK,1996,28,,,,,1999,28,,,,,1997.5,0.0
179,-2,5900,SQUID_INK,1995,29,,,,,1999,29,,,,,1997.0,0.0
182,-2,6000,SQUID_INK,1995,23,,,,,1998,23,,,,,1996.5,0.0
184,-2,6100,SQUID_INK,1995,27,,,,,1999,27,,,,,1997.0,0.0
186,-2,6200,SQUID_INK,1996,10,1995.0,23.0,,,1999,25,,,,,1997.5,0.0
191,-2,6300,SQUID_INK,1997,26,,,,,2001,26,,,,,1999.0,0.0
194,-2,6400,SQUID_INK,1999,26,,,,,2000,1,2003.0,26.0,,,1999.5,0.0
195,-2,6500,SQUID_INK,2000,22,,,,,2003,22,,,,,2001.5,0.0
198,-2,6600,SQUID_INK,1999,24,,,,,2003,25,,,,,2001.0,0.0
202,-2,6700,SQUID_INK,2001,24,,,,,2004,28,,,,,2002.5,0.0
206,-2,6800,SQUID_INK,2002,8,2001.0,24.0,,,2005,24,,,,,2003.5,0.0
207,-2,6900,SQUID_INK,2001,28,,,,,2004,28,,,,,2002.5,0.0
210,-2,7000,SQUID_INK,1999,24,,,,,2001,5,2003.0,24.0,,,2000.0,0.0
214,-2,7100,SQUID_INK,1999,26,,,,,2000,5,2003.0,26.0,,,1999.5,0.0
218,-2,7200,SQUID_INK,2000,1,1999.0,26.0,,,2003,27,,,,,2001.5,0.0
219,-2,7300,SQUID_INK,2000,27,,,,,2003,28,,,,,2001.5,0.0
222,-2,7400,SQUID_INK,2003,1,2001.0,28.0,,,2005,28,,,,,2004.0,0.0
226,-2,7500,SQUID_INK,2003,1,2002.0,25.0,,,2006,26,,,,,2004.5,0.0
230,-2,7600,SQUID_INK,2003,30,,,,,2006,30,,,,,2004.5,0.0
231,-2,7700,SQUID_INK,2002,26,,,,,2005,26,,,,,2003.5,0.0
234,-2,7800,SQUID_INK,2004,1,2002.0,22.0,,,2006,22,,,,,2005.0,0.0
238,-2,7900,SQUID_INK,2004,1,2003.0,29.0,,,2007,30,,,,,2005.5,0.0
242,-2,8000,SQUID_INK,2003,24,,,,,2006,24,,,,,2004.5,0.0
243,-2,8100,SQUID_INK,2002,21,,,,,2005,21,,,,,2003.5,0.0
246,-2,8200,SQUID_INK,2002,1,2000.0,30.0,,,2004,30,,,,,2003.0,0.0
249,-2,8300,SQUID_INK,2002,2,2001.0,29.0,,,2004,2,2005.0,27.0,,,2003.0,0.0
254,-2,8400,SQUID_INK,2002,25,,,,,2005,25,,,,,2003.5,0.0
255,-2,8500,SQUID_INK,2002,1,2001.0,23.0,,,2003,2,2005.0,24.0,,,2002.5,0.0
259,-2,8600,SQUID_INK,2003,28,,,,,2006,28,,,,,2004.5,0.0
261,-2,8700,SQUID_INK,2004,9,2003.0,8.0,2002.0,22.0,2006,24,,,,,2005.0,0.0
265,-2,8800,SQUID_INK,2004,1,2002.0,20.0,,,2005,20,,,,,2004.5,0.0
269,-2,8900,SQUID_INK,2002,28,,,,,2005,27,,,,,2003.5,0.0
272,-2,9000,SQUID_INK,2002,31,,,,,2004,7,2005.0,31.0,,,2003.0,0.0
273,-2,9100,SQUID_INK,2002,24,,,,,2006,24,,,,,2004.0,0.0
277,-2,9200,SQUID_INK,2002,28,,,,,2005,28,,,,,2003.5,0.0
281,-2,9300,SQUID_INK,2004,5,2002.0,28.0,,,2006,28,,,,,2005.0,0.0
284,-2,9400,SQUID_INK,2002,27,,,,,2004,7,2005.0,27.0,,,2003.0,0.0
285,-2,9500,SQUID_INK,2001,29,,,,,2004,25,,,,,2002.5,0.0
289,-2,9600,SQUID_INK,2002,3,2001.0,35.0,,,2004,31,,,,,2003.0,0.0
293,-2,9700,SQUID_INK,2001,30,,,,,2004,30,,,,,2002.5,0.0
296,-2,9800,SQUID_INK,2002,32,,,,,2005,25,,,,,2003.5,0.0
297,-2,9900,SQUID_INK,2002,27,,,,,2004,1,2006.0,27.0,,,2003.0,0.0
301,-2,10000,SQUID_INK,2002,31,,,,,2005,31,,,,,2003.5,0.0
305,-2,10100,SQUID_INK,2003,6,2002.0,25.0,,,2006,25,,,,,2004.5,0.0
308,-2,10200,SQUID_INK,2003,30,,,,,2007,30,,,,,2005.0,0.0
309,-2,10300,SQUID_INK,2006,1,2004.0,23.0,,,2007,23,,,,,2006.5,0.0
313,-2,10400,SQUID_INK,2004,23,,,,,2007,23,,,,,2005.5,0.0
317,-2,10500,SQUID_INK,2004,20,,,,,2008,20,,,,,2006.0,0.0
320,-2,10600,SQUID_INK,2004,30,,,,,2006,4,2007.0,30.0,,,2005.0,0.0
321,-2,10700,SQUID_INK,2004,29,,,,,2007,29,,,,,2005.5,0.0
325,-2,10800,SQUID_INK,2003,24,,,,,2006,24,,,,,2004.5,0.0
329,-2,10900,SQUID_INK,2004,22,,,,,2007,22,,,,,2005.5,0.0
332,-2,11000,SQUID_INK,2004,27,,,,,2007,27,,,,,2005.5,0.0
334,-2,11100,SQUID_INK,2004,29,,,,,2007,29,,,,,2005.5,0.0
336,-2,11200,SQUID_INK,2003,21,,,,,2006,21,,,,,2004.5,0.0
341,-2,11300,SQUID_INK,2003,22,,,,,2006,23,,,,,2004.5,0.0
344,-2,11400,SQUID_INK,2002,29,,,,,2006,30,,,,,2004.0,0.0
346,-2,11500,SQUID_INK,2003,24,,,,,2006,24,,,,,2004.5,0.0
348,-2,11600,SQUID_INK,2002,30,,,,,2005,30,,,,,2003.5,0.0
353,-2,11700,SQUID_INK,2003,23,,,,,2006,23,,,,,2004.5,0.0
356,-2,11800,SQUID_INK,2003,31,,,,,2007,31,,,,,2005.0,0.0
358,-2,11900,SQUID_INK,2004,1,2003.0,22.0,,,2007,23,,,,,2005.5,0.0
360,-2,12000,SQUID_INK,2003,28,,,,,2006,30,,,,,2004.5,0.0
365,-2,12100,SQUID_INK,2003,7,2002.0,21.0,,,2006,21,,,,,2004.5,0.0
368,-2,12200,SQUID_INK,2001,23,,,,,2004,23,,,,,2002.5,0.0
370,-2,12300,SQUID_INK,2002,28,,,,,2005,28,,,,,2003.5,0.0
372,-2,12400,SQUID_INK,2001,25,,,,,2004,25,,,,,2002.5,0.0
377,-2,12500,SQUID_INK,2002,2,2001.0,28.0,,,2005,29,,,,,2003.5,0.0
380,-2,12600,SQUID_INK,2000,27,,,,,2004,27,,,,,2002.0,0.0
382,-2,12700,SQUID_INK,2002,23,,,,,2005,23,,,,,2003.5,0.0
384,-2,12800,SQUID_INK,2001,20,,,,,2005,20,,,,,2003.0,0.0
389,-2,12900,SQUID_INK,2003,1,2001.0,20.0,,,2004,20,,,,,2003.5,0.0
392,-2,13000,SQUID_INK,2002,2,2000.0,31.0,,,2003,31,,,,,2002.5,0.0
394,-2,13100,SQUID_INK,1999,6,1998.0,1.0,1997.0,21.0,2001,22,,,,,2000.0,0.0
396,-2,13200,SQUID_INK,1995,23,,,,,1999,23,,,,,1997.0,0.0
401,-2,13300,SQUID_INK,1996,29,,,,,1999,29,,,,,1997.5,0.0
404,-2,13400,SQUID_INK,1995,28,,,,,1999,28,,,,,1997.0,0.0
406,-2,13500,SQUID_INK,1997,26,,,,,1999,4,2000.0,27.0,,,1998.0,0.0
408,-2,13600,SQUID_INK,1999,3,1998.0,24.0,,,2001,24,,,,,2000.0,0.0
413,-2,13700,SQUID_INK,1995,21,,,,,1999,21,,,,,1997.0,0.0
416,-2,13800,SQUID_INK,1995,22,,,,,1998,22,,,,,1996.5,0.0
418,-2,13900,SQUID_INK,1996,21,,,,,1999,21,,,,,1997.5,0.0
420,-2,14000,SQUID_INK,1997,25,,,,,2001,25,,,,,1999.0,0.0
425,-2,14100,SQUID_INK,1998,27,,,,,2001,27,,,,,1999.5,0.0
428,-2,14200,SQUID_INK,1995,2,1994.0,23.0,,,1998,25,,,,,1996.5,0.0
430,-2,14300,SQUID_INK,1994,24,,,,,1997,25,,,,,1995.5,0.0
432,-2,14400,SQUID_INK,1995,20,,,,,1998,20,,,,,1996.5,0.0
437,-2,14500,SQUID_INK,1996,1,1995.0,30.0,,,1999,31,,,,,1997.5,0.0
440,-2,14600,SQUID_INK,1996,21,,,,,1999,21,,,,,1997.5,0.0
442,-2,14700,SQUID_INK,1997,20,,,,,1999,4,2001.0,20.0,,,1998.0,0.0
444,-2,14800,SQUID_INK,1996,33,,,,,1999,30,,,,,1997.5,0.0
449,-2,14900,SQUID_INK,1998,1,1997.0,29.0,,,2001,29,,,,,1999.5,0.0
452,-2,15000,SQUID_INK,1998,23,,,,,2001,23,,,,,1999.5,0.0
454,-2,15100,SQUID_INK,1997,29,,,,,2001,29,,,,,1999.0,0.0
456,-2,15200,SQUID_INK,1998,28,,,,,2001,28,,,,,1999.5,0.0
461,-2,15300,SQUID_INK,1997,26,,,,,2000,26,,,,,1998.5,0.0
464,-2,15400,SQUID_INK,1996,22,,,,,1999,22,,,,,1997.5,0.0
465,-2,15500,SQUID_INK,1997,25,,,,,1999,1,2001.0,25.0,,,1998.0,0.0
468,-2,15600,SQUID_INK,1999,25,,,,,2002,25,,,,,2000.5,0.0
472,-2,15700,SQUID_INK,1997,31,,,,,2001,31,,,,,1999.0,0.0
476,-2,15800,SQUID_INK,1998,21,,,,,2001,21,,,,,1999.5,0.0
477,-2,15900,SQUID_INK,1997,26,,,,,2000,26,,,,,1998.5,0.0
480,-2,16000,SQUID_INK,1996,22,,,,,1998,8,1999.0,22.0,,,1997.0,0.0
484,-2,16100,SQUID_INK,1997,1,1995.0,27.0,,,1998,27,,,,,1997.5,0.0
488,-2,16200,SQUID_INK,1996,4,1995.0,35.0,,,1998,30,,,,,1997.0,0.0
489,-2,16300,SQUID_INK,1995,30,,,,,1998,30,,,,,1996.5,0.0
492,-2,16400,SQUID_INK,1994,29,,,,,1995,6,1997.0,29.0,,,1994.5,0.0
496,-2,16500,SQUID_INK,1994,27,,,,,1997,27,,,,,1995.5,0.0
500,-2,16600,SQUID_INK,1994,23,,,,,1998,23,,,,,1996.0,0.0
501,-2,16700,SQUID_INK,1994,24,,,,,1998,24,,,,,1996.0,0.0
504,-2,16800,SQUID_INK,1994,21,,,,,1997,21,,,,,1995.5,0.0
508,-2,16900,SQUID_INK,1994,26,,,,,1997,26,,,,,1995.5,0.0
512,-2,17000,SQUID_INK,1993,29,,,,,1997,29,,,,,1995.0,0.0
513,-2,17100,SQUID_INK,1993,25,,,,,1997,25,,,,,1995.0,0.0
517,-2,17200,SQUID_INK,1994,20,,,,,1997,30,,,,,1995.5,0.0
519,-2,17300,SQUID_INK,1995,25,,,,,1998,25,,,,,1996.5,0.0
524,-2,17400,SQUID_INK,1995,26,,,,,1999,26,,,,,1997.0,0.0
525,-2,17500,SQUID_INK,1996,3,1995.0,22.0,,,1998,1,1999.0,21.0,,,1997.0,0.0
530,-2,17600,SQUID_INK,1994,31,,,,,1998,31,,,,,1996.0,0.0
531,-2,17700,SQUID_INK,1994,28,,,,,1997,28,,,,,1995.5,0.0
535,-2,17800,SQUID_INK,1995,30,,,,,1998,30,,,,,1996.5,0.0
539,-2,17900,SQUID_INK,1994,22,,,,,1997,22,,,,,1995.5,0.0
542,-2,18000,SQUID_INK,1995,3,1994.0,30.0,,,1997,30,,,,,1996.0,0.0
543,-2,18100,SQUID_INK,1994,26,,,,,1997,27,,,,,1995.5,0.0
547,-2,18200,SQUID_INK,1994,37,,,,,1997,29,,,,,1995.5,0.0
551,-2,18300,SQUID_INK,1993,27,,,,,1995,8,1996.0,27.0,,,1994.0,0.0
554,-2,18400,SQUID_INK,1993,21,,,,,1997,21,,,,,1995.0,0.0
555,-2,18500,SQUID_INK,1993,26,,,,,1995,7,1997.0,26.0,,,1994.0,0.0
559,-2,18600,SQUID_INK,1993,30,,,,,1996,1,1997.0,30.0,,,1994.5,0.0
563,-2,18700,SQUID_INK,1995,3,1994.0,10.0,1993.0,30.0,1997,32,,,,,1996.0,0.0
566,-2,18800,SQUID_INK,1994,26,,,,,1997,26,,,,,1995.5,0.0
567,-2,18900,SQUID_INK,1994,25,,,,,1996,5,1997.0,25.0,,,1995.0,0.0
571,-2,19000,SQUID_INK,1995,24,,,,,1998,24,,,,,1996.5,0.0
575,-2,19100,SQUID_INK,1994,24,,,,,1996,8,1998.0,24.0,,,1995.0,0.0
578,-2,19200,SQUID_INK,1993,23,,,,,1996,24,,,,,1994.5,0.0
579,-2,19300,SQUID_INK,1994,31,,,,,1997,31,,,,,1995.5,0.0
583,-2,19400,SQUID_INK,1993,22,,,,,1997,23,,,,,1995.0,0.0
587,-2,19500,SQUID_INK,1994,2,1993.0,29.0,,,1997,31,,,,,1995.5,0.0
590,-2,19600,SQUID_INK,1995,22,,,,,1998,22,,,,,1996.5,0.0
591,-2,19700,SQUID_INK,1995,26,,,,,1998,26,,,,,1996.5,0.0
594,-2,19800,SQUID_INK,1995,23,,,,,1998,23,,,,,1996.5,0.0
599,-2,19900,SQUID_INK,1995,2,1994.0,24.0,,,1998,26,,,,,1996.5,0.0
602,-2,20000,SQUID_INK,1994,28,,,,,1998,28,,,,,1996.0,0.0
604,-2,20100,SQUID_INK,1994,30,,,,,1996,7,1997.0,30.0,,,1995.0,0.0
606,-2,20200,SQUID_INK,1995,29,,,,,1998,28,,,,,1996.5,0.0
611,-2,20300,SQUID_INK,1996,1,1994.0,26.0,,,1997,25,,,,,1996.5,0.0
614,-2,20400,SQUID_INK,1993,25,,,,,1997,25,,,,,1995.0,0.0
616,-2,20500,SQUID_INK,1993,25,,,,,1995,7,1996.0,1.0,1997.0,24.0,1994.0,0.0
618,-2,20600,SQUID_INK,1994,21,,,,,1997,21,,,,,1995.5,0.0
623,-2,20700,SQUID_INK,1995,23,,,,,1998,1,1999.0,22.0,,,1996.5,0.0
626,-2,20800,SQUID_INK,1995,7,1994.0,21.0,,,1998,23,,,,,1996.5,0.0
628,-2,20900,SQUID_INK,1993,30,,,,,1997,30,,,,,1995.0,0.0
630,-2,21000,SQUID_INK,1992,29,,,,,1995,29,,,,,1993.5,0.0
635,-2,21100,SQUID_INK,1992,23,,,,,1995,23,,,,,1993.5,0.0
638,-2,21200,SQUID_INK,1991,28,,,,,1994,28,,,,,1992.5,0.0
640,-2,21300,SQUID_INK,1992,2,1991.0,27.0,,,1995,29,,,,,1993.5,0.0
642,-2,21400,SQUID_INK,1991,23,,,,,1993,6,1995.0,23.0,,,1992.0,0.0
647,-2,21500,SQUID_INK,1992,26,,,,,1995,26,,,,,1993.5,0.0
650,-2,21600,SQUID_INK,1991,23,,,,,1993,8,1994.0,23.0,,,1992.0,0.0
652,-2,21700,SQUID_INK,1990,22,,,,,1993,22,,,,,1991.5,0.0
654,-2,21800,SQUID_INK,1991,27,,,,,1993,5,1994.0,27.0,,,1992.0,0.0
659,-2,21900,SQUID_INK,1990,21,,,,,1994,21,,,,,1992.0,0.0
662,-2,22000,SQUID_INK,1990,24,,,,,1994,24,,,,,1992.0,0.0
664,-2,22100,SQUID_INK,1992,2,1991.0,26.0,,,1995,26,,,,,1993.5,0.0
666,-2,22200,SQUID_INK,1991,27,,,,,1995,27,,,,,1993.0,0.0
671,-2,22300,SQUID_INK,1991,27,,,,,1992,1,1995.0,27.0,,,1991.5,0.0
674,-2,22400,SQUID_INK,1995,1,1993.0,29.0,,,1996,29,,,,,1995.5,0.0
676,-2,22500,SQUID_INK,1994,5,1993.0,29.0,,,1997,30,,,,,1995.5,0.0
678,-2,22600,SQUID_INK,1994,20,,,,,1996,7,1997.0,22.0,,,1995.0,0.0
683,-2,22700,SQUID_INK,1994,35,,,,,1997,27,,,,,1995.5,0.0
686,-2,22800,SQUID_INK,1994,22,,,,,1997,22,,,,,1995.5,0.0
688,-2,22900,SQUID_INK,1994,22,,,,,1995,2,1998.0,22.0,,,1994.5,0.0
690,-2,23000,SQUID_INK,1994,26,,,,,1997,26,,,,,1995.5,0.0
695,-2,23100,SQUID_INK,1994,22,,,,,1996,2,1997.0,1.0,1998.0,21.0,1995.0,0.0
698,-2,23200,SQUID_INK,1995,29,,,,,1998,29,,,,,1996.5,0.0
700,-2,23300,SQUID_INK,1996,4,1995.0,27.0,,,1998,22,,,,,1997.0,0.0
702,-2,23400,SQUID_INK,1994,21,,,,,1998,21,,,,,1996.0,0.0
707,-2,23500,SQUID_INK,1994,22,,,,,1997,22,,,,,1995.5,0.0
710,-2,23600,SQUID_INK,1995,4,1994.0,23.0,,,1997,1,1998.0,22.0,,,1996.0,0.0
712,-2,23700,SQUID_INK,1995,27,,,,,1997,1,1998.0,27.0,,,1996.0,0.0
714,-2,23800,SQUID_INK,1994,2,1993.0,27.0,,,1997,29,,,,,1995.5,0.0
719,-2,23900,SQUID_INK,1992,23,,,,,1996,23,,,,,1994.0,0.0
722,-2,24000,SQUID_INK,1994,2,1992.0,26.0,,,1995,26,,,,,1994.5,0.0
724,-2,24100,SQUID_INK,1993,31,,,,,1996,31,,,,,1994.5,0.0
726,-2,24200,SQUID_INK,1992,32,,,,,1994,5,1995.0,2.0,1996.0,30.0,1993.0,0.0
730,-2,24300,SQUID_INK,1992,29,,,,,1996,29,,,,,1994.0,0.0
734,-2,24400,SQUID_INK,1992,33,,,,,1995,29,,,,,1993.5,0.0
735,-2,24500,SQUID_INK,1994,1,1992.0,22.0,,,1995,22,,,,,1994.5,0.0
738,-2,24600,SQUID_INK,1991,30,,,,,1994,30,,,,,1992.5,0.0
742,-2,24700,SQUID_INK,1990,27,,,,,1992,8,1994.0,27.0,,,1991.0,0.0
746,-2,24800,SQUID_INK,1989,23,,,,,1993,23,,,,,1991.0,0.0
747,-2,24900,SQUID_INK,1989,28,,,,,1992,2,1993.0,26.0,,,1990.5,0.0
750,-2,25000,SQUID_INK,1989,24,,,,,1993,24,,,,,1991.0,0.0
754,-2,25100,SQUID_INK,1992,1,1989.0,24.0,,,1993,24,,,,,1992.5,0.0
758,-2,25200,SQUID_INK,1989,26,,,,,1992,1,1993.0,25.0,,,1990.5,0.0
759,-2,25300,SQUID_INK,1991,23,,,,,1993,2,1995.0,23.0,,,1992.0,0.0
762,-2,25400,SQUID_INK,1993,22,,,,,1996,22,,,,,1994.5,0.0
766,-2,25500,SQUID_INK,1992,31,,,,,1995,31,,,,,1993.5,0.0
770,-2,25600,SQUID_INK,1991,31,,,,,1993,5,1995.0,31.0,,,1992.0,0.0
771,-2,25700,SQUID_INK,1992,30,,,,,1995,30,,,,,1993.5,0.0
774,-2,25800,SQUID_INK,1992,3,1991.0,24.0,,,1995,24,,,,,1993.5,0.0
778,-2,25900,SQUID_INK,1991,25,,,,,1993,1,1994.0,25.0,,,1992.0,0.0
782,-2,26000,SQUID_INK,1992,2,1991.0,24.0,,,1995,26,,,,,1993.5,0.0
783,-2,26100,SQUID_INK,1991,23,,,,,1995,23,,,,,1993.0,0.0
787,-2,26200,SQUID_INK,1992,1,1990.0,30.0,,,1993,30,,,,,1992.5,0.0
789,-2,26300,SQUID_INK,1992,27,,,,,1994,1,1995.0,28.0,,,1993.0,0.0
794,-2,26400,SQUID_INK,1991,23,,,,,1995,24,,,,,1993.0,0.0
797,-2,26500,SQUID_INK,1991,26,,,,,1994,26,,,,,1992.5,0.0
800,-2,26600,SQUID_INK,1992,23,,,,,1995,23,,,,,1993.5,0.0
801,-2,26700,SQUID_INK,1995,2,1994.0,23.0,,,1996,3,1997.0,23.0,,,1995.5,0.0
805,-2,26800,SQUID_INK,1996,1,1994.0,22.0,,,1997,22,,,,,1996.5,0.0
809,-2,26900,SQUID_INK,1994,26,,,,,1997,26,,,,,1995.5,0.0
812,-2,27000,SQUID_INK,1992,17,,,,,1995,21,,,,,1993.5,0.0
813,-2,27100,SQUID_INK,1991,30,,,,,1995,30,,,,,1993.0,0.0
817,-2,27200,SQUID_INK,1991,27,,,,,1993,4,1994.0,28.0,,,1992.0,0.0
821,-2,27300,SQUID_INK,1991,30,,,,,1995,30,,,,,1993.0,0.0
824,-2,27400,SQUID_INK,1992,23,,,,,1993,6,1995.0,23.0,,,1992.5,0.0
825,-2,27500,SQUID_INK,1992,28,,,,,1995,28,,,,,1993.5,0.0
829,-2,27600,SQUID_INK,1992,30,,,,,1994,1,1995.0,30.0,,,1993.0,0.0
833,-2,27700,SQUID_INK,1993,3,1992.0,27.0,,,1995,27,,,,,1994.0,0.0
836,-2,27800,SQUID_INK,1993,24,,,,,1996,24,,,,,1994.5,0.0
837,-2,27900,SQUID_INK,1992,23,,,,,1995,23,,,,,1993.5,0.0
841,-2,28000,SQUID_INK,1993,29,,,,,1996,29,,,,,1994.5,0.0
845,-2,28100,SQUID_INK,1993,24,,,,,1994,5,1996.0,24.0,,,1993.5,0.0
848,-2,28200,SQUID_INK,1994,3,1993.0,23.0,,,1997,25,,,,,1995.5,0.0
849,-2,28300,SQUID_INK,1992,27,,,,,1994,7,1996.0,27.0,,,1993.0,0.0
853,-2,28400,SQUID_INK,1992,25,,,,,1996,25,,,,,1994.0,0.0
857,-2,28500,SQUID_INK,1992,27,,,,,1996,27,,,,,1994.0,0.0
860,-2,28600,SQUID_INK,1992,26,,,,,1995,2,1996.0,24.0,,,1993.5,0.0
862,-2,28700,SQUID_INK,1993,34,,,,,1996,32,,,,,1994.5,0.0
864,-2,28800,SQUID_INK,1995,1,1993.0,29.0,,,1996,29,,,,,1995.5,0.0
869,-2,28900,SQUID_INK,1993,22,,,,,1996,22,,,,,1994.5,0.0
872,-2,29000,SQUID_INK,1992,26,,,,,1995,26,,,,,1993.5,0.0
874,-2,29100,SQUID_INK,1992,30,,,,,1995,22,,,,,1993.5,0.0
876,-2,29200,SQUID_INK,1994,2,1992.0,30.0,,,1995,30,,,,,1994.5,0.0
881,-2,29300,SQUID_INK,1993,3,1992.0,23.0,,,1996,23,,,,,1994.5,0.0
884,-2,29400,SQUID_INK,1991,25,,,,,1995,25,,,,,1993.0,0.0
886,-2,29500,SQUID_INK,1990,31,,,,,1993,31,,,,,1991.5,0.0
888,-2,29600,SQUID_INK,1990,24,,,,,1994,24,,,,,1992.0,0.0
893,-2,29700,SQUID_INK,1990,1,1989.0,29.0,,,1993,30,,,,,1991.5,0.0
896,-2,29800,SQUID_INK,1989,22,,,,,1992,2,1993.0,20.0,,,1990.5,0.0
898,-2,29900,SQUID_INK,1989,29,,,,,1991,1,1993.0,29.0,,,1990.0,0.0
900,-2,30000,SQUID_INK,1987,28,,,,,1990,28,,,,,1988.5,0.0
905,-2,30100,SQUID_INK,1987,6,1986.0,7.0,1985.0,21.0,1989,21,,,,,1988.0,0.0
908,-2,30200,SQUID_INK,1986,28,,,,,1989,28,,,,,1987.5,0.0
910,-2,30300,SQUID_INK,1988,1,1986.0,32.0,,,1989,30,,,,,1988.5,0.0
912,-2,30400,SQUID_INK,1986,29,,,,,1989,30,,,,,1987.5,0.0
917,-2,30500,SQUID_INK,1985,20,,,,,1989,20,,,,,1987.0,0.0
920,-2,30600,SQUID_INK,1985,30,,,,,1989,30,,,,,1987.0,0.0
922,-2,30700,SQUID_INK,1985,25,,,,,1989,25,,,,,1987.0,0.0
924,-2,30800,SQUID_INK,1984,30,,,,,1988,30,,,,,1986.0,0.0
928,-2,30900,SQUID_INK,1984,28,,,,,1987,29,,,,,1985.5,0.0
932,-2,31000,SQUID_INK,1985,2,1984.0,28.0,,,1986,2,1988.0,30.0,,,1985.5,0.0
934,-2,31100,SQUID_INK,1985,25,,,,,1987,4,1989.0,25.0,,,1986.0,0.0
936,-2,31200,SQUID_INK,1983,20,,,,,1985,1,1986.0,26.0,,,1984.0,0.0
941,-2,31300,SQUID_INK,1984,1,1982.0,23.0,,,1985,1,1986.0,22.0,,,1984.5,0.0
944,-2,31400,SQUID_INK,1983,26,,,,,1986,2,1987.0,24.0,,,1984.5,0.0
946,-2,31500,SQUID_INK,1983,32,,,,,1986,32,,,,,1984.5,0.0
948,-2,31600,SQUID_INK,1983,24,,,,,1986,24,,,,,1984.5,0.0
953,-2,31700,SQUID_INK,1984,1,1982.0,34.0,,,1985,26,,,,,1984.5,0.0
956,-2,31800,SQUID_INK,1984,25,,,,,1987,25,,,,,1985.5,0.0
958,-2,31900,SQUID_INK,1984,30,,,,,1987,30,,,,,1985.5,0.0
960,-2,32000,SQUID_INK,1986,21,,,,,1988,8,1989.0,22.0,,,1987.0,0.0
965,-2,32100,SQUID_INK,1986,22,,,,,1988,4,1989.0,23.0,,,1987.0,0.0
968,-2,32200,SQUID_INK,1986,31,,,,,1989,1,1990.0,30.0,,,1987.5,0.0
970,-2,32300,SQUID_INK,1988,1,1987.0,3.0,1986.0,2.0,1989,22,,,,,1988.5,0.0
972,-2,32400,SQUID_INK,1987,30,,,,,1991,30,,,,,1989.0,0.0
977,-2,32500,SQUID_INK,1989,22,,,,,1991,1,1993.0,22.0,,,1990.0,0.0
980,-2,32600,SQUID_INK,1989,23,,,,,1993,23,,,,,1991.0,0.0
982,-2,32700,SQUID_INK,1992,1,1990.0,31.0,,,1994,31,,,,,1993.0,0.0
984,-2,32800,SQUID_INK,1989,26,,,,,1990,5,1992.0,26.0,,,1989.5,0.0
989,-2,32900,SQUID_INK,1989,32,,,,,1992,32,,,,,1990.5,0.0
992,-2,33000,SQUID_INK,1990,30,,,,,1993,26,,,,,1991.5,0.0
994,-2,33100,SQUID_INK,1991,35,,,,,1994,27,,,,,1992.5,0.0
996,-2,33200,SQUID_INK,1991,4,1990.0,21.0,,,1994,21,,,,,1992.5,0.0
1000,-2,33300,SQUID_INK,1990,24,,,,,1991,6,1994.0,26.0,,,1990.5,0.0
1004,-2,33400,SQUID_INK,1990,30,,,,,1993,30,,,,,1991.5,0.0
1005,-2,33500,SQUID_INK,1990,28,,,,,1994,28,,,,,1992.0,0.0
1008,-2,33600,SQUID_INK,1990,26,,,,,1993,26,,,,,1991.5,0.0
1012,-2,33700,SQUID_INK,1991,25,,,,,1994,25,,,,,1992.5,0.0
1016,-2,33800,SQUID_INK,1993,5,1992.0,20.0,,,1996,20,,,,,1994.5,0.0
1017,-2,33900,SQUID_INK,1995,1,1993.0,21.0,,,1996,21,,,,,1995.5,0.0
1020,-2,34000,SQUID_INK,1995,1,1993.0,26.0,,,1997,26,,,,,1996.0,0.0
1024,-2,34100,SQUID_INK,1992,23,,,,,1995,23,,,,,1993.5,0.0
1028,-2,34200,SQUID_INK,1992,23,,,,,1996,23,,,,,1994.0,0.0
1029,-2,34300,SQUID_INK,1993,29,,,,,1996,29,,,,,1994.5,0.0
1032,-2,34400,SQUID_INK,1994,31,,,,,1997,31,,,,,1995.5,0.0
1036,-2,34500,SQUID_INK,1993,28,,,,,1996,25,,,,,1994.5,0.0
1040,-2,34600,SQUID_INK,1992,28,,,,,1995,28,,,,,1993.5,0.0
1041,-2,34700,SQUID_INK,1992,34,,,,,1995,31,,,,,1993.5,0.0
1044,-2,34800,SQUID_INK,1991,23,,,,,1993,4,1994.0,23.0,,,1992.0,0.0
1047,-2,34900,SQUID_INK,1990,26,,,,,1994,27,,,,,1992.0,0.0
1052,-2,35000,SQUID_INK,1991,17,,,,,1994,21,,,,,1992.5,0.0
1053,-2,35100,SQUID_INK,1991,24,,,,,1995,24,,,,,1993.0,0.0
1057,-2,35200,SQUID_INK,1991,26,,,,,1993,5,1994.0,26.0,,,1992.0,0.0
1059,-2,35300,SQUID_INK,1993,6,1992.0,21.0,,,1996,21,,,,,1994.5,0.0
1063,-2,35400,SQUID_INK,1993,3,1992.0,22.0,,,1996,22,,,,,1994.5,0.0
1067,-2,35500,SQUID_INK,1991,23,,,,,1994,23,,,,,1992.5,0.0
1070,-2,35600,SQUID_INK,1990,27,,,,,1993,27,,,,,1991.5,0.0
1071,-2,35700,SQUID_INK,1990,24,,,,,1993,1,1994.0,24.0,,,1991.5,0.0
1075,-2,35800,SQUID_INK,1991,33,,,,,1994,27,,,,,1992.5,0.0
1079,-2,35900,SQUID_INK,1990,23,,,,,1994,23,,,,,1992.0,0.0
1082,-2,36000,SQUID_INK,1991,28,,,,,1994,28,,,,,1992.5,0.0
1083,-2,36100,SQUID_INK,1992,4,1990.0,29.0,,,1993,29,,,,,1992.5,0.0
1087,-2,36200,SQUID_INK,1990,27,,,,,1993,30,,,,,1991.5,0.0
1091,-2,36300,SQUID_INK,1989,25,,,,,1992,25,,,,,1990.5,0.0
1094,-2,36400,SQUID_INK,1991,31,,,,,1994,31,,,,,1992.5,0.0
1095,-2,36500,SQUID_INK,1991,24,,,,,1993,4,1994.0,24.0,,,1992.0,0.0
1099,-2,36600,SQUID_INK,1991,29,,,,,1995,29,,,,,1993.0,0.0
1103,-2,36700,SQUID_INK,1991,32,,,,,1995,32,,,,,1993.0,0.0
1106,-2,36800,SQUID_INK,1991,2,1989.0,24.0,,,1993,24,,,,,1992.0,0.0
1107,-2,36900,SQUID_INK,1989,23,,,,,1993,23,,,,,1991.0,0.0
1111,-2,37000,SQUID_INK,1989,28,,,,,1992,28,,,,,1990.5,0.0
1115,-2,37100,SQUID_INK,1989,20,,,,,1993,20,,,,,1991.0,0.0
1118,-2,37200,SQUID_INK,1990,36,,,,,1993,29,,,,,1991.5,0.0
1119,-2,37300,SQUID_INK,1990,22,,,,,1993,23,,,,,1991.5,0.0
1123,-2,37400,SQUID_INK,1990,30,,,,,1994,30,,,,,1992.0,0.0
1127,-2,37500,SQUID_INK,1991,23,,,,,1994,1,1995.0,22.0,,,1992.5,0.0
1130,-2,37600,SQUID_INK,1991,23,,,,,1994,23,,,,,1992.5,0.0
1132,-2,37700,SQUID_INK,1992,1,1991.0,20.0,,,1995,21,,,,,1993.5,0.0
1134,-2,37800,SQUID_INK,1989,22,,,,,1993,22,,,,,1991.0,0.0
1139,-2,37900,SQUID_INK,1990,29,,,,,1993,24,,,,,1991.5,0.0
1142,-2,38000,SQUID_INK,1991,25,,,,,1994,25,,,,,1992.5,0.0
1144,-2,38100,SQUID_INK,1991,27,,,,,1994,27,,,,,1992.5,0.0
1146,-2,38200,SQUID_INK,1990,22,,,,,1993,2,1994.0,20.0,,,1991.5,0.0
1151,-2,38300,SQUID_INK,1991,22,,,,,1994,22,,,,,1992.5,0.0
1154,-2,38400,SQUID_INK,1991,26,,,,,1994,26,,,,,1992.5,0.0
1156,-2,38500,SQUID_INK,1991,21,,,,,1995,21,,,,,1993.0,0.0
1158,-2,38600,SQUID_INK,1991,29,,,,,1995,29,,,,,1993.0,0.0
1163,-2,38700,SQUID_INK,1992,4,1991.0,32.0,,,1993,8,1994.0,32.0,,,1992.5,0.0
1166,-2,38800,SQUID_INK,1991,1,1990.0,24.0,,,1993,2,1994.0,22.0,,,1992.0,0.0
1168,-2,38900,SQUID_INK,1990,20,,,,,1993,21,,,,,1991.5,0.0
1170,-2,39000,SQUID_INK,1990,30,,,,,1993,30,,,,,1991.5,0.0
1175,-2,39100,SQUID_INK,1989,25,,,,,1992,25,,,,,1990.5,0.0
1178,-2,39200,SQUID_INK,1989,22,,,,,1992,22,,,,,1990.5,0.0
1180,-2,39300,SQUID_INK,1988,29,,,,,1990,2,1991.0,1.0,1992.0,28.0,1989.0,0.0
1182,-2,39400,SQUID_INK,1989,30,,,,,1992,26,,,,,1990.5,0.0
1187,-2,39500,SQUID_INK,1991,1,1989.0,31.0,,,1992,31,,,,,1991.5,0.0
1190,-2,39600,SQUID_INK,1990,2,1989.0,26.0,,,1993,28,,,,,1991.5,0.0
1192,-2,39700,SQUID_INK,1989,23,,,,,1992,23,,,,,1990.5,0.0
1194,-2,39800,SQUID_INK,1988,24,,,,,1989,4,1992.0,24.0,,,1988.5,0.0
1199,-2,39900,SQUID_INK,1988,23,,,,,1991,23,,,,,1989.5,0.0
1202,-2,40000,SQUID_INK,1988,27,,,,,1991,27,,,,,1989.5,0.0
1204,-2,40100,SQUID_INK,1988,27,,,,,1991,1,1992.0,26.0,,,1989.5,0.0
1206,-2,40200,SQUID_INK,1990,5,1988.0,29.0,,,1991,29,,,,,1990.5,0.0
1211,-2,40300,SQUID_INK,1989,26,,,,,1992,28,,,,,1990.5,0.0
1214,-2,40400,SQUID_INK,1989,37,,,,,1992,30,,,,,1990.5,0.0
1216,-2,40500,SQUID_INK,1989,30,,,,,1992,30,,,,,1990.5,0.0
1218,-2,40600,SQUID_INK,1989,2,1988.0,29.0,,,1992,29,,,,,1990.5,0.0
1223,-2,40700,SQUID_INK,1990,3,1988.0,29.0,,,1991,24,,,,,1990.5,0.0
1226,-2,40800,SQUID_INK,1988,24,,,,,1992,24,,,,,1990.0,0.0
1228,-2,40900,SQUID_INK,1988,23,,,,,1989,3,1992.0,23.0,,,1988.5,0.0
1230,-2,41000,SQUID_INK,1990,2,1989.0,4.0,1988.0,24.0,1992,24,,,,,1991.0,0.0
1235,-2,41100,SQUID_INK,1991,9,1989.0,26.0,,,1992,26,,,,,1991.5,0.0
1238,-2,41200,SQUID_INK,1989,2,1988.0,25.0,,,1991,25,,,,,1990.0,0.0
1240,-2,41300,SQUID_INK,1988,30,,,,,1991,2,1992.0,28.0,,,1989.5,0.0
1242,-2,41400,SQUID_INK,1986,31,,,,,1988,6,1989.0,31.0,,,1987.0,0.0
1247,-2,41500,SQUID_INK,1985,23,,,,,1986,6,1987.0,8.0,1988.0,2.0,1985.5,0.0
1250,-2,41600,SQUID_INK,1986,23,,,,,1990,23,,,,,1988.0,0.0
1252,-2,41700,SQUID_INK,1986,29,,,,,1989,29,,,,,1987.5,0.0
1254,-2,41800,SQUID_INK,1986,31,,,,,1988,1,1989.0,31.0,,,1987.0,0.0
1259,-2,41900,SQUID_INK,1986,30,,,,,1987,3,1989.0,30.0,,,1986.5,0.0
1262,-2,42000,SQUID_INK,1986,20,,,,,1989,20,,,,,1987.5,0.0
1263,-2,42100,SQUID_INK,1985,27,,,,,1988,21,,,,,1986.5,0.0
1266,-2,42200,SQUID_INK,1983,22,,,,,1987,22,,,,,1985.0,0.0
1270,-2,42300,SQUID_INK,1984,24,,,,,1986,4,1987.0,24.0,,,1985.0,0.0
1274,-2,42400,SQUID_INK,1984,2,1983.0,25.0,,,1987,27,,,,,1985.5,0.0
1275,-2,42500,SQUID_INK,1984,2,1983.0,22.0,,,1987,24,,,,,1985.5,0.0
1278,-2,42600,SQUID_INK,1985,24,,,,,1988,24,,,,,1986.5,0.0
1282,-2,42700,SQUID_INK,1987,5,1985.0,29.0,,,1988,24,,,,,1987.5,0.0
1286,-2,42800,SQUID_INK,1986,27,,,,,1989,27,,,,,1987.5,0.0
1287,-2,42900,SQUID_INK,1986,28,,,,,1988,7,1989.0,28.0,,,1987.0,0.0
1290,-2,43000,SQUID_INK,1985,21,,,,,1989,21,,,,,1987.0,0.0
1294,-2,43100,SQUID_INK,1984,21,,,,,1986,3,1987.0,21.0,,,1985.0,0.0
1298,-2,43200,SQUID_INK,1984,32,,,,,1987,29,,,,,1985.5,0.0
1299,-2,43300,SQUID_INK,1985,25,,,,,1988,25,,,,,1986.5,0.0
1302,-2,43400,SQUID_INK,1985,28,,,,,1988,28,,,,,1986.5,0.0
1306,-2,43500,SQUID_INK,1985,23,,,,,1988,2,1989.0,22.0,,,1986.5,0.0
1310,-2,43600,SQUID_INK,1986,22,,,,,1989,22,,,,,1987.5,0.0
1311,-2,43700,SQUID_INK,1987,1,1985.0,30.0,,,1988,30,,,,,1987.5,0.0
1315,-2,43800,SQUID_INK,1987,30,,,,,1990,29,,,,,1988.5,0.0
1317,-2,43900,SQUID_INK,1988,23,,,,,1992,24,,,,,1990.0,0.0
1322,-2,44000,SQUID_INK,1990,30,,,,,1992,3,1993.0,30.0,,,1991.0,0.0
1323,-2,44100,SQUID_INK,1991,36,,,,,1994,30,,,,,1992.5,0.0
1327,-2,44200,SQUID_INK,1991,27,,,,,1994,27,,,,,1992.5,0.0
1329,-2,44300,SQUID_INK,1990,28,,,,,1992,1,1993.0,28.0,,,1991.0,0.0
1333,-2,44400,SQUID_INK,1990,23,,,,,1992,6,1993.0,23.0,,,1991.0,0.0
1337,-2,44500,SQUID_INK,1990,29,,,,,1992,1,1993.0,29.0,,,1991.0,0.0
1340,-2,44600,SQUID_INK,1990,26,,,,,1993,26,,,,,1991.5,0.0
1341,-2,44700,SQUID_INK,1992,1,1990.0,28.0,,,1993,1,1994.0,27.0,,,1992.5,0.0
1345,-2,44800,SQUID_INK,1992,9,1990.0,24.0,,,1993,24,,,,,1992.5,0.0
1349,-2,44900,SQUID_INK,1989,31,,,,,1992,30,,,,,1990.5,0.0
1352,-2,45000,SQUID_INK,1989,24,,,,,1992,25,,,,,1990.5,0.0
1353,-2,45100,SQUID_INK,1988,26,,,,,1992,26,,,,,1990.0,0.0
1357,-2,45200,SQUID_INK,1987,24,,,,,1990,24,,,,,1988.5,0.0
1361,-2,45300,SQUID_INK,1987,30,,,,,1990,30,,,,,1988.5,0.0
1364,-2,45400,SQUID_INK,1987,30,,,,,1990,25,,,,,1988.5,0.0
1365,-2,45500,SQUID_INK,1991,1,1988.0,29.0,,,1992,29,,,,,1991.5,0.0
1369,-2,45600,SQUID_INK,1992,27,,,,,1995,27,,,,,1993.5,0.0
1373,-2,45700,SQUID_INK,1991,22,,,,,1994,22,,,,,1992.5,0.0
1376,-2,45800,SQUID_INK,1990,26,,,,,1993,21,,,,,1991.5,0.0
1377,-2,45900,SQUID_INK,1990,28,,,,,1992,3,1993.0,28.0,,,1991.0,0.0
1381,-2,46000,SQUID_INK,1988,26,,,,,1990,1,1992.0,26.0,,,1989.0,0.0
1385,-2,46100,SQUID_INK,1988,24,,,,,1992,24,,,,,1990.0,0.0
1388,-2,46200,SQUID_INK,1989,20,,,,,1991,1,1993.0,20.0,,,1990.0,0.0
1389,-2,46300,SQUID_INK,1990,26,,,,,1993,23,,,,,1991.5,0.0
1393,-2,46400,SQUID_INK,1990,26,,,,,1994,26,,,,,1992.0,0.0
1397,-2,46500,SQUID_INK,1989,26,,,,,1992,2,1993.0,24.0,,,1990.5,0.0
1400,-2,46600,SQUID_INK,1989,22,,,,,1992,22,,,,,1990.5,0.0
1402,-2,46700,SQUID_INK,1991,29,,,,,1994,27,,,,,1992.5,0.0
1404,-2,46800,SQUID_INK,1991,30,,,,,1992,5,1994.0,31.0,,,1991.5,0.0
1409,-2,46900,SQUID_INK,1991,34,,,,,1994,31,,,,,1992.5,0.0
1412,-2,47000,SQUID_INK,1991,8,1990.0,29.0,,,1994,29,,,,,1992.5,0.0
1414,-2,47100,SQUID_INK,1991,2,1990.0,26.0,,,1994,28,,,,,1992.5,0.0
1416,-2,47200,SQUID_INK,1993,1,1992.0,5.0,1991.0,26.0,1994,26,,,,,1993.5,0.0
1421,-2,47300,SQUID_INK,1989,31,,,,,1992,31,,,,,1990.5,0.0
1424,-2,47400,SQUID_INK,1990,28,,,,,1993,29,,,,,1991.5,0.0
1426,-2,47500,SQUID_INK,1992,1,1990.0,27.0,,,1993,27,,,,,1992.5,0.0
1428,-2,47600,SQUID_INK,1990,8,1988.0,27.0,,,1991,1,1992.0,26.0,,,1990.5,0.0
1433,-2,47700,SQUID_INK,1989,23,,,,,1991,2,1992.0,24.0,,,1990.0,0.0
1436,-2,47800,SQUID_INK,1989,25,,,,,1992,25,,,,,1990.5,0.0
1438,-2,47900,SQUID_INK,1989,26,,,,,1992,26,,,,,1990.5,0.0
1440,-2,48000,SQUID_INK,1989,28,,,,,1992,28,,,,,1990.5,0.0
1445,-2,48100,SQUID_INK,1991,10,1989.0,24.0,,,1992,2,1993.0,22.0,,,1991.5,0.0
1448,-2,48200,SQUID_INK,1987,25,,,,,1989,6,1990.0,1.0,1991.0,24.0,1988.0,0.0
1450,-2,48300,SQUID_INK,1988,26,,,,,1992,26,,,,,1990.0,0.0
1452,-2,48400,SQUID_INK,1990,30,,,,,1993,30,,,,,1991.5,0.0
1457,-2,48500,SQUID_INK,1989,25,,,,,1993,25,,,,,1991.0,0.0
1460,-2,48600,SQUID_INK,1991,23,,,,,1993,2,1994.0,24.0,,,1992.0,0.0
1462,-2,48700,SQUID_INK,1990,20,,,,,1992,2,1993.0,21.0,,,1991.0,0.0
1464,-2,48800,SQUID_INK,1991,25,,,,,1994,25,,,,,1992.5,0.0
1469,-2,48900,SQUID_INK,1991,27,,,,,1994,28,,,,,1992.5,0.0
1472,-2,49000,SQUID_INK,1991,21,,,,,1994,21,,,,,1992.5,0.0
1474,-2,49100,SQUID_INK,1991,2,1990.0,28.0,,,1994,28,,,,,1992.5,0.0
1476,-2,49200,SQUID_INK,1990,29,,,,,1993,29,,,,,1991.5,0.0
1481,-2,49300,SQUID_INK,1990,26,,,,,1993,22,,,,,1991.5,0.0
1484,-2,49400,SQUID_INK,1990,20,,,,,1994,21,,,,,1992.0,0.0
1486,-2,49500,SQUID_INK,1993,1,1991.0,30.0,,,1994,30,,,,,1993.5,0.0
1488,-2,49600,SQUID_INK,1990,30,,,,,1992,5,1993.0,30.0,,,1991.0,0.0
1493,-2,49700,SQUID_INK,1991,33,,,,,1994,27,,,,,1992.5,0.0
1496,-2,49800,SQUID_INK,1991,26,,,,,1994,26,,,,,1992.5,0.0
1498,-2,49900,SQUID_INK,1991,21,,,,,1993,1,1995.0,22.0,,,1992.0,0.0
1500,-2,50000,SQUID_INK,1991,33,,,,,1994,28,,,,,1992.5,0.0
1505,-2,50100,SQUID_INK,1992,30,,,,,1995,30,,,,,1993.5,0.0
1508,-2,50200,SQUID_INK,1991,31,,,,,1994,31,,,,,1992.5,0.0
1510,-2,50300,SQUID_INK,1992,1,1990.0,21.0,,,1994,21,,,,,1993.0,0.0
1512,-2,50400,SQUID_INK,1990,28,,,,,1993,23,,,,,1991.5,0.0
1517,-2,50500,SQUID_INK,1990,2,1989.0,26.0,,,1993,28,,,,,1991.5,0.0
1520,-2,50600,SQUID_INK,1986,22,,,,,1990,22,,,,,1988.0,0.0
1522,-2,50700,SQUID_INK,1984,27,,,,,1987,27,,,,,1985.5,0.0
1524,-2,50800,SQUID_INK,1982,30,,,,,1985,30,,,,,1983.5,0.0
1528,-2,50900,SQUID_INK,1983,23,,,,,1986,26,,,,,1984.5,0.0
1532,-2,51000,SQUID_INK,1983,34,,,,,1986,27,,,,,1984.5,0.0
1533,-2,51100,SQUID_INK,1985,31,,,,,1987,6,1988.0,31.0,,,1986.0,0.0
1536,-2,51200,SQUID_INK,1983,29,,,,,1986,29,,,,,1984.5,0.0
1540,-2,51300,SQUID_INK,1986,1,1983.0,26.0,,,1987,26,,,,,1986.5,0.0
1544,-2,51400,SQUID_INK,1980,22,,,,,1982,8,1984.0,22.0,,,1981.0,0.0
1545,-2,51500,SQUID_INK,1984,31,,,,,1987,31,,,,,1985.5,0.0
1548,-2,51600,SQUID_INK,1983,32,,,,,1985,3,1986.0,32.0,,,1984.0,0.0
1552,-2,51700,SQUID_INK,1984,22,,,,,1987,21,,,,,1985.5,0.0
1556,-2,51800,SQUID_INK,1985,22,,,,,1987,8,1988.0,22.0,,,1986.0,0.0
1557,-2,51900,SQUID_INK,1986,1,1985.0,23.0,,,1989,24,,,,,1987.5,0.0
1560,-2,52000,SQUID_INK,1988,23,,,,,1991,23,,,,,1989.5,0.0
1564,-2,52100,SQUID_INK,1988,2,1986.0,24.0,,,1989,24,,,,,1988.5,0.0
1568,-2,52200,SQUID_INK,1987,1,1986.0,24.0,,,1990,26,,,,,1988.5,0.0
1569,-2,52300,SQUID_INK,1989,3,1988.0,29.0,,,1991,29,,,,,1990.0,0.0
1572,-2,52400,SQUID_INK,1989,3,1988.0,21.0,,,1992,21,,,,,1990.5,0.0
1576,-2,52500,SQUID_INK,1989,31,,,,,1992,31,,,,,1990.5,0.0
1580,-2,52600,SQUID_INK,1989,25,,,,,1991,7,1992.0,25.0,,,1990.0,0.0
1581,-2,52700,SQUID_INK,1988,21,,,,,1991,1,1992.0,20.0,,,1989.5,0.0
1585,-2,52800,SQUID_INK,1987,22,,,,,1990,22,,,,,1988.5,0.0
1587,-2,52900,SQUID_INK,1986,25,,,,,1988,3,1990.0,25.0,,,1987.0,0.0
1592,-2,53000,SQUID_INK,1987,22,,,,,1990,22,,,,,1988.5,0.0
1595,-2,53100,SQUID_INK,1985,23,,,,,1988,23,,,,,1986.5,0.0
1598,-2,53200,SQUID_INK,1985,28,,,,,1988,28,,,,,1986.5,0.0
1599,-2,53300,SQUID_INK,1986,25,,,,,1988,6,1989.0,25.0,,,1987.0,0.0
1603,-2,53400,SQUID_INK,1985,28,,,,,1987,6,1989.0,28.0,,,1986.0,0.0
1607,-2,53500,SQUID_INK,1988,1,1986.0,8.0,1985.0,21.0,1989,21,,,,,1988.5,0.0
1610,-2,53600,SQUID_INK,1986,2,1985.0,25.0,,,1989,27,,,,,1987.5,0.0
1611,-2,53700,SQUID_INK,1985,23,,,,,1988,23,,,,,1986.5,0.0
1615,-2,53800,SQUID_INK,1985,25,,,,,1986,6,1987.0,3.0,1988.0,25.0,1985.5,0.0
1619,-2,53900,SQUID_INK,1985,31,,,,,1988,1,1989.0,30.0,,,1986.5,0.0
1622,-2,54000,SQUID_INK,1987,1,1986.0,30.0,,,1988,3,1990.0,31.0,,,1987.5,0.0
1623,-2,54100,SQUID_INK,1985,27,,,,,1989,27,,,,,1987.0,0.0
1627,-2,54200,SQUID_INK,1986,30,,,,,1990,30,,,,,1988.0,0.0
1631,-2,54300,SQUID_INK,1986,24,,,,,1989,24,,,,,1987.5,0.0
1634,-2,54400,SQUID_INK,1986,30,,,,,1988,4,1989.0,30.0,,,1987.0,0.0
1635,-2,54500,SQUID_INK,1986,24,,,,,1990,24,,,,,1988.0,0.0
1639,-2,54600,SQUID_INK,1987,24,,,,,1990,1,1991.0,24.0,,,1988.5,0.0
1643,-2,54700,SQUID_INK,1990,1,1988.0,25.0,,,1991,25,,,,,1990.5,0.0
1646,-2,54800,SQUID_INK,1987,31,,,,,1990,31,,,,,1988.5,0.0
1647,-2,54900,SQUID_INK,1989,31,,,,,1992,25,,,,,1990.5,0.0
1651,-2,55000,SQUID_INK,1990,24,,,,,1991,5,1993.0,24.0,,,1990.5,0.0
1655,-2,55100,SQUID_INK,1989,28,,,,,1992,21,,,,,1990.5,0.0
1658,-2,55200,SQUID_INK,1988,21,,,,,1992,21,,,,,1990.0,0.0
1659,-2,55300,SQUID_INK,1989,29,,,,,1992,29,,,,,1990.5,0.0
1662,-2,55400,SQUID_INK,1990,36,,,,,1993,28,,,,,1991.5,0.0
1667,-2,55500,SQUID_INK,1991,2,1990.0,29.0,,,1994,31,,,,,1992.5,0.0
1670,-2,55600,SQUID_INK,1991,28,,,,,1994,29,,,,,1992.5,0.0
1672,-2,55700,SQUID_INK,1991,21,,,,,1994,21,,,,,1992.5,0.0
1674,-2,55800,SQUID_INK,1991,22,,,,,1994,22,,,,,1992.5,0.0
1679,-2,55900,SQUID_INK,1991,27,,,,,1994,27,,,,,1992.5,0.0
1682,-2,56000,SQUID_INK,1991,29,,,,,1994,29,,,,,1992.5,0.0
1684,-2,56100,SQUID_INK,1990,23,,,,,1994,23,,,,,1992.0,0.0
1686,-2,56200,SQUID_INK,1990,23,,,,,1992,7,1994.0,23.0,,,1991.0,0.0
1691,-2,56300,SQUID_INK,1991,30,,,,,1994,31,,,,,1992.5,0.0
1694,-2,56400,SQUID_INK,1991,2,1990.0,25.0,,,1994,25,,,,,1992.5,0.0
1696,-2,56500,SQUID_INK,1991,23,,,,,1994,22,,,,,1992.5,0.0
1698,-2,56600,SQUID_INK,1990,28,,,,,1992,3,1993.0,28.0,,,1991.0,0.0
1703,-2,56700,SQUID_INK,1991,22,,,,,1994,22,,,,,1992.5,0.0
1706,-2,56800,SQUID_INK,1989,25,,,,,1991,2,1992.0,2.0,1993.0,23.0,1990.0,0.0
1708,-2,56900,SQUID_INK,1989,21,,,,,1992,1,1993.0,20.0,,,1990.5,0.0
1710,-2,57000,SQUID_INK,1990,32,,,,,1993,32,,,,,1991.5,0.0
1715,-2,57100,SQUID_INK,1990,21,,,,,1993,24,,,,,1991.5,0.0
1718,-2,57200,SQUID_INK,1990,24,,,,,1991,4,1993.0,24.0,,,1990.5,0.0
1720,-2,57300,SQUID_INK,1990,21,,,,,1992,6,1994.0,21.0,,,1991.0,0.0
1722,-2,57400,SQUID_INK,1993,1,1991.0,25.0,,,1994,25,,,,,1993.5,0.0
1727,-2,57500,SQUID_INK,1991,25,,,,,1994,25,,,,,1992.5,0.0
1730,-2,57600,SQUID_INK,1992,32,,,,,1994,3,1995.0,32.0,,,1993.0,0.0
1732,-2,57700,SQUID_INK,1992,26,,,,,1995,26,,,,,1993.5,0.0
1734,-2,57800,SQUID_INK,1991,28,,,,,1995,29,,,,,1993.0,0.0
1739,-2,57900,SQUID_INK,1992,30,,,,,1995,30,,,,,1993.5,0.0
1742,-2,58000,SQUID_INK,1994,1,1993.0,3.0,1992.0,1.0,1995,23,,,,,1994.5,0.0
1744,-2,58100,SQUID_INK,1991,28,,,,,1993,6,1994.0,28.0,,,1992.0,0.0
1746,-2,58200,SQUID_INK,1991,26,,,,,1993,8,1994.0,26.0,,,1992.0,0.0
1751,-2,58300,SQUID_INK,1991,22,,,,,1995,22,,,,,1993.0,0.0
1754,-2,58400,SQUID_INK,1991,29,,,,,1995,29,,,,,1993.0,0.0
1756,-2,58500,SQUID_INK,1993,1,1992.0,23.0,,,1995,2,1996.0,21.0,,,1994.0,0.0
1758,-2,58600,SQUID_INK,1992,29,,,,,1995,29,,,,,1993.5,0.0
1763,-2,58700,SQUID_INK,1993,30,,,,,1996,30,,,,,1994.5,0.0
1766,-2,58800,SQUID_INK,1993,21,,,,,1996,22,,,,,1994.5,0.0
1768,-2,58900,SQUID_INK,1993,5,1992.0,25.0,,,1996,26,,,,,1994.5,0.0
1770,-2,59000,SQUID_INK,1993,22,,,,,1996,22,,,,,1994.5,0.0
1775,-2,59100,SQUID_INK,1993,28,,,,,1995,6,1996.0,28.0,,,1994.0,0.0
1778,-2,59200,SQUID_INK,1992,24,,,,,1996,24,,,,,1994.0,0.0
1780,-2,59300,SQUID_INK,1992,24,,,,,1995,24,,,,,1993.5,0.0
1782,-2,59400,SQUID_INK,1991,31,,,,,1994,29,,,,,1992.5,0.0
1787,-2,59500,SQUID_INK,1991,26,,,,,1994,26,,,,,1992.5,0.0
1790,-2,59600,SQUID_INK,1991,28,,,,,1994,28,,,,,1992.5,0.0
1792,-2,59700,SQUID_INK,1990,21,,,,,1993,1,1994.0,20.0,,,1991.5,0.0
1794,-2,59800,SQUID_INK,1991,3,1990.0,24.0,,,1993,2,1994.0,22.0,,,1992.0,0.0
1798,-2,59900,SQUID_INK,1990,23,,,,,1991,1,1994.0,23.0,,,1990.5,0.0
1802,-2,60000,SQUID_INK,1992,1,1990.0,26.0,,,1993,26,,,,,1992.5,0.0
1803,-2,60100,SQUID_INK,1990,10,1988.0,24.0,,,1991,24,,,,,1990.5,0.0
1806,-2,60200,SQUID_INK,1986,24,,,,,1988,3,1990.0,24.0,,,1987.0,0.0
1810,-2,60300,SQUID_INK,1988,28,,,,,1991,28,,,,,1989.5,0.0
1814,-2,60400,SQUID_INK,1989,22,,,,,1992,22,,,,,1990.5,0.0
1815,-2,60500,SQUID_INK,1987,30,,,,,1988,3,1989.0,2.0,1991.0,30.0,1987.5,0.0
1818,-2,60600,SQUID_INK,1987,26,,,,,1989,2,1991.0,27.0,,,1988.0,0.0
1822,-2,60700,SQUID_INK,1987,9,1986.0,26.0,,,1990,27,,,,,1988.5,0.0
1826,-2,60800,SQUID_INK,1987,21,,,,,1990,21,,,,,1988.5,0.0
1827,-2,60900,SQUID_INK,1987,22,,,,,1990,22,,,,,1988.5,0.0
1830,-2,61000,SQUID_INK,1987,22,,,,,1990,22,,,,,1988.5,0.0
1834,-2,61100,SQUID_INK,1989,5,1987.0,29.0,,,1991,29,,,,,1990.0,0.0
1838,-2,61200,SQUID_INK,1987,1,1986.0,29.0,,,1990,30,,,,,1988.5,0.0
1839,-2,61300,SQUID_INK,1987,27,,,,,1989,7,1990.0,27.0,,,1988.0,0.0
1842,-2,61400,SQUID_INK,1988,29,,,,,1990,5,1991.0,29.0,,,1989.0,0.0
1846,-2,61500,SQUID_INK,1988,21,,,,,1992,21,,,,,1990.0,0.0
1850,-2,61600,SQUID_INK,1989,27,,,,,1992,27,,,,,1990.5,0.0
1851,-2,61700,SQUID_INK,1990,30,,,,,1994,30,,,,,1992.0,0.0
1855,-2,61800,SQUID_INK,1992,5,1990.0,26.0,,,1993,1,1994.0,25.0,,,1992.5,0.0
1857,-2,61900,SQUID_INK,1991,22,,,,,1994,22,,,,,1992.5,0.0
1860,-2,62000,SQUID_INK,1993,21,,,,,1996,21,,,,,1994.5,0.0
1865,-2,62100,SQUID_INK,1993,22,,,,,1997,22,,,,,1995.0,0.0
1868,-2,62200,SQUID_INK,1994,29,,,,,1998,29,,,,,1996.0,0.0
1869,-2,62300,SQUID_INK,1998,25,,,,,2000,8,2002.0,25.0,,,1999.0,0.0
1873,-2,62400,SQUID_INK,1999,26,,,,,2002,26,,,,,2000.5,0.0
1877,-2,62500,SQUID_INK,2002,2,2001.0,26.0,,,2005,28,,,,,2003.5,0.0
1880,-2,62600,SQUID_INK,2002,28,,,,,2005,29,,,,,2003.5,0.0
1881,-2,62700,SQUID_INK,2003,25,,,,,2006,25,,,,,2004.5,0.0
1885,-2,62800,SQUID_INK,2004,23,,,,,2007,1,2008.0,22.0,,,2005.5,0.0
1889,-2,62900,SQUID_INK,2003,29,,,,,2005,6,2006.0,29.0,,,2004.0,0.0
1892,-2,63000,SQUID_INK,2001,22,,,,,2002,9,2003.0,9.0,2005.0,23.0,2001.5,0.0
1893,-2,63100,SQUID_INK,2000,24,,,,,2004,24,,,,,2002.0,0.0
1897,-2,63200,SQUID_INK,2001,34,,,,,2004,28,,,,,2002.5,0.0
1901,-2,63300,SQUID_INK,2002,23,,,,,2005,23,,,,,2003.5,0.0
1904,-2,63400,SQUID_INK,2003,22,,,,,2006,22,,,,,2004.5,0.0
1905,-2,63500,SQUID_INK,2002,22,,,,,2005,22,,,,,2003.5,0.0
1909,-2,63600,SQUID_INK,2003,22,,,,,2006,22,,,,,2004.5,0.0
1913,-2,63700,SQUID_INK,2003,31,,,,,2006,1,2007.0,30.0,,,2004.5,0.0
1916,-2,63800,SQUID_INK,2003,21,,,,,2006,21,,,,,2004.5,0.0
1917,-2,63900,SQUID_INK,2004,27,,,,,2007,27,,,,,2005.5,0.0
1921,-2,64000,SQUID_INK,2002,29,,,,,2006,29,,,,,2004.0,0.0
1925,-2,64100,SQUID_INK,2000,32,,,,,2002,6,2003.0,32.0,,,2001.0,0.0
1928,-2,64200,SQUID_INK,2000,22,,,,,2003,22,,,,,2001.5,0.0
1930,-2,64300,SQUID_INK,2000,29,,,,,2003,29,,,,,2001.5,0.0
1932,-2,64400,SQUID_INK,2000,24,,,,,2003,24,,,,,2001.5,0.0
1937,-2,64500,SQUID_INK,2001,1,2000.0,26.0,,,2004,26,,,,,2002.5,0.0
1940,-2,64600,SQUID_INK,2001,25,,,,,2005,25,,,,,2003.0,0.0
1942,-2,64700,SQUID_INK,2003,6,2002.0,29.0,,,2005,1,2006.0,28.0,,,2004.0,0.0
1944,-2,64800,SQUID_INK,2002,2,2001.0,25.0,,,2005,27,,,,,2003.5,0.0
1949,-2,64900,SQUID_INK,2001,29,,,,,2003,7,2004.0,29.0,,,2002.0,0.0
1952,-2,65000,SQUID_INK,2001,22,,,,,2003,2,2004.0,22.0,,,2002.0,0.0
1954,-2,65100,SQUID_INK,2001,26,,,,,2004,26,,,,,2002.5,0.0
1956,-2,65200,SQUID_INK,2001,31,,,,,2004,31,,,,,2002.5,0.0
1961,-2,65300,SQUID_INK,2002,5,2001.0,1.0,2000.0,23.0,2004,23,,,,,2003.0,0.0
1964,-2,65400,SQUID_INK,2001,20,,,,,2004,20,,,,,2002.5,0.0
1966,-2,65500,SQUID_INK,2001,22,,,,,2005,22,,,,,2003.0,0.0
1968,-2,65600,SQUID_INK,2003,3,2002.0,30.0,,,2006,30,,,,,2004.5,0.0
1973,-2,65700,SQUID_INK,2003,26,,,,,2005,4,2006.0,26.0,,,2004.0,0.0
1976,-2,65800,SQUID_INK,2003,32,,,,,2006,30,,,,,2004.5,0.0
1978,-2,65900,SQUID_INK,2002,25,,,,,2005,25,,,,,2003.5,0.0
1980,-2,66000,SQUID_INK,2002,1,2001.0,27.0,,,2005,28,,,,,2003.5,0.0
1985,-2,66100,SQUID_INK,2002,1,2001.0,24.0,,,2005,25,,,,,2003.5,0.0
1988,-2,66200,SQUID_INK,2003,16,,,,,2006,24,,,,,2004.5,0.0
1990,-2,66300,SQUID_INK,2004,29,,,,,2007,27,,,,,2005.5,0.0
1992,-2,66400,SQUID_INK,2003,25,,,,,2006,25,,,,,2004.5,0.0
1997,-2,66500,SQUID_INK,2003,24,,,,,2006,24,,,,,2004.5,0.0
2000,-2,66600,SQUID_INK,2002,37,,,,,2005,31,,,,,2003.5,0.0
2002,-2,66700,SQUID_INK,2002,21,,,,,2006,21,,,,,2004.0,0.0
2004,-2,66800,SQUID_INK,2003,29,,,,,2007,29,,,,,2005.0,0.0
2009,-2,66900,SQUID_INK,2004,30,,,,,2005,4,2006.0,1.0,2007.0,30.0,2004.5,0.0
2012,-2,67000,SQUID_INK,2005,6,2004.0,22.0,,,2008,22,,,,,2006.5,0.0
2014,-2,67100,SQUID_INK,2005,37,,,,,2008,29,,,,,2006.5,0.0
2016,-2,67200,SQUID_INK,2007,1,2005.0,1.0,2004.0,23.0,2008,24,,,,,2007.5,0.0
2021,-2,67300,SQUID_INK,2005,26,,,,,2009,26,,,,,2007.0,0.0
2024,-2,67400,SQUID_INK,2005,27,,,,,2008,27,,,,,2006.5,0.0
2026,-2,67500,SQUID_INK,2006,8,2005.0,29.0,,,2008,2,2009.0,27.0,,,2007.0,0.0
2028,-2,67600,SQUID_INK,2005,2,2004.0,30.0,,,2008,32,,,,,2006.5,0.0
2033,-2,67700,SQUID_INK,2007,4,2005.0,29.0,,,2009,29,,,,,2008.0,0.0
2036,-2,67800,SQUID_INK,2005,23,,,,,2007,3,2008.0,23.0,,,2006.0,0.0
2038,-2,67900,SQUID_INK,2005,34,,,,,2008,32,,,,,2006.5,0.0
2040,-2,68000,SQUID_INK,2004,24,,,,,2006,2,2007.0,25.0,,,2005.0,0.0
2045,-2,68100,SQUID_INK,2002,29,,,,,2005,29,,,,,2003.5,0.0
2048,-2,68200,SQUID_INK,2005,1,2003.0,20.0,,,2006,20,,,,,2005.5,0.0
2050,-2,68300,SQUID_INK,2003,20,,,,,2006,21,,,,,2004.5,0.0
2052,-2,68400,SQUID_INK,2001,2,2000.0,25.0,,,2004,27,,,,,2002.5,0.0
2057,-2,68500,SQUID_INK,2001,25,,,,,2005,25,,,,,2003.0,0.0
2060,-2,68600,SQUID_INK,2003,23,,,,,2006,27,,,,,2004.5,0.0
2061,-2,68700,SQUID_INK,2002,31,,,,,2005,25,,,,,2003.5,0.0
2064,-2,68800,SQUID_INK,2001,28,,,,,2003,6,2004.0,28.0,,,2002.0,0.0
2068,-2,68900,SQUID_INK,2005,1,2003.0,25.0,,,2006,25,,,,,2005.5,0.0
2072,-2,69000,SQUID_INK,2002,23,,,,,2005,2,2006.0,21.0,,,2003.5,0.0
2073,-2,69100,SQUID_INK,2002,25,,,,,2005,25,,,,,2003.5,0.0
2076,-2,69200,SQUID_INK,2004,2,2003.0,24.0,,,2005,6,2007.0,26.0,,,2004.5,0.0
2080,-2,69300,SQUID_INK,2006,8,2004.0,30.0,,,2007,28,,,,,2006.5,0.0
2084,-2,69400,SQUID_INK,2006,1,2004.0,22.0,,,2007,22,,,,,2006.5,0.0
2085,-2,69500,SQUID_INK,2004,20,,,,,2008,20,,,,,2006.0,0.0
2088,-2,69600,SQUID_INK,2005,2,2004.0,21.0,,,2008,22,,,,,2006.5,0.0
2092,-2,69700,SQUID_INK,2004,21,,,,,2007,21,,,,,2005.5,0.0
2096,-2,69800,SQUID_INK,2006,1,2004.0,27.0,,,2007,27,,,,,2006.5,0.0
2097,-2,69900,SQUID_INK,2003,29,,,,,2006,29,,,,,2004.5,0.0
2100,-2,70000,SQUID_INK,2003,28,,,,,2006,28,,,,,2004.5,0.0
2104,-2,70100,SQUID_INK,2002,24,,,,,2006,24,,,,,2004.0,0.0
2108,-2,70200,SQUID_INK,2005,3,2003.0,31.0,,,2006,31,,,,,2005.5,0.0
2109,-2,70300,SQUID_INK,2003,29,,,,,2006,29,,,,,2004.5,0.0
2112,-2,70400,SQUID_INK,2003,17,,,,,2006,26,,,,,2004.5,0.0
2115,-2,70500,SQUID_INK,2003,29,,,,,2006,25,,,,,2004.5,0.0
2120,-2,70600,SQUID_INK,2004,30,,,,,2007,30,,,,,2005.5,0.0
2121,-2,70700,SQUID_INK,2004,22,,,,,2007,22,,,,,2005.5,0.0
2125,-2,70800,SQUID_INK,2005,28,,,,,2008,28,,,,,2006.5,0.0
2127,-2,70900,SQUID_INK,2005,26,,,,,2008,26,,,,,2006.5,0.0
2131,-2,71000,SQUID_INK,2005,31,,,,,2008,31,,,,,2006.5,0.0
2135,-2,71100,SQUID_INK,2005,25,,,,,2008,25,,,,,2006.5,0.0
2138,-2,71200,SQUID_INK,2005,5,2004.0,28.0,,,2007,2,2008.0,26.0,,,2006.0,0.0
2139,-2,71300,SQUID_INK,2005,32,,,,,2008,29,,,,,2006.5,0.0
2143,-2,71400,SQUID_INK,2006,28,,,,,2009,29,,,,,2007.5,0.0
2147,-2,71500,SQUID_INK,2003,32,,,,,2006,30,,,,,2004.5,0.0
2150,-2,71600,SQUID_INK,2003,20,,,,,2007,20,,,,,2005.0,0.0
2151,-2,71700,SQUID_INK,2004,20,,,,,2008,20,,,,,2006.0,0.0
2155,-2,71800,SQUID_INK,2007,1,2005.0,25.0,,,2008,25,,,,,2007.5,0.0
2159,-2,71900,SQUID_INK,2004,30,,,,,2005,2,2008.0,30.0,,,2004.5,0.0
2162,-2,72000,SQUID_INK,2004,26,,,,,2008,26,,,,,2006.0,0.0
2163,-2,72100,SQUID_INK,2005,9,2003.0,24.0,,,2006,24,,,,,2005.5,0.0
2167,-2,72200,SQUID_INK,2003,24,,,,,2006,24,,,,,2004.5,0.0
2171,-2,72300,SQUID_INK,2003,30,,,,,2006,30,,,,,2004.5,0.0
2174,-2,72400,SQUID_INK,2003,23,,,,,2006,23,,,,,2004.5,0.0
2175,-2,72500,SQUID_INK,2003,24,,,,,2005,7,2006.0,24.0,,,2004.0,0.0
2179,-2,72600,SQUID_INK,2004,22,,,,,2006,4,2007.0,1.0,2008.0,21.0,2005.0,0.0
2183,-2,72700,SQUID_INK,2003,23,,,,,2007,23,,,,,2005.0,0.0
2186,-2,72800,SQUID_INK,2004,26,,,,,2007,26,,,,,2005.5,0.0
2187,-2,72900,SQUID_INK,2004,25,,,,,2006,3,2007.0,25.0,,,2005.0,0.0
2191,-2,73000,SQUID_INK,2003,24,,,,,2007,24,,,,,2005.0,0.0
2195,-2,73100,SQUID_INK,2005,26,,,,,2008,26,,,,,2006.5,0.0
2198,-2,73200,SQUID_INK,2005,2,2004.0,28.0,,,2008,30,,,,,2006.5,0.0
2200,-2,73300,SQUID_INK,2004,6,2003.0,30.0,,,2007,32,,,,,2005.5,0.0
2202,-2,73400,SQUID_INK,2003,31,,,,,2006,31,,,,,2004.5,0.0
2207,-2,73500,SQUID_INK,2002,20,,,,,2006,20,,,,,2004.0,0.0
2210,-2,73600,SQUID_INK,2003,26,,,,,2007,26,,,,,2005.0,0.0
2212,-2,73700,SQUID_INK,2002,30,,,,,2006,30,,,,,2004.0,0.0
2214,-2,73800,SQUID_INK,2004,3,2003.0,31.0,,,2006,30,,,,,2005.0,0.0
2219,-2,73900,SQUID_INK,2003,26,,,,,2005,8,2006.0,27.0,,,2004.0,0.0
2222,-2,74000,SQUID_INK,2003,29,,,,,2006,29,,,,,2004.5,0.0
2224,-2,74100,SQUID_INK,2002,31,,,,,2005,31,,,,,2003.5,0.0
2226,-2,74200,SQUID_INK,2004,1,2002.0,31.0,,,2005,28,,,,,2004.5,0.0
2231,-2,74300,SQUID_INK,2002,25,,,,,2006,25,,,,,2004.0,0.0
2234,-2,74400,SQUID_INK,2003,6,2002.0,21.0,,,2005,21,,,,,2004.0,0.0
2236,-2,74500,SQUID_INK,2002,23,,,,,2004,1,2005.0,23.0,,,2003.0,0.0
2238,-2,74600,SQUID_INK,2002,31,,,,,2005,31,,,,,2003.5,0.0
2243,-2,74700,SQUID_INK,2002,26,,,,,2006,26,,,,,2004.0,0.0
2246,-2,74800,SQUID_INK,2002,30,,,,,2005,26,,,,,2003.5,0.0
2248,-2,74900,SQUID_INK,2002,24,,,,,2006,24,,,,,2004.0,0.0
2250,-2,75000,SQUID_INK,2001,30,,,,,2005,30,,,,,2003.0,0.0
2255,-2,75100,SQUID_INK,2001,30,,,,,2004,25,,,,,2002.5,0.0
2258,-2,75200,SQUID_INK,2002,2,2001.0,20.0,,,2005,22,,,,,2003.5,0.0
2260,-2,75300,SQUID_INK,2001,33,,,,,2004,27,,,,,2002.5,0.0
2262,-2,75400,SQUID_INK,2001,2,2000.0,30.0,,,2004,30,,,,,2002.5,0.0
2267,-2,75500,SQUID_INK,1999,29,,,,,2002,30,,,,,2000.5,0.0
2270,-2,75600,SQUID_INK,2001,1,2000.0,6.0,1999.0,23.0,2002,22,,,,,2001.5,0.0
2272,-2,75700,SQUID_INK,1998,22,,,,,2001,1,2002.0,21.0,,,1999.5,0.0
2274,-2,75800,SQUID_INK,1998,22,,,,,2001,1,2002.0,21.0,,,1999.5,0.0
2279,-2,75900,SQUID_INK,1999,2,1998.0,30.0,,,2000,4,2002.0,32.0,,,1999.5,0.0
2282,-2,76000,SQUID_INK,1999,7,1998.0,21.0,,,2002,22,,,,,2000.5,0.0
2284,-2,76100,SQUID_INK,1998,28,,,,,2001,2,2002.0,26.0,,,1999.5,0.0
2286,-2,76200,SQUID_INK,1998,26,,,,,2000,1,2001.0,26.0,,,1999.0,0.0
2291,-2,76300,SQUID_INK,1997,27,,,,,1999,2,2001.0,27.0,,,1998.0,0.0
2294,-2,76400,SQUID_INK,1998,27,,,,,1999,3,2001.0,2.0,2002.0,26.0,1998.5,0.0
2296,-2,76500,SQUID_INK,1998,31,,,,,2002,31,,,,,2000.0,0.0
2298,-2,76600,SQUID_INK,1998,31,,,,,2000,8,2002.0,31.0,,,1999.0,0.0
2303,-2,76700,SQUID_INK,1999,22,,,,,2001,8,2002.0,22.0,,,2000.0,0.0
2306,-2,76800,SQUID_INK,2000,26,,,,,2003,26,,,,,2001.5,0.0
2308,-2,76900,SQUID_INK,1999,31,,,,,2002,31,,,,,2000.5,0.0
2310,-2,77000,SQUID_INK,1998,25,,,,,2001,25,,,,,1999.5,0.0
2315,-2,77100,SQUID_INK,1999,8,1998.0,27.0,,,2002,27,,,,,2000.5,0.0
2318,-2,77200,SQUID_INK,1998,28,,,,,2000,2,2001.0,28.0,,,1999.0,0.0
2320,-2,77300,SQUID_INK,1998,30,,,,,2000,6,2002.0,30.0,,,1999.0,0.0
2322,-2,77400,SQUID_INK,1999,28,,,,,2000,6,2002.0,28.0,,,1999.5,0.0
2327,-2,77500,SQUID_INK,1999,20,,,,,2003,20,,,,,2001.0,0.0
2330,-2,77600,SQUID_INK,2000,2,1999.0,26.0,,,2002,1,2003.0,25.0,,,2001.0,0.0
2331,-2,77700,SQUID_INK,1998,26,,,,,2001,26,,,,,1999.5,0.0
2334,-2,77800,SQUID_INK,1999,22,,,,,2002,26,,,,,2000.5,0.0
2338,-2,77900,SQUID_INK,1999,30,,,,,2002,30,,,,,2000.5,0.0
2342,-2,78000,SQUID_INK,1999,1,1998.0,27.0,,,2002,28,,,,,2000.5,0.0
2343,-2,78100,SQUID_INK,2000,1,1998.0,32.0,,,2001,2,2002.0,30.0,,,2000.5,0.0
2346,-2,78200,SQUID_INK,1997,20,,,,,2000,20,,,,,1998.5,0.0
2350,-2,78300,SQUID_INK,1997,6,1996.0,22.0,,,2000,22,,,,,1998.5,0.0
2354,-2,78400,SQUID_INK,1997,28,,,,,2000,2,2001.0,26.0,,,1998.5,0.0
2355,-2,78500,SQUID_INK,1999,32,,,,,2002,32,,,,,2000.5,0.0
2358,-2,78600,SQUID_INK,1999,29,,,,,2002,30,,,,,2000.5,0.0
2362,-2,78700,SQUID_INK,1999,29,,,,,2002,29,,,,,2000.5,0.0
2366,-2,78800,SQUID_INK,1999,23,,,,,2002,24,,,,,2000.5,0.0
2367,-2,78900,SQUID_INK,1999,32,,,,,2002,30,,,,,2000.5,0.0
2370,-2,79000,SQUID_INK,2000,8,1999.0,22.0,,,2003,22,,,,,2001.5,0.0
2374,-2,79100,SQUID_INK,2001,5,2000.0,27.0,,,2003,27,,,,,2002.0,0.0
2378,-2,79200,SQUID_INK,2000,30,,,,,2002,8,2003.0,1.0,2004.0,29.0,2001.0,0.0
2379,-2,79300,SQUID_INK,2000,29,,,,,2003,29,,,,,2001.5,0.0
2383,-2,79400,SQUID_INK,2000,20,,,,,2004,20,,,,,2002.0,0.0
2385,-2,79500,SQUID_INK,2001,2,2000.0,26.0,,,2004,28,,,,,2002.5,0.0
2390,-2,79600,SQUID_INK,2001,27,,,,,2004,27,,,,,2002.5,0.0
2391,-2,79700,SQUID_INK,2001,32,,,,,2004,32,,,,,2002.5,0.0
2396,-2,79800,SQUID_INK,2000,22,,,,,2001,4,2004.0,22.0,,,2000.5,0.0
2397,-2,79900,SQUID_INK,1998,24,,,,,2001,23,,,,,1999.5,0.0
2401,-2,80000,SQUID_INK,1993,30,,,,,1997,30,,,,,1995.0,0.0
2405,-2,80100,SQUID_INK,1995,1,1993.0,31.0,,,1996,31,,,,,1995.5,0.0
2408,-2,80200,SQUID_INK,1992,27,,,,,1995,27,,,,,1993.5,0.0
2409,-2,80300,SQUID_INK,1993,34,,,,,1996,30,,,,,1994.5,0.0
2413,-2,80400,SQUID_INK,1994,23,,,,,1995,4,1997.0,23.0,,,1994.5,0.0
2417,-2,80500,SQUID_INK,1993,22,,,,,1995,3,1996.0,23.0,,,1994.0,0.0
2420,-2,80600,SQUID_INK,1993,27,,,,,1997,27,,,,,1995.0,0.0
2421,-2,80700,SQUID_INK,1995,2,1994.0,29.0,,,1998,29,,,,,1996.5,0.0
2425,-2,80800,SQUID_INK,1995,6,1994.0,25.0,,,1998,25,,,,,1996.5,0.0
2429,-2,80900,SQUID_INK,1994,29,,,,,1996,1,1997.0,30.0,,,1995.0,0.0
2432,-2,81000,SQUID_INK,1994,32,,,,,1997,32,,,,,1995.5,0.0
2433,-2,81100,SQUID_INK,1994,29,,,,,1997,29,,,,,1995.5,0.0
2437,-2,81200,SQUID_INK,1995,1,1994.0,26.0,,,1998,27,,,,,1996.5,0.0
2441,-2,81300,SQUID_INK,1996,1,1994.0,22.0,,,1997,22,,,,,1996.5,0.0
2444,-2,81400,SQUID_INK,1994,23,,,,,1997,23,,,,,1995.5,0.0
2445,-2,81500,SQUID_INK,1993,28,,,,,1997,28,,,,,1995.0,0.0
2449,-2,81600,SQUID_INK,1994,20,,,,,1996,5,1998.0,20.0,,,1995.0,0.0
2453,-2,81700,SQUID_INK,1995,3,1994.0,27.0,,,1997,2,1998.0,25.0,,,1996.0,0.0
2456,-2,81800,SQUID_INK,1993,28,,,,,1995,8,1996.0,29.0,,,1994.0,0.0
2457,-2,81900,SQUID_INK,1994,34,,,,,1995,4,1997.0,27.0,,,1994.5,0.0
2460,-2,82000,SQUID_INK,1995,32,,,,,1997,4,1998.0,32.0,,,1996.0,0.0
2465,-2,82100,SQUID_INK,1993,21,,,,,1996,22,,,,,1994.5,0.0
2468,-2,82200,SQUID_INK,1993,1,1991.0,2.0,1990.0,28.0,1994,30,,,,,1993.5,0.0
2470,-2,82300,SQUID_INK,1993,27,,,,,1996,27,,,,,1994.5,0.0
2472,-2,82400,SQUID_INK,1992,26,,,,,1993,4,1995.0,26.0,,,1992.5,0.0
2477,-2,82500,SQUID_INK,1992,26,,,,,1996,26,,,,,1994.0,0.0
2480,-2,82600,SQUID_INK,1993,22,,,,,1995,8,1997.0,23.0,,,1994.0,0.0
2482,-2,82700,SQUID_INK,1993,31,,,,,1996,31,,,,,1994.5,0.0
2484,-2,82800,SQUID_INK,1992,22,,,,,1995,22,,,,,1993.5,0.0
2489,-2,82900,SQUID_INK,1991,1,1990.0,22.0,,,1994,23,,,,,1992.5,0.0
2492,-2,83000,SQUID_INK,1990,34,,,,,1993,31,,,,,1991.5,0.0
2494,-2,83100,SQUID_INK,1992,7,1991.0,21.0,,,1995,21,,,,,1993.5,0.0
2496,-2,83200,SQUID_INK,1993,28,,,,,1996,28,,,,,1994.5,0.0
2501,-2,83300,SQUID_INK,1992,22,,,,,1995,22,,,,,1993.5,0.0
2504,-2,83400,SQUID_INK,1994,3,1992.0,30.0,,,1995,30,,,,,1994.5,0.0
2506,-2,83500,SQUID_INK,1992,29,,,,,1995,29,,,,,1993.5,0.0
2508,-2,83600,SQUID_INK,1993,25,,,,,1996,25,,,,,1994.5,0.0
2513,-2,83700,SQUID_INK,1995,27,,,,,1998,27,,,,,1996.5,0.0
2516,-2,83800,SQUID_INK,1995,32,,,,,1998,32,,,,,1996.5,0.0
2518,-2,83900,SQUID_INK,1997,1,1995.0,6.0,1994.0,26.0,1998,27,,,,,1997.5,0.0
2520,-2,84000,SQUID_INK,1996,25,,,,,1998,5,1999.0,25.0,,,1997.0,0.0
2525,-2,84100,SQUID_INK,1997,29,,,,,2000,26,,,,,1998.5,0.0
2528,-2,84200,SQUID_INK,1999,1,1997.0,30.0,,,2000,27,,,,,1999.5,0.0
2530,-2,84300,SQUID_INK,1997,25,,,,,2001,25,,,,,1999.0,0.0
2532,-2,84400,SQUID_INK,1997,30,,,,,2000,30,,,,,1998.5,0.0
2537,-2,84500,SQUID_INK,1997,1,1996.0,28.0,,,2000,29,,,,,1998.5,0.0
2540,-2,84600,SQUID_INK,1997,28,,,,,2000,28,,,,,1998.5,0.0
2542,-2,84700,SQUID_INK,2000,1,1998.0,28.0,,,2001,28,,,,,2000.5,0.0
2544,-2,84800,SQUID_INK,1997,24,,,,,2000,1,2001.0,23.0,,,1998.5,0.0
2549,-2,84900,SQUID_INK,1997,28,,,,,1999,1,2001.0,28.0,,,1998.0,0.0
2552,-2,85000,SQUID_INK,1996,30,,,,,1999,30,,,,,1997.5,0.0
2554,-2,85100,SQUID_INK,1996,1,1995.0,25.0,,,1997,8,1999.0,26.0,,,1996.5,0.0
2556,-2,85200,SQUID_INK,1996,27,,,,,1998,1,1999.0,27.0,,,1997.0,0.0
2561,-2,85300,SQUID_INK,1997,28,,,,,2000,28,,,,,1998.5,0.0
2564,-2,85400,SQUID_INK,1997,4,1996.0,28.0,,,2000,29,,,,,1998.5,0.0
2566,-2,85500,SQUID_INK,1996,28,,,,,1999,28,,,,,1997.5,0.0
2568,-2,85600,SQUID_INK,1996,29,,,,,1999,29,,,,,1997.5,0.0
2573,-2,85700,SQUID_INK,1996,28,,,,,1999,28,,,,,1997.5,0.0
2576,-2,85800,SQUID_INK,1997,29,,,,,2000,29,,,,,1998.5,0.0
2578,-2,85900,SQUID_INK,1997,30,,,,,2000,30,,,,,1998.5,0.0
2580,-2,86000,SQUID_INK,1998,23,,,,,1999,1,2002.0,23.0,,,1998.5,0.0
2585,-2,86100,SQUID_INK,1998,20,,,,,2001,20,,,,,1999.5,0.0
2588,-2,86200,SQUID_INK,1998,28,,,,,2002,28,,,,,2000.0,0.0
2590,-2,86300,SQUID_INK,1998,28,,,,,2001,29,,,,,1999.5,0.0
2592,-2,86400,SQUID_INK,1999,37,,,,,2002,31,,,,,2000.5,0.0
2596,-2,86500,SQUID_INK,1999,1,1998.0,23.0,,,2001,2,2002.0,21.0,,,2000.0,0.0
2600,-2,86600,SQUID_INK,2000,22,,,,,2002,5,2003.0,22.0,,,2001.0,0.0
2601,-2,86700,SQUID_INK,2000,21,,,,,2003,21,,,,,2001.5,0.0
2604,-2,86800,SQUID_INK,2000,23,,,,,2003,23,,,,,2001.5,0.0
2608,-2,86900,SQUID_INK,1999,23,,,,,2001,4,2002.0,23.0,,,2000.0,0.0
2612,-2,87000,SQUID_INK,2000,22,,,,,2002,6,2003.0,22.0,,,2001.0,0.0
2613,-2,87100,SQUID_INK,2001,23,,,,,2003,8,2004.0,23.0,,,2002.0,0.0
2616,-2,87200,SQUID_INK,1999,20,,,,,2002,20,,,,,2000.5,0.0
2620,-2,87300,SQUID_INK,1998,30,,,,,2002,30,,,,,2000.0,0.0
2624,-2,87400,SQUID_INK,1998,28,,,,,2001,28,,,,,1999.5,0.0
2625,-2,87500,SQUID_INK,1998,31,,,,,2001,24,,,,,1999.5,0.0
2628,-2,87600,SQUID_INK,1998,30,,,,,2001,30,,,,,1999.5,0.0
2632,-2,87700,SQUID_INK,1998,20,,,,,2001,20,,,,,1999.5,0.0
2636,-2,87800,SQUID_INK,1997,20,,,,,2001,20,,,,,1999.0,0.0
2637,-2,87900,SQUID_INK,1999,10,1998.0,5.0,1997.0,25.0,2001,25,,,,,2000.0,0.0
2640,-2,88000,SQUID_INK,1997,27,,,,,2000,27,,,,,1998.5,0.0
2644,-2,88100,SQUID_INK,1996,28,,,,,1999,28,,,,,1997.5,0.0
2648,-2,88200,SQUID_INK,1997,34,,,,,2000,26,,,,,1998.5,0.0
2649,-2,88300,SQUID_INK,1998,5,1996.0,26.0,,,2000,26,,,,,1999.0,0.0
2653,-2,88400,SQUID_INK,1998,1,1996.0,28.0,,,2000,28,,,,,1999.0,0.0
2655,-2,88500,SQUID_INK,1996,22,,,,,2000,22,,,,,1998.0,0.0
2660,-2,88600,SQUID_INK,1996,25,,,,,1997,4,1999.0,25.0,,,1996.5,0.0
2663,-2,88700,SQUID_INK,1995,28,,,,,1997,1,1999.0,28.0,,,1996.0,0.0
2666,-2,88800,SQUID_INK,1994,26,,,,,1995,4,1997.0,31.0,,,1994.5,0.0
2667,-2,88900,SQUID_INK,1994,1,1992.0,27.0,,,1996,27,,,,,1995.0,0.0
2671,-2,89000,SQUID_INK,1992,24,,,,,1996,24,,,,,1994.0,0.0
2675,-2,89100,SQUID_INK,1993,29,,,,,1994,2,1996.0,2.0,1997.0,27.0,1993.5,0.0
2678,-2,89200,SQUID_INK,1993,30,,,,,1996,30,,,,,1994.5,0.0
2679,-2,89300,SQUID_INK,1993,25,,,,,1996,25,,,,,1994.5,0.0
2683,-2,89400,SQUID_INK,1994,4,1993.0,23.0,,,1995,3,1996.0,23.0,,,1994.5,0.0
2687,-2,89500,SQUID_INK,1993,27,,,,,1996,27,,,,,1994.5,0.0
2690,-2,89600,SQUID_INK,1992,26,,,,,1996,26,,,,,1994.0,0.0
2691,-2,89700,SQUID_INK,1992,30,,,,,1994,8,1995.0,30.0,,,1993.0,0.0
2695,-2,89800,SQUID_INK,1993,28,,,,,1996,28,,,,,1994.5,0.0
2699,-2,89900,SQUID_INK,1993,26,,,,,1996,26,,,,,1994.5,0.0
2702,-2,90000,SQUID_INK,1993,4,1992.0,24.0,,,1996,24,,,,,1994.5,0.0
2703,-2,90100,SQUID_INK,1991,28,,,,,1995,28,,,,,1993.0,0.0
2707,-2,90200,SQUID_INK,1992,21,,,,,1995,21,,,,,1993.5,0.0
2711,-2,90300,SQUID_INK,1993,23,,,,,1995,6,1996.0,23.0,,,1994.0,0.0
2714,-2,90400,SQUID_INK,1994,20,,,,,1997,25,,,,,1995.5,0.0
2715,-2,90500,SQUID_INK,1993,30,,,,,1996,24,,,,,1994.5,0.0
2719,-2,90600,SQUID_INK,1995,1,1993.0,26.0,,,1996,25,,,,,1995.5,0.0
2723,-2,90700,SQUID_INK,1993,28,,,,,1996,28,,,,,1994.5,0.0
2726,-2,90800,SQUID_INK,1994,26,,,,,1995,3,1997.0,26.0,,,1994.5,0.0
2728,-2,90900,SQUID_INK,1993,26,,,,,1995,4,1997.0,26.0,,,1994.0,0.0
2730,-2,91000,SQUID_INK,1993,30,,,,,1996,31,,,,,1994.5,0.0
2735,-2,91100,SQUID_INK,1992,23,,,,,1994,4,1995.0,23.0,,,1993.0,0.0
2738,-2,91200,SQUID_INK,1991,26,,,,,1994,26,,,,,1992.5,0.0
2740,-2,91300,SQUID_INK,1991,27,,,,,1994,27,,,,,1992.5,0.0
2742,-2,91400,SQUID_INK,1990,22,,,,,1993,22,,,,,1991.5,0.0
2747,-2,91500,SQUID_INK,1989,26,,,,,1991,1,1992.0,26.0,,,1990.0,0.0
2750,-2,91600,SQUID_INK,1990,30,,,,,1992,5,1994.0,30.0,,,1991.0,0.0
2752,-2,91700,SQUID_INK,1989,27,,,,,1992,23,,,,,1990.5,0.0
2754,-2,91800,SQUID_INK,1990,24,,,,,1993,24,,,,,1991.5,0.0
2759,-2,91900,SQUID_INK,1990,29,,,,,1993,22,,,,,1991.5,0.0
2762,-2,92000,SQUID_INK,1990,28,,,,,1994,28,,,,,1992.0,0.0
2764,-2,92100,SQUID_INK,1992,22,,,,,1995,22,,,,,1993.5,0.0
2766,-2,92200,SQUID_INK,1990,30,,,,,1992,4,1993.0,30.0,,,1991.0,0.0
2771,-2,92300,SQUID_INK,1990,30,,,,,1993,29,,,,,1991.5,0.0
2774,-2,92400,SQUID_INK,1990,2,1989.0,27.0,,,1991,8,1992.0,27.0,,,1990.5,0.0
2776,-2,92500,SQUID_INK,1989,1,1988.0,26.0,,,1992,28,,,,,1990.5,0.0
2778,-2,92600,SQUID_INK,1988,22,,,,,1990,4,1991.0,23.0,,,1989.0,0.0
2783,-2,92700,SQUID_INK,1989,20,,,,,1992,20,,,,,1990.5,0.0
2786,-2,92800,SQUID_INK,1989,22,,,,,1993,22,,,,,1991.0,0.0
2788,-2,92900,SQUID_INK,1990,21,,,,,1994,21,,,,,1992.0,0.0
2790,-2,93000,SQUID_INK,1992,22,,,,,1994,3,1995.0,22.0,,,1993.0,0.0
2794,-2,93100,SQUID_INK,1993,4,1992.0,21.0,,,1994,2,1995.0,21.0,,,1993.5,0.0
2798,-2,93200,SQUID_INK,1993,30,,,,,1995,3,1996.0,30.0,,,1994.0,0.0
2800,-2,93300,SQUID_INK,1995,27,,,,,1998,25,,,,,1996.5,0.0
2802,-2,93400,SQUID_INK,1993,26,,,,,1996,26,,,,,1994.5,0.0
2807,-2,93500,SQUID_INK,1993,28,,,,,1996,28,,,,,1994.5,0.0
2810,-2,93600,SQUID_INK,1993,30,,,,,1995,1,1996.0,30.0,,,1994.0,0.0
2812,-2,93700,SQUID_INK,1995,29,,,,,1998,29,,,,,1996.5,0.0
2814,-2,93800,SQUID_INK,1997,28,,,,,1999,8,2001.0,28.0,,,1998.0,0.0
2819,-2,93900,SQUID_INK,1997,28,,,,,2000,28,,,,,1998.5,0.0
2822,-2,94000,SQUID_INK,1996,30,,,,,1999,30,,,,,1997.5,0.0
2824,-2,94100,SQUID_INK,1999,1,1997.0,28.0,,,2000,28,,,,,1999.5,0.0
2826,-2,94200,SQUID_INK,1997,25,,,,,2001,25,,,,,1999.0,0.0
2831,-2,94300,SQUID_INK,1997,22,,,,,1998,1,2001.0,22.0,,,1997.5,0.0
2834,-2,94400,SQUID_INK,1997,23,,,,,2000,24,,,,,1998.5,0.0
2836,-2,94500,SQUID_INK,1997,22,,,,,2001,23,,,,,1999.0,0.0
2838,-2,94600,SQUID_INK,1999,4,1998.0,30.0,,,2001,30,,,,,2000.0,0.0
2843,-2,94700,SQUID_INK,1996,22,,,,,1999,22,,,,,1997.5,0.0
2846,-2,94800,SQUID_INK,1996,26,,,,,1999,26,,,,,1997.5,0.0
2848,-2,94900,SQUID_INK,1996,5,1995.0,30.0,,,1999,30,,,,,1997.5,0.0
2850,-2,95000,SQUID_INK,1997,2,1996.0,21.0,,,2000,23,,,,,1998.5,0.0
2855,-2,95100,SQUID_INK,1997,25,,,,,1999,5,2000.0,25.0,,,1998.0,0.0
2858,-2,95200,SQUID_INK,1997,23,,,,,2000,23,,,,,1998.5,0.0
2860,-2,95300,SQUID_INK,1996,38,,,,,1999,31,,,,,1997.5,0.0
2862,-2,95400,SQUID_INK,1997,25,,,,,2000,25,,,,,1998.5,0.0
2866,-2,95500,SQUID_INK,1997,21,,,,,2000,21,,,,,1998.5,0.0
2870,-2,95600,SQUID_INK,1999,1,1998.0,5.0,1997.0,22.0,2000,22,,,,,1999.5,0.0
2871,-2,95700,SQUID_INK,1997,32,,,,,2000,32,,,,,1998.5,0.0
2874,-2,95800,SQUID_INK,1994,25,,,,,1998,26,,,,,1996.0,0.0
2878,-2,95900,SQUID_INK,1994,25,,,,,1996,3,1997.0,25.0,,,1995.0,0.0
2882,-2,96000,SQUID_INK,1995,21,,,,,1998,21,,,,,1996.5,0.0
2883,-2,96100,SQUID_INK,1995,30,,,,,1999,30,,,,,1997.0,0.0
2886,-2,96200,SQUID_INK,1996,1,1995.0,27.0,,,1999,29,,,,,1997.5,0.0
2890,-2,96300,SQUID_INK,1996,24,,,,,2000,24,,,,,1998.0,0.0
2894,-2,96400,SQUID_INK,1997,1,1996.0,26.0,,,2000,27,,,,,1998.5,0.0
2895,-2,96500,SQUID_INK,1997,23,,,,,2000,23,,,,,1998.5,0.0
2898,-2,96600,SQUID_INK,1996,31,,,,,2000,31,,,,,1998.0,0.0
2902,-2,96700,SQUID_INK,1997,2,1996.0,23.0,,,2000,25,,,,,1998.5,0.0
2906,-2,96800,SQUID_INK,1999,1,1997.0,27.0,,,2000,27,,,,,1999.5,0.0
2907,-2,96900,SQUID_INK,1997,21,,,,,2000,21,,,,,1998.5,0.0
2910,-2,97000,SQUID_INK,1995,24,,,,,1996,2,1999.0,24.0,,,1995.5,0.0
2913,-2,97100,SQUID_INK,1997,3,1996.0,20.0,,,1999,20,,,,,1998.0,0.0
2918,-2,97200,SQUID_INK,1996,22,,,,,2000,22,,,,,1998.0,0.0
2919,-2,97300,SQUID_INK,1996,32,,,,,1999,32,,,,,1997.5,0.0
2923,-2,97400,SQUID_INK,1998,9,1997.0,30.0,,,2001,31,,,,,1999.5,0.0
2925,-2,97500,SQUID_INK,1999,4,1997.0,22.0,,,2000,22,,,,,1999.5,0.0
2929,-2,97600,SQUID_INK,1997,31,,,,,2000,31,,,,,1998.5,0.0
2933,-2,97700,SQUID_INK,1997,32,,,,,2001,32,,,,,1999.0,0.0
2936,-2,97800,SQUID_INK,1997,24,,,,,2000,24,,,,,1998.5,0.0
2937,-2,97900,SQUID_INK,1997,30,,,,,2000,30,,,,,1998.5,0.0
2941,-2,98000,SQUID_INK,1996,31,,,,,1999,31,,,,,1997.5,0.0
2945,-2,98100,SQUID_INK,1998,1,1997.0,8.0,1996.0,27.0,2000,27,,,,,1999.0,0.0
2948,-2,98200,SQUID_INK,1996,26,,,,,1998,3,2000.0,27.0,,,1997.0,0.0
2949,-2,98300,SQUID_INK,1996,22,,,,,1998,5,1999.0,26.0,,,1997.0,0.0
2953,-2,98400,SQUID_INK,1996,25,,,,,1999,26,,,,,1997.5,0.0
2957,-2,98500,SQUID_INK,1998,5,1996.0,25.0,,,1999,25,,,,,1998.5,0.0
2960,-2,98600,SQUID_INK,1996,21,,,,,1999,20,,,,,1997.5,0.0
2961,-2,98700,SQUID_INK,1996,29,,,,,1999,29,,,,,1997.5,0.0
2965,-2,98800,SQUID_INK,1998,32,,,,,2001,32,,,,,1999.5,0.0
2969,-2,98900,SQUID_INK,1999,3,1998.0,25.0,,,2001,25,,,,,2000.0,0.0
2972,-2,99000,SQUID_INK,1998,23,,,,,2000,7,2001.0,23.0,,,1999.0,0.0
2973,-2,99100,SQUID_INK,1998,22,,,,,2000,2,2001.0,22.0,,,1999.0,0.0
2977,-2,99200,SQUID_INK,1999,1,1998.0,3.0,1997.0,2.0,2000,31,,,,,1999.5,0.0
2981,-2,99300,SQUID_INK,1997,1,1996.0,20.0,,,1998,2,2000.0,21.0,,,1997.5,0.0
2984,-2,99400,SQUID_INK,1998,2,1997.0,24.0,,,2001,26,,,,,1999.5,0.0
2985,-2,99500,SQUID_INK,1999,1,1997.0,34.0,,,2000,30,,,,,1999.5,0.0
2989,-2,99600,SQUID_INK,1995,28,,,,,1998,28,,,,,1996.5,0.0
2993,-2,99700,SQUID_INK,1995,31,,,,,1998,31,,,,,1996.5,0.0
2996,-2,99800,SQUID_INK,1995,35,,,,,1996,4,1998.0,29.0,,,1995.5,0.0
2998,-2,99900,SQUID_INK,1995,28,,,,,1998,28,,,,,1996.5,0.0
3000,-2,100000,SQUID_INK,1996,30,,,,,1999,30,,,,,1997.5,0.0
3005,-2,100100,SQUID_INK,1995,27,,,,,1998,28,,,,,1996.5,0.0
3008,-2,100200,SQUID_INK,1994,22,,,,,1997,22,,,,,1995.5,0.0
3010,-2,100300,SQUID_INK,1992,28,,,,,1995,1,1996.0,27.0,,,1993.5,0.0
3012,-2,100400,SQUID_INK,1996,1,1994.0,1.0,1993.0,20.0,1997,21,,,,,1996.5,0.0
3017,-2,100500,SQUID_INK,1994,24,,,,,1998,24,,,,,1996.0,0.0
3020,-2,100600,SQUID_INK,1995,31,,,,,1998,31,,,,,1996.5,0.0
3022,-2,100700,SQUID_INK,1995,27,,,,,1998,27,,,,,1996.5,0.0
3024,-2,100800,SQUID_INK,1996,22,,,,,1999,22,,,,,1997.5,0.0
3029,-2,100900,SQUID_INK,1995,26,,,,,1998,26,,,,,1996.5,0.0
3032,-2,101000,SQUID_INK,1994,21,,,,,1998,21,,,,,1996.0,0.0
3034,-2,101100,SQUID_INK,1996,6,1995.0,28.0,,,1998,1,1999.0,27.0,,,1997.0,0.0
3036,-2,101200,SQUID_INK,1995,23,,,,,1998,23,,,,,1996.5,0.0
3041,-2,101300,SQUID_INK,1997,6,1996.0,28.0,,,1999,1,2000.0,27.0,,,1998.0,0.0
3044,-2,101400,SQUID_INK,1996,26,,,,,2000,26,,,,,1998.0,0.0
3046,-2,101500,SQUID_INK,1998,26,,,,,2000,3,2001.0,26.0,,,1999.0,0.0
3048,-2,101600,SQUID_INK,1997,28,,,,,2001,28,,,,,1999.0,0.0
3053,-2,101700,SQUID_INK,1999,22,,,,,2002,22,,,,,2000.5,0.0
3056,-2,101800,SQUID_INK,1998,23,,,,,2001,23,,,,,1999.5,0.0
3058,-2,101900,SQUID_INK,1998,21,,,,,2001,21,,,,,1999.5,0.0
3060,-2,102000,SQUID_INK,1998,25,,,,,2001,25,,,,,1999.5,0.0
3065,-2,102100,SQUID_INK,1997,23,,,,,1999,4,2000.0,1.0,2001.0,22.0,1998.0,0.0
3068,-2,102200,SQUID_INK,1998,31,,,,,2001,31,,,,,1999.5,0.0
3070,-2,102300,SQUID_INK,1998,36,,,,,2001,30,,,,,1999.5,0.0
3072,-2,102400,SQUID_INK,1998,30,,,,,2000,4,2002.0,31.0,,,1999.0,0.0
3077,-2,102500,SQUID_INK,2001,1,1998.0,30.0,,,2002,30,,,,,2001.5,0.0
3080,-2,102600,SQUID_INK,1999,23,,,,,2002,23,,,,,2000.5,0.0
3082,-2,102700,SQUID_INK,1998,30,,,,,2001,22,,,,,1999.5,0.0
3084,-2,102800,SQUID_INK,1998,29,,,,,2001,29,,,,,1999.5,0.0
3089,-2,102900,SQUID_INK,1998,25,,,,,2001,25,,,,,1999.5,0.0
3092,-2,103000,SQUID_INK,1999,2,1998.0,30.0,,,2001,2,2002.0,28.0,,,2000.0,0.0
3094,-2,103100,SQUID_INK,1999,22,,,,,2002,22,,,,,2000.5,0.0
3096,-2,103200,SQUID_INK,2000,24,,,,,2003,24,,,,,2001.5,0.0
3101,-2,103300,SQUID_INK,2003,2,2001.0,21.0,,,2004,21,,,,,2003.5,0.0
3104,-2,103400,SQUID_INK,2002,29,,,,,2004,5,2005.0,29.0,,,2003.0,0.0
3106,-2,103500,SQUID_INK,2001,31,,,,,2004,2,2005.0,29.0,,,2002.5,0.0
3108,-2,103600,SQUID_INK,2003,1,2001.0,31.0,,,2004,2,2005.0,29.0,,,2003.5,0.0
3113,-2,103700,SQUID_INK,2002,30,,,,,2005,22,,,,,2003.5,0.0
3116,-2,103800,SQUID_INK,2002,31,,,,,2005,31,,,,,2003.5,0.0
3118,-2,103900,SQUID_INK,2001,22,,,,,2004,22,,,,,2002.5,0.0
3120,-2,104000,SQUID_INK,2001,29,,,,,2004,29,,,,,2002.5,0.0
3125,-2,104100,SQUID_INK,2000,30,,,,,2001,3,2002.0,6.0,2003.0,30.0,2000.5,0.0
3128,-2,104200,SQUID_INK,2000,23,,,,,2003,23,,,,,2001.5,0.0
3129,-2,104300,SQUID_INK,2000,24,,,,,2003,24,,,,,2001.5,0.0
3132,-2,104400,SQUID_INK,2002,5,2001.0,29.0,,,2004,21,,,,,2003.0,0.0
3136,-2,104500,SQUID_INK,2001,28,,,,,2004,25,,,,,2002.5,0.0
3140,-2,104600,SQUID_INK,2001,30,,,,,2004,27,,,,,2002.5,0.0
3141,-2,104700,SQUID_INK,2000,24,,,,,2003,25,,,,,2001.5,0.0
3144,-2,104800,SQUID_INK,2001,5,2000.0,27.0,,,2003,2,2004.0,25.0,,,2002.0,0.0
3148,-2,104900,SQUID_INK,2002,1,2000.0,1.0,1999.0,27.0,2003,28,,,,,2002.5,0.0
3152,-2,105000,SQUID_INK,2000,31,,,,,2003,31,,,,,2001.5,0.0
3153,-2,105100,SQUID_INK,1998,29,,,,,2001,29,,,,,1999.5,0.0
3156,-2,105200,SQUID_INK,1998,21,,,,,2001,22,,,,,1999.5,0.0
3160,-2,105300,SQUID_INK,1998,26,,,,,2001,23,,,,,1999.5,0.0
3164,-2,105400,SQUID_INK,1998,29,,,,,2000,4,2001.0,29.0,,,1999.0,0.0
3165,-2,105500,SQUID_INK,1998,22,,,,,2001,22,,,,,1999.5,0.0
3168,-2,105600,SQUID_INK,1998,29,,,,,2000,3,2001.0,29.0,,,1999.0,0.0
3172,-2,105700,SQUID_INK,1999,31,,,,,2002,31,,,,,2000.5,0.0
3176,-2,105800,SQUID_INK,1999,28,,,,,2000,6,2003.0,28.0,,,1999.5,0.0
3177,-2,105900,SQUID_INK,1998,27,,,,,2002,27,,,,,2000.0,0.0
3181,-2,106000,SQUID_INK,1998,23,,,,,2002,23,,,,,2000.0,0.0
3183,-2,106100,SQUID_INK,1997,26,,,,,2001,26,,,,,1999.0,0.0
3188,-2,106200,SQUID_INK,1999,2,1998.0,23.0,,,2002,23,,,,,2000.5,0.0
3189,-2,106300,SQUID_INK,1998,22,,,,,2001,22,,,,,1999.5,0.0
3193,-2,106400,SQUID_INK,1999,26,,,,,2002,26,,,,,2000.5,0.0
3195,-2,106500,SQUID_INK,1998,22,,,,,2002,22,,,,,2000.0,0.0
3199,-2,106600,SQUID_INK,2000,7,1999.0,20.0,,,2003,20,,,,,2001.5,0.0
3203,-2,106700,SQUID_INK,1999,30,,,,,2001,8,2002.0,30.0,,,2000.0,0.0
3206,-2,106800,SQUID_INK,1999,23,,,,,2002,23,,,,,2000.5,0.0
3207,-2,106900,SQUID_INK,1999,23,,,,,2000,10,2003.0,23.0,,,1999.5,0.0
3211,-2,107000,SQUID_INK,1999,27,,,,,2003,27,,,,,2001.0,0.0
3215,-2,107100,SQUID_INK,2002,1,2000.0,1.0,1999.0,29.0,2003,30,,,,,2002.5,0.0
3218,-2,107200,SQUID_INK,1999,26,,,,,2003,26,,,,,2001.0,0.0
3219,-2,107300,SQUID_INK,1998,29,,,,,2000,1,2002.0,29.0,,,1999.0,0.0
3223,-2,107400,SQUID_INK,1999,25,,,,,2003,25,,,,,2001.0,0.0
3227,-2,107500,SQUID_INK,1999,25,,,,,2002,2,2003.0,23.0,,,2000.5,0.0
3230,-2,107600,SQUID_INK,1998,2,1997.0,20.0,,,2001,22,,,,,1999.5,0.0
3231,-2,107700,SQUID_INK,2000,4,1998.0,24.0,,,2001,22,,,,,2000.5,0.0
3235,-2,107800,SQUID_INK,2000,1,1997.0,22.0,,,2001,22,,,,,2000.5,0.0
3239,-2,107900,SQUID_INK,1997,25,,,,,2000,2,2001.0,23.0,,,1998.5,0.0
3242,-2,108000,SQUID_INK,1996,32,,,,,1999,32,,,,,1997.5,0.0
3243,-2,108100,SQUID_INK,1999,24,,,,,2002,29,,,,,2000.5,0.0
3247,-2,108200,SQUID_INK,1998,25,,,,,2001,25,,,,,1999.5,0.0
3251,-2,108300,SQUID_INK,1998,27,,,,,2001,27,,,,,1999.5,0.0
3254,-2,108400,SQUID_INK,1999,1,1996.0,27.0,,,2000,27,,,,,1999.5,0.0
3255,-2,108500,SQUID_INK,1998,26,,,,,1999,2,2001.0,26.0,,,1998.5,0.0
3259,-2,108600,SQUID_INK,1998,24,,,,,2001,26,,,,,1999.5,0.0
3263,-2,108700,SQUID_INK,1997,26,,,,,2001,26,,,,,1999.0,0.0
3266,-2,108800,SQUID_INK,1998,20,,,,,2000,4,2001.0,21.0,,,1999.0,0.0
3268,-2,108900,SQUID_INK,1997,28,,,,,2000,28,,,,,1998.5,0.0
3270,-2,109000,SQUID_INK,1997,22,,,,,1999,8,2001.0,22.0,,,1998.0,0.0
3275,-2,109100,SQUID_INK,1999,3,1998.0,8.0,1997.0,21.0,2001,23,,,,,2000.0,0.0
3278,-2,109200,SQUID_INK,1997,31,,,,,2000,26,,,,,1998.5,0.0
3280,-2,109300,SQUID_INK,1997,23,,,,,2000,23,,,,,1998.5,0.0
3282,-2,109400,SQUID_INK,1999,1,1997.0,30.0,,,2000,30,,,,,1999.5,0.0
3287,-2,109500,SQUID_INK,1997,22,,,,,2000,22,,,,,1998.5,0.0
3290,-2,109600,SQUID_INK,1997,23,,,,,2001,23,,,,,1999.0,0.0
3292,-2,109700,SQUID_INK,1997,28,,,,,2000,1,2001.0,27.0,,,1998.5,0.0
3294,-2,109800,SQUID_INK,1997,29,,,,,2000,29,,,,,1998.5,0.0
3299,-2,109900,SQUID_INK,1998,26,,,,,2000,7,2001.0,26.0,,,1999.0,0.0
3302,-2,110000,SQUID_INK,1999,32,,,,,2002,30,,,,,2000.5,0.0
3304,-2,110100,SQUID_INK,2001,2,1999.0,28.0,,,2002,24,,,,,2001.5,0.0
3306,-2,110200,SQUID_INK,1999,23,,,,,2002,23,,,,,2000.5,0.0
3311,-2,110300,SQUID_INK,1999,30,,,,,2002,30,,,,,2000.5,0.0
3314,-2,110400,SQUID_INK,1999,29,,,,,2003,29,,,,,2001.0,0.0
3316,-2,110500,SQUID_INK,1999,23,,,,,2003,23,,,,,2001.0,0.0
3318,-2,110600,SQUID_INK,1999,23,,,,,2002,23,,,,,2000.5,0.0
3323,-2,110700,SQUID_INK,2000,22,,,,,2003,22,,,,,2001.5,0.0
3326,-2,110800,SQUID_INK,1999,27,,,,,2003,27,,,,,2001.0,0.0
3328,-2,110900,SQUID_INK,1998,32,,,,,2001,32,,,,,1999.5,0.0
3330,-2,111000,SQUID_INK,1998,28,,,,,2002,28,,,,,2000.0,0.0
3335,-2,111100,SQUID_INK,1998,21,,,,,2001,21,,,,,1999.5,0.0
3338,-2,111200,SQUID_INK,2000,27,,,,,2001,3,2003.0,27.0,,,2000.5,0.0
3340,-2,111300,SQUID_INK,2003,3,2001.0,20.0,,,2004,20,,,,,2003.5,0.0
3342,-2,111400,SQUID_INK,2000,28,,,,,2004,28,,,,,2002.0,0.0
3347,-2,111500,SQUID_INK,2000,25,,,,,2002,6,2003.0,25.0,,,2001.0,0.0
3350,-2,111600,SQUID_INK,2000,29,,,,,2002,2,2004.0,31.0,,,2001.0,0.0
3352,-2,111700,SQUID_INK,2001,28,,,,,2004,28,,,,,2002.5,0.0
3354,-2,111800,SQUID_INK,2001,34,,,,,2004,26,,,,,2002.5,0.0
3359,-2,111900,SQUID_INK,2001,26,,,,,2004,26,,,,,2002.5,0.0
3362,-2,112000,SQUID_INK,2002,5,2001.0,28.0,,,2004,28,,,,,2003.0,0.0
3364,-2,112100,SQUID_INK,2001,25,,,,,2004,25,,,,,2002.5,0.0
3366,-2,112200,SQUID_INK,2002,3,2001.0,29.0,,,2005,29,,,,,2003.5,0.0
3371,-2,112300,SQUID_INK,1999,25,,,,,2002,23,,,,,2000.5,0.0
3374,-2,112400,SQUID_INK,2001,1,1999.0,29.0,,,2002,29,,,,,2001.5,0.0
3376,-2,112500,SQUID_INK,1998,26,,,,,2002,27,,,,,2000.0,0.0
3378,-2,112600,SQUID_INK,1999,30,,,,,2001,7,2002.0,30.0,,,2000.0,0.0
3383,-2,112700,SQUID_INK,1998,22,,,,,2002,22,,,,,2000.0,0.0
3386,-2,112800,SQUID_INK,1999,2,1998.0,22.0,,,2001,2,2002.0,20.0,,,2000.0,0.0
3388,-2,112900,SQUID_INK,1999,23,,,,,2001,4,2002.0,23.0,,,2000.0,0.0
3390,-2,113000,SQUID_INK,2000,1,1999.0,23.0,,,2003,24,,,,,2001.5,0.0
3394,-2,113100,SQUID_INK,2002,1,2000.0,25.0,,,2003,25,,,,,2002.5,0.0
3398,-2,113200,SQUID_INK,1999,27,,,,,2003,28,,,,,2001.0,0.0
3399,-2,113300,SQUID_INK,2000,21,,,,,2002,4,2003.0,21.0,,,2001.0,0.0
3402,-2,113400,SQUID_INK,2000,21,,,,,2002,7,2003.0,21.0,,,2001.0,0.0
3406,-2,113500,SQUID_INK,1999,26,,,,,2002,20,,,,,2000.5,0.0
3410,-2,113600,SQUID_INK,1998,27,,,,,2002,28,,,,,2000.0,0.0
3411,-2,113700,SQUID_INK,2000,2,1999.0,24.0,,,2001,1,2003.0,26.0,,,2000.5,0.0
3414,-2,113800,SQUID_INK,2000,28,,,,,2002,2,2003.0,28.0,,,2001.0,0.0
3418,-2,113900,SQUID_INK,2001,1,2000.0,28.0,,,2004,28,,,,,2002.5,0.0
3422,-2,114000,SQUID_INK,2000,26,,,,,2003,26,,,,,2001.5,0.0
3423,-2,114100,SQUID_INK,2003,9,2001.0,31.0,,,2004,28,,,,,2003.5,0.0
3426,-2,114200,SQUID_INK,2000,28,,,,,2003,28,,,,,2001.5,0.0
3430,-2,114300,SQUID_INK,2000,21,,,,,2004,22,,,,,2002.0,0.0
3434,-2,114400,SQUID_INK,2000,25,,,,,2002,5,2003.0,2.0,2004.0,23.0,2001.0,0.0
3435,-2,114500,SQUID_INK,2000,28,,,,,2002,1,2003.0,28.0,,,2001.0,0.0
3438,-2,114600,SQUID_INK,1999,21,,,,,2002,21,,,,,2000.5,0.0
3442,-2,114700,SQUID_INK,1999,31,,,,,2002,26,,,,,2000.5,0.0
3446,-2,114800,SQUID_INK,1998,31,,,,,2000,4,2002.0,31.0,,,1999.0,0.0
3447,-2,114900,SQUID_INK,1999,25,,,,,2002,25,,,,,2000.5,0.0
3451,-2,115000,SQUID_INK,1999,23,,,,,2002,24,,,,,2000.5,0.0
3453,-2,115100,SQUID_INK,2000,26,,,,,2002,8,2003.0,26.0,,,2001.0,0.0
3458,-2,115200,SQUID_INK,2000,21,,,,,2003,22,,,,,2001.5,0.0
3459,-2,115300,SQUID_INK,1999,28,,,,,2002,28,,,,,2000.5,0.0
3464,-2,115400,SQUID_INK,1999,34,,,,,2002,26,,,,,2000.5,0.0
3465,-2,115500,SQUID_INK,1999,30,,,,,2002,30,,,,,2000.5,0.0
3469,-2,115600,SQUID_INK,1999,24,,,,,2002,27,,,,,2000.5,0.0
3473,-2,115700,SQUID_INK,1998,25,,,,,2000,4,2001.0,25.0,,,1999.0,0.0
3476,-2,115800,SQUID_INK,2000,1,1998.0,31.0,,,2001,1,2002.0,30.0,,,2000.5,0.0
3477,-2,115900,SQUID_INK,1999,23,,,,,2002,23,,,,,2000.5,0.0
3481,-2,116000,SQUID_INK,1998,27,,,,,2000,3,2001.0,27.0,,,1999.0,0.0
3485,-2,116100,SQUID_INK,1999,32,,,,,2002,32,,,,,2000.5,0.0
3488,-2,116200,SQUID_INK,1998,23,,,,,2001,23,,,,,1999.5,0.0
3489,-2,116300,SQUID_INK,1999,2,1998.0,23.0,,,2002,25,,,,,2000.5,0.0
3493,-2,116400,SQUID_INK,1999,23,,,,,2001,1,2002.0,23.0,,,2000.0,0.0
3497,-2,116500,SQUID_INK,2000,30,,,,,2003,30,,,,,2001.5,0.0
3500,-2,116600,SQUID_INK,1999,22,,,,,2000,3,2001.0,1.0,2002.0,2.0,1999.5,0.0
3501,-2,116700,SQUID_INK,2002,1,1999.0,30.0,,,2003,30,,,,,2002.5,0.0
3505,-2,116800,SQUID_INK,2000,25,,,,,2003,25,,,,,2001.5,0.0
3509,-2,116900,SQUID_INK,2000,32,,,,,2001,5,2003.0,32.0,,,2000.5,0.0
3512,-2,117000,SQUID_INK,2000,24,,,,,2002,2,2003.0,24.0,,,2001.0,0.0
3513,-2,117100,SQUID_INK,2000,27,,,,,2002,2,2003.0,2.0,2004.0,25.0,2001.0,0.0
3517,-2,117200,SQUID_INK,2000,26,,,,,2003,26,,,,,2001.5,0.0
3521,-2,117300,SQUID_INK,2001,27,,,,,2003,2,2004.0,27.0,,,2002.0,0.0
3524,-2,117400,SQUID_INK,2001,9,2000.0,26.0,,,2004,28,,,,,2002.5,0.0
3525,-2,117500,SQUID_INK,2001,27,,,,,2004,26,,,,,2002.5,0.0
3528,-2,117600,SQUID_INK,2001,23,,,,,2004,23,,,,,2002.5,0.0
3533,-2,117700,SQUID_INK,2003,1,2001.0,27.0,,,2005,27,,,,,2004.0,0.0
3536,-2,117800,SQUID_INK,2001,26,,,,,2002,4,2005.0,26.0,,,2001.5,0.0
3538,-2,117900,SQUID_INK,2001,22,,,,,2005,22,,,,,2003.0,0.0
3540,-2,118000,SQUID_INK,2002,35,,,,,2005,28,,,,,2003.5,0.0
3545,-2,118100,SQUID_INK,2002,29,,,,,2005,29,,,,,2003.5,0.0
3548,-2,118200,SQUID_INK,2003,3,2002.0,32.0,,,2005,29,,,,,2004.0,0.0
3550,-2,118300,SQUID_INK,2003,2,2002.0,26.0,,,2004,7,2005.0,26.0,,,2003.5,0.0
3552,-2,118400,SQUID_INK,2002,28,,,,,2005,23,,,,,2003.5,0.0
3557,-2,118500,SQUID_INK,2001,30,,,,,2003,7,2004.0,30.0,,,2002.0,0.0
3560,-2,118600,SQUID_INK,2001,30,,,,,2004,31,,,,,2002.5,0.0
3562,-2,118700,SQUID_INK,2001,28,,,,,2005,28,,,,,2003.0,0.0
3564,-2,118800,SQUID_INK,2001,29,,,,,2004,29,,,,,2002.5,0.0
3569,-2,118900,SQUID_INK,2000,29,,,,,2003,29,,,,,2001.5,0.0
3572,-2,119000,SQUID_INK,2000,32,,,,,2002,3,2004.0,32.0,,,2001.0,0.0
3574,-2,119100,SQUID_INK,2001,23,,,,,2005,23,,,,,2003.0,0.0
3576,-2,119200,SQUID_INK,2001,31,,,,,2004,27,,,,,2002.5,0.0
3581,-2,119300,SQUID_INK,2000,29,,,,,2004,29,,,,,2002.0,0.0
3584,-2,119400,SQUID_INK,2001,24,,,,,2004,24,,,,,2002.5,0.0
3586,-2,119500,SQUID_INK,2001,26,,,,,2004,27,,,,,2002.5,0.0
3588,-2,119600,SQUID_INK,2001,21,,,,,2004,21,,,,,2002.5,0.0
3593,-2,119700,SQUID_INK,2001,7,2000.0,28.0,,,2004,30,,,,,2002.5,0.0
3596,-2,119800,SQUID_INK,2001,9,2000.0,29.0,,,2004,31,,,,,2002.5,0.0
3598,-2,119900,SQUID_INK,2000,27,,,,,2002,3,2003.0,27.0,,,2001.0,0.0
3600,-2,120000,SQUID_INK,1999,23,,,,,2001,3,2002.0,23.0,,,2000.0,0.0
3605,-2,120100,SQUID_INK,1998,27,,,,,2001,1,2002.0,26.0,,,1999.5,0.0
3608,-2,120200,SQUID_INK,1998,21,,,,,1999,1,2002.0,21.0,,,1998.5,0.0
3610,-2,120300,SQUID_INK,1999,33,,,,,2002,29,,,,,2000.5,0.0
3612,-2,120400,SQUID_INK,1999,36,,,,,2002,31,,,,,2000.5,0.0
3617,-2,120500,SQUID_INK,1999,31,,,,,2002,31,,,,,2000.5,0.0
3620,-2,120600,SQUID_INK,1999,28,,,,,2002,28,,,,,2000.5,0.0
3622,-2,120700,SQUID_INK,2000,30,,,,,2003,29,,,,,2001.5,0.0
3624,-2,120800,SQUID_INK,2000,1,1999.0,11.0,1998.0,29.0,2002,29,,,,,2001.0,0.0
3629,-2,120900,SQUID_INK,1997,30,,,,,1999,3,2001.0,30.0,,,1998.0,0.0
3632,-2,121000,SQUID_INK,1998,27,,,,,2001,27,,,,,1999.5,0.0
3634,-2,121100,SQUID_INK,1997,27,,,,,2000,27,,,,,1998.5,0.0
3636,-2,121200,SQUID_INK,1997,1,1996.0,24.0,,,2000,24,,,,,1998.5,0.0
3641,-2,121300,SQUID_INK,1996,1,1995.0,22.0,,,1999,23,,,,,1997.5,0.0
3644,-2,121400,SQUID_INK,1996,26,,,,,1998,6,1999.0,26.0,,,1997.0,0.0
3646,-2,121500,SQUID_INK,1993,25,,,,,1997,25,,,,,1995.0,0.0
3648,-2,121600,SQUID_INK,1994,30,,,,,1997,30,,,,,1995.5,0.0
3653,-2,121700,SQUID_INK,1995,27,,,,,1998,27,,,,,1996.5,0.0
3656,-2,121800,SQUID_INK,1993,23,,,,,1995,5,1997.0,23.0,,,1994.0,0.0
3658,-2,121900,SQUID_INK,1994,24,,,,,1997,24,,,,,1995.5,0.0
3660,-2,122000,SQUID_INK,1994,13,,,,,1997,22,,,,,1995.5,0.0
3664,-2,122100,SQUID_INK,1994,21,,,,,1996,8,1997.0,21.0,,,1995.0,0.0
3668,-2,122200,SQUID_INK,1994,25,,,,,1997,20,,,,,1995.5,0.0
3669,-2,122300,SQUID_INK,1995,1,1994.0,32.0,,,1997,2,1998.0,30.0,,,1996.0,0.0
3672,-2,122400,SQUID_INK,1995,20,,,,,1997,5,1998.0,20.0,,,1996.0,0.0
3676,-2,122500,SQUID_INK,1995,22,,,,,1997,5,1998.0,22.0,,,1996.0,0.0
3680,-2,122600,SQUID_INK,1996,2,1995.0,27.0,,,1999,29,,,,,1997.5,0.0
3681,-2,122700,SQUID_INK,1997,26,,,,,2000,27,,,,,1998.5,0.0
3684,-2,122800,SQUID_INK,1997,26,,,,,2000,26,,,,,1998.5,0.0
3688,-2,122900,SQUID_INK,1998,28,,,,,2000,6,2002.0,28.0,,,1999.0,0.0
3692,-2,123000,SQUID_INK,1998,1,1997.0,24.0,,,2001,24,,,,,1999.5,0.0
3693,-2,123100,SQUID_INK,1998,31,,,,,1999,5,2001.0,32.0,,,1998.5,0.0
3696,-2,123200,SQUID_INK,2000,1,1999.0,6.0,1998.0,36.0,2001,30,,,,,2000.5,0.0
3700,-2,123300,SQUID_INK,2000,9,1998.0,28.0,,,2001,28,,,,,2000.5,0.0
3704,-2,123400,SQUID_INK,1999,25,,,,,2002,25,,,,,2000.5,0.0
3705,-2,123500,SQUID_INK,2000,30,,,,,2003,26,,,,,2001.5,0.0
3708,-2,123600,SQUID_INK,2000,28,,,,,2004,28,,,,,2002.0,0.0
3712,-2,123700,SQUID_INK,2001,31,,,,,2004,31,,,,,2002.5,0.0
3716,-2,123800,SQUID_INK,2000,24,,,,,2004,24,,,,,2002.0,0.0
3717,-2,123900,SQUID_INK,2002,1,2001.0,2.0,2000.0,27.0,2004,27,,,,,2003.0,0.0
3721,-2,124000,SQUID_INK,2003,1,2001.0,28.0,,,2004,28,,,,,2003.5,0.0
3723,-2,124100,SQUID_INK,2000,22,,,,,2003,22,,,,,2001.5,0.0
3726,-2,124200,SQUID_INK,2000,3,1999.0,25.0,,,2002,25,,,,,2001.0,0.0
3731,-2,124300,SQUID_INK,2000,29,,,,,2003,29,,,,,2001.5,0.0
3734,-2,124400,SQUID_INK,2000,21,,,,,2004,21,,,,,2002.0,0.0
3735,-2,124500,SQUID_INK,1999,26,,,,,2003,26,,,,,2001.0,0.0
3739,-2,124600,SQUID_INK,2000,19,,,,,2003,22,,,,,2001.5,0.0
3743,-2,124700,SQUID_INK,1999,26,,,,,2002,26,,,,,2000.5,0.0
3746,-2,124800,SQUID_INK,1999,25,,,,,2003,25,,,,,2001.0,0.0
3747,-2,124900,SQUID_INK,1999,30,,,,,2002,30,,,,,2000.5,0.0
3751,-2,125000,SQUID_INK,2000,28,,,,,2003,28,,,,,2001.5,0.0
3755,-2,125100,SQUID_INK,2000,31,,,,,2003,32,,,,,2001.5,0.0
3758,-2,125200,SQUID_INK,1999,26,,,,,2001,1,2002.0,26.0,,,2000.0,0.0
3759,-2,125300,SQUID_INK,1998,27,,,,,2001,27,,,,,1999.5,0.0
3763,-2,125400,SQUID_INK,1998,32,,,,,2000,6,2001.0,32.0,,,1999.0,0.0
3767,-2,125500,SQUID_INK,1998,28,,,,,2001,28,,,,,1999.5,0.0
3770,-2,125600,SQUID_INK,1998,29,,,,,2000,7,2001.0,2.0,2002.0,27.0,1999.0,0.0
3771,-2,125700,SQUID_INK,1999,27,,,,,2002,27,,,,,2000.5,0.0
3775,-2,125800,SQUID_INK,2000,22,,,,,2003,22,,,,,2001.5,0.0
3779,-2,125900,SQUID_INK,1999,27,,,,,2002,23,,,,,2000.5,0.0
3782,-2,126000,SQUID_INK,2000,2,1999.0,28.0,,,2003,30,,,,,2001.5,0.0
3783,-2,126100,SQUID_INK,1999,26,,,,,2003,26,,,,,2001.0,0.0
3787,-2,126200,SQUID_INK,2000,27,,,,,2003,29,,,,,2001.5,0.0
3791,-2,126300,SQUID_INK,1999,31,,,,,2002,28,,,,,2000.5,0.0
3794,-2,126400,SQUID_INK,2000,30,,,,,2003,30,,,,,2001.5,0.0
3796,-2,126500,SQUID_INK,2001,27,,,,,2004,27,,,,,2002.5,0.0
3798,-2,126600,SQUID_INK,2000,26,,,,,2002,2,2003.0,26.0,,,2001.0,0.0
3803,-2,126700,SQUID_INK,2000,26,,,,,2003,26,,,,,2001.5,0.0
3806,-2,126800,SQUID_INK,2001,25,,,,,2004,25,,,,,2002.5,0.0
3808,-2,126900,SQUID_INK,2001,33,,,,,2004,25,,,,,2002.5,0.0
3810,-2,127000,SQUID_INK,2002,28,,,,,2006,28,,,,,2004.0,0.0
3815,-2,127100,SQUID_INK,2002,20,,,,,2005,20,,,,,2003.5,0.0
3818,-2,127200,SQUID_INK,2002,25,,,,,2005,24,,,,,2003.5,0.0
3820,-2,127300,SQUID_INK,2002,23,,,,,2005,24,,,,,2003.5,0.0
3822,-2,127400,SQUID_INK,2002,3,2001.0,23.0,,,2005,24,,,,,2003.5,0.0
3827,-2,127500,SQUID_INK,2001,24,,,,,2003,2,2005.0,24.0,,,2002.0,0.0
3830,-2,127600,SQUID_INK,2002,22,,,,,2003,1,2004.0,3.0,2006.0,22.0,2002.5,0.0
3832,-2,127700,SQUID_INK,2003,26,,,,,2005,7,2006.0,26.0,,,2004.0,0.0
3834,-2,127800,SQUID_INK,2002,24,,,,,2004,1,2006.0,24.0,,,2003.0,0.0
3839,-2,127900,SQUID_INK,2002,33,,,,,2005,28,,,,,2003.5,0.0
3842,-2,128000,SQUID_INK,2002,27,,,,,2005,27,,,,,2003.5,0.0
3844,-2,128100,SQUID_INK,2002,32,,,,,2005,26,,,,,2003.5,0.0
3846,-2,128200,SQUID_INK,2000,22,,,,,2004,22,,,,,2002.0,0.0
3851,-2,128300,SQUID_INK,1998,22,,,,,2000,6,2001.0,22.0,,,1999.0,0.0
3854,-2,128400,SQUID_INK,1998,31,,,,,1999,9,2001.0,1.0,2002.0,30.0,1998.5,0.0
3856,-2,128500,SQUID_INK,1999,28,,,,,2002,28,,,,,2000.5,0.0
3858,-2,128600,SQUID_INK,2000,34,,,,,2003,31,,,,,2001.5,0.0
3863,-2,128700,SQUID_INK,2000,29,,,,,2002,2,2003.0,29.0,,,2001.0,0.0
3866,-2,128800,SQUID_INK,2002,1,1999.0,24.0,,,2003,24,,,,,2002.5,0.0
3868,-2,128900,SQUID_INK,2001,3,1999.0,25.0,,,2003,25,,,,,2002.0,0.0
3870,-2,129000,SQUID_INK,1999,27,,,,,2002,22,,,,,2000.5,0.0
3875,-2,129100,SQUID_INK,1999,29,,,,,2003,29,,,,,2001.0,0.0
3878,-2,129200,SQUID_INK,1999,30,,,,,2002,30,,,,,2000.5,0.0
3880,-2,129300,SQUID_INK,1999,2,1998.0,26.0,,,2002,28,,,,,2000.5,0.0
3882,-2,129400,SQUID_INK,1998,24,,,,,2002,24,,,,,2000.0,0.0
3887,-2,129500,SQUID_INK,1999,1,1998.0,25.0,,,2002,25,,,,,2000.5,0.0
3890,-2,129600,SQUID_INK,1997,29,,,,,1999,6,2001.0,29.0,,,1998.0,0.0
3892,-2,129700,SQUID_INK,1996,20,,,,,1997,1,2000.0,20.0,,,1996.5,0.0
3894,-2,129800,SQUID_INK,1997,22,,,,,2000,21,,,,,1998.5,0.0
3899,-2,129900,SQUID_INK,1997,27,,,,,2001,27,,,,,1999.0,0.0
3902,-2,130000,SQUID_INK,1998,23,,,,,2001,23,,,,,1999.5,0.0
3904,-2,130100,SQUID_INK,1997,31,,,,,2000,31,,,,,1998.5,0.0
3906,-2,130200,SQUID_INK,1997,24,,,,,2000,25,,,,,1998.5,0.0
3911,-2,130300,SQUID_INK,1997,29,,,,,2000,30,,,,,1998.5,0.0
3914,-2,130400,SQUID_INK,1997,26,,,,,1998,3,2000.0,27.0,,,1997.5,0.0
3916,-2,130500,SQUID_INK,1996,31,,,,,1999,31,,,,,1997.5,0.0
3918,-2,130600,SQUID_INK,1998,1,1996.0,25.0,,,1999,25,,,,,1998.5,0.0
3923,-2,130700,SQUID_INK,1995,25,,,,,1999,25,,,,,1997.0,0.0
3926,-2,130800,SQUID_INK,1994,24,,,,,1996,5,1998.0,24.0,,,1995.0,0.0
3927,-2,130900,SQUID_INK,1996,31,,,,,1999,31,,,,,1997.5,0.0
3930,-2,131000,SQUID_INK,1995,27,,,,,1997,7,1998.0,27.0,,,1996.0,0.0
3934,-2,131100,SQUID_INK,1995,18,,,,,1996,2,1997.0,5.0,1998.0,24.0,1995.5,0.0
3938,-2,131200,SQUID_INK,1995,29,,,,,1999,29,,,,,1997.0,0.0
3939,-2,131300,SQUID_INK,1996,27,,,,,1999,27,,,,,1997.5,0.0
3942,-2,131400,SQUID_INK,1998,30,,,,,2001,30,,,,,1999.5,0.0
3946,-2,131500,SQUID_INK,1997,22,,,,,2001,22,,,,,1999.0,0.0
3950,-2,131600,SQUID_INK,1998,20,,,,,2000,5,2001.0,20.0,,,1999.0,0.0
3951,-2,131700,SQUID_INK,1997,24,,,,,2000,24,,,,,1998.5,0.0
3954,-2,131800,SQUID_INK,1997,30,,,,,2000,30,,,,,1998.5,0.0
3958,-2,131900,SQUID_INK,1997,23,,,,,2000,23,,,,,1998.5,0.0
3962,-2,132000,SQUID_INK,1997,2,1996.0,23.0,,,2000,25,,,,,1998.5,0.0
3963,-2,132100,SQUID_INK,1996,29,,,,,1997,6,2000.0,30.0,,,1996.5,0.0
3966,-2,132200,SQUID_INK,1997,2,1996.0,20.0,,,2000,22,,,,,1998.5,0.0
3970,-2,132300,SQUID_INK,1998,4,1997.0,27.0,,,2001,27,,,,,1999.5,0.0
3974,-2,132400,SQUID_INK,1997,25,,,,,2001,25,,,,,1999.0,0.0
3975,-2,132500,SQUID_INK,1998,31,,,,,2001,31,,,,,1999.5,0.0
3978,-2,132600,SQUID_INK,1997,25,,,,,1999,7,2000.0,25.0,,,1998.0,0.0
3981,-2,132700,SQUID_INK,1998,24,,,,,1999,3,2001.0,24.0,,,1998.5,0.0
3986,-2,132800,SQUID_INK,1998,22,,,,,2001,22,,,,,1999.5,0.0
3987,-2,132900,SQUID_INK,1997,26,,,,,2001,26,,,,,1999.0,0.0
3991,-2,133000,SQUID_INK,1998,1,1997.0,21.0,,,2001,22,,,,,1999.5,0.0
3993,-2,133100,SQUID_INK,1997,30,,,,,2001,30,,,,,1999.0,0.0
3997,-2,133200,SQUID_INK,1997,26,,,,,2000,26,,,,,1998.5,0.0
4001,-2,133300,SQUID_INK,1997,25,,,,,1999,5,2000.0,25.0,,,1998.0,0.0
4004,-2,133400,SQUID_INK,1997,22,,,,,2000,22,,,,,1998.5,0.0
4005,-2,133500,SQUID_INK,1996,20,,,,,2000,20,,,,,1998.0,0.0
4009,-2,133600,SQUID_INK,1997,31,,,,,2000,26,,,,,1998.5,0.0
4013,-2,133700,SQUID_INK,1997,29,,,,,2000,29,,,,,1998.5,0.0
4016,-2,133800,SQUID_INK,1997,26,,,,,2000,26,,,,,1998.5,0.0
4017,-2,133900,SQUID_INK,1997,27,,,,,2000,27,,,,,1998.5,0.0
4021,-2,134000,SQUID_INK,1997,29,,,,,2000,29,,,,,1998.5,0.0
4025,-2,134100,SQUID_INK,1998,9,1996.0,29.0,,,1999,29,,,,,1998.5,0.0
4028,-2,134200,SQUID_INK,1994,26,,,,,1995,1,1998.0,27.0,,,1994.5,0.0
4029,-2,134300,SQUID_INK,1998,1,1996.0,27.0,,,1999,27,,,,,1998.5,0.0
4033,-2,134400,SQUID_INK,1995,26,,,,,1999,26,,,,,1997.0,0.0
4037,-2,134500,SQUID_INK,1994,26,,,,,1998,26,,,,,1996.0,0.0
4040,-2,134600,SQUID_INK,1993,26,,,,,1997,26,,,,,1995.0,0.0
4041,-2,134700,SQUID_INK,1994,5,1993.0,31.0,,,1996,1,1997.0,30.0,,,1995.0,0.0
4045,-2,134800,SQUID_INK,1993,23,,,,,1995,8,1996.0,23.0,,,1994.0,0.0
4049,-2,134900,SQUID_INK,1993,29,,,,,1996,29,,,,,1994.5,0.0
4052,-2,135000,SQUID_INK,1991,22,,,,,1994,22,,,,,1992.5,0.0
4053,-2,135100,SQUID_INK,1991,26,,,,,1994,26,,,,,1992.5,0.0
4057,-2,135200,SQUID_INK,1990,23,,,,,1993,23,,,,,1991.5,0.0
4061,-2,135300,SQUID_INK,1987,25,,,,,1990,26,,,,,1988.5,0.0
4064,-2,135400,SQUID_INK,1985,21,,,,,1989,21,,,,,1987.0,0.0
4066,-2,135500,SQUID_INK,1984,25,,,,,1987,25,,,,,1985.5,0.0
4068,-2,135600,SQUID_INK,1985,24,,,,,1988,25,,,,,1986.5,0.0
4073,-2,135700,SQUID_INK,1985,26,,,,,1987,1,1989.0,26.0,,,1986.0,0.0
4076,-2,135800,SQUID_INK,1987,26,,,,,1991,26,,,,,1989.0,0.0
4078,-2,135900,SQUID_INK,1988,24,,,,,1991,1,1992.0,23.0,,,1989.5,0.0
4080,-2,136000,SQUID_INK,1989,29,,,,,1991,3,1993.0,29.0,,,1990.0,0.0
4085,-2,136100,SQUID_INK,1989,28,,,,,1991,4,1993.0,28.0,,,1990.0,0.0
4088,-2,136200,SQUID_INK,1988,20,,,,,1992,20,,,,,1990.0,0.0
4090,-2,136300,SQUID_INK,1987,27,,,,,1990,25,,,,,1988.5,0.0
4092,-2,136400,SQUID_INK,1988,8,1987.0,25.0,,,1991,25,,,,,1989.5,0.0
4097,-2,136500,SQUID_INK,1986,25,,,,,1989,26,,,,,1987.5,0.0
4100,-2,136600,SQUID_INK,1985,29,,,,,1988,29,,,,,1986.5,0.0
4102,-2,136700,SQUID_INK,1987,29,,,,,1990,29,,,,,1988.5,0.0
4104,-2,136800,SQUID_INK,1987,23,,,,,1989,8,1991.0,23.0,,,1988.0,0.0
4109,-2,136900,SQUID_INK,1987,2,1986.0,26.0,,,1990,26,,,,,1988.5,0.0
4112,-2,137000,SQUID_INK,1985,28,,,,,1988,28,,,,,1986.5,0.0
4114,-2,137100,SQUID_INK,1986,31,,,,,1988,5,1989.0,31.0,,,1987.0,0.0
4116,-2,137200,SQUID_INK,1986,22,,,,,1987,3,1988.0,3.0,1989.0,22.0,1986.5,0.0
4121,-2,137300,SQUID_INK,1988,2,1986.0,31.0,,,1990,31,,,,,1989.0,0.0
4124,-2,137400,SQUID_INK,1986,24,,,,,1990,24,,,,,1988.0,0.0
4126,-2,137500,SQUID_INK,1989,1,1987.0,25.0,,,1990,25,,,,,1989.5,0.0
4128,-2,137600,SQUID_INK,1986,25,,,,,1989,25,,,,,1987.5,0.0
4133,-2,137700,SQUID_INK,1986,29,,,,,1989,29,,,,,1987.5,0.0
4136,-2,137800,SQUID_INK,1985,30,,,,,1988,30,,,,,1986.5,0.0
4138,-2,137900,SQUID_INK,1985,27,,,,,1988,27,,,,,1986.5,0.0
4140,-2,138000,SQUID_INK,1985,26,,,,,1988,26,,,,,1986.5,0.0
4145,-2,138100,SQUID_INK,1985,32,,,,,1989,32,,,,,1987.0,0.0
4148,-2,138200,SQUID_INK,1986,31,,,,,1989,31,,,,,1987.5,0.0
4150,-2,138300,SQUID_INK,1989,1,1987.0,32.0,,,1990,32,,,,,1989.5,0.0
4152,-2,138400,SQUID_INK,1986,25,,,,,1989,25,,,,,1987.5,0.0
4157,-2,138500,SQUID_INK,1986,31,,,,,1988,6,1989.0,31.0,,,1987.0,0.0
4160,-2,138600,SQUID_INK,1987,24,,,,,1989,2,1990.0,24.0,,,1988.0,0.0
4162,-2,138700,SQUID_INK,1986,22,,,,,1988,3,1990.0,22.0,,,1987.0,0.0
4164,-2,138800,SQUID_INK,1989,1,1987.0,5.0,1986.0,29.0,1990,31,,,,,1989.5,0.0
4169,-2,138900,SQUID_INK,1986,22,,,,,1989,22,,,,,1987.5,0.0
4172,-2,139000,SQUID_INK,1988,1,1986.0,24.0,,,1989,20,,,,,1988.5,0.0
4174,-2,139100,SQUID_INK,1985,24,,,,,1988,24,,,,,1986.5,0.0
4176,-2,139200,SQUID_INK,1985,26,,,,,1987,5,1988.0,26.0,,,1986.0,0.0
4181,-2,139300,SQUID_INK,1984,30,,,,,1988,30,,,,,1986.0,0.0
4184,-2,139400,SQUID_INK,1985,22,,,,,1989,22,,,,,1987.0,0.0
4186,-2,139500,SQUID_INK,1987,1,1986.0,5.0,1985.0,21.0,1989,21,,,,,1988.0,0.0
4188,-2,139600,SQUID_INK,1986,23,,,,,1989,23,,,,,1987.5,0.0
4193,-2,139700,SQUID_INK,1986,30,,,,,1989,30,,,,,1987.5,0.0
4196,-2,139800,SQUID_INK,1988,8,1987.0,27.0,,,1990,1,1991.0,26.0,,,1989.0,0.0
4197,-2,139900,SQUID_INK,1987,25,,,,,1991,25,,,,,1989.0,0.0
4200,-2,140000,SQUID_INK,1987,26,,,,,1991,26,,,,,1989.0,0.0
4204,-2,140100,SQUID_INK,1986,28,,,,,1989,28,,,,,1987.5,0.0
4208,-2,140200,SQUID_INK,1987,23,,,,,1990,23,,,,,1988.5,0.0
4209,-2,140300,SQUID_INK,1987,25,,,,,1990,25,,,,,1988.5,0.0
4212,-2,140400,SQUID_INK,1988,29,,,,,1990,4,1992.0,29.0,,,1989.0,0.0
4216,-2,140500,SQUID_INK,1988,28,,,,,1991,1,1992.0,27.0,,,1989.5,0.0
4220,-2,140600,SQUID_INK,1989,30,,,,,1992,30,,,,,1990.5,0.0
4221,-2,140700,SQUID_INK,1991,1,1990.0,4.0,1989.0,29.0,1993,29,,,,,1992.0,0.0
4224,-2,140800,SQUID_INK,1985,32,,,,,1988,29,,,,,1986.5,0.0
4228,-2,140900,SQUID_INK,1984,21,,,,,1987,22,,,,,1985.5,0.0
4232,-2,141000,SQUID_INK,1985,30,,,,,1988,30,,,,,1986.5,0.0
4233,-2,141100,SQUID_INK,1986,2,1985.0,21.0,,,1987,5,1989.0,23.0,,,1986.5,0.0
4236,-2,141200,SQUID_INK,1986,23,,,,,1990,23,,,,,1988.0,0.0
4240,-2,141300,SQUID_INK,1987,27,,,,,1990,27,,,,,1988.5,0.0
4244,-2,141400,SQUID_INK,1985,1,1983.0,31.0,,,1986,25,,,,,1985.5,0.0
4245,-2,141500,SQUID_INK,1983,31,,,,,1985,5,1987.0,31.0,,,1984.0,0.0
4249,-2,141600,SQUID_INK,1986,2,1985.0,28.0,,,1987,6,1988.0,28.0,,,1986.5,0.0
4251,-2,141700,SQUID_INK,1984,10,1982.0,32.0,,,1985,2,1986.0,30.0,,,1984.5,0.0
4256,-2,141800,SQUID_INK,1984,7,1983.0,31.0,,,1987,31,,,,,1985.5,0.0
4257,-2,141900,SQUID_INK,1983,22,,,,,1987,22,,,,,1985.0,0.0
4262,-2,142000,SQUID_INK,1985,21,,,,,1988,21,,,,,1986.5,0.0
4263,-2,142100,SQUID_INK,1988,21,,,,,1990,1,1991.0,21.0,,,1989.0,0.0
4267,-2,142200,SQUID_INK,1988,36,,,,,1991,28,,,,,1989.5,0.0
4271,-2,142300,SQUID_INK,1987,26,,,,,1991,26,,,,,1989.0,0.0
4274,-2,142400,SQUID_INK,1986,32,,,,,1989,32,,,,,1987.5,0.0
4275,-2,142500,SQUID_INK,1984,23,,,,,1987,23,,,,,1985.5,0.0
4279,-2,142600,SQUID_INK,1983,25,,,,,1986,25,,,,,1984.5,0.0
4283,-2,142700,SQUID_INK,1983,27,,,,,1986,27,,,,,1984.5,0.0
4286,-2,142800,SQUID_INK,1985,1,1984.0,4.0,1983.0,30.0,1986,29,,,,,1985.5,0.0
4287,-2,142900,SQUID_INK,1983,21,,,,,1986,20,,,,,1984.5,0.0
4291,-2,143000,SQUID_INK,1985,1,1984.0,23.0,,,1988,24,,,,,1986.5,0.0
4295,-2,143100,SQUID_INK,1985,28,,,,,1988,28,,,,,1986.5,0.0
4298,-2,143200,SQUID_INK,1983,26,,,,,1987,26,,,,,1985.0,0.0
4299,-2,143300,SQUID_INK,1986,24,,,,,1989,25,,,,,1987.5,0.0
4303,-2,143400,SQUID_INK,1989,4,1988.0,31.0,,,1992,31,,,,,1990.5,0.0
4307,-2,143500,SQUID_INK,1989,29,,,,,1992,24,,,,,1990.5,0.0
4310,-2,143600,SQUID_INK,1989,29,,,,,1990,4,1993.0,29.0,,,1989.5,0.0
4311,-2,143700,SQUID_INK,1988,30,,,,,1992,30,,,,,1990.0,0.0
4315,-2,143800,SQUID_INK,1987,27,,,,,1989,6,1990.0,27.0,,,1988.0,0.0
4319,-2,143900,SQUID_INK,1985,1,1983.0,23.0,,,1986,23,,,,,1985.5,0.0
4322,-2,144000,SQUID_INK,1979,20,,,,,1983,20,,,,,1981.0,0.0
4323,-2,144100,SQUID_INK,1979,29,,,,,1981,4,1982.0,29.0,,,1980.0,0.0
4326,-2,144200,SQUID_INK,1979,3,1978.0,30.0,,,1982,31,,,,,1980.5,0.0
4331,-2,144300,SQUID_INK,1979,2,1978.0,26.0,,,1980,4,1982.0,28.0,,,1979.5,0.0
4334,-2,144400,SQUID_INK,1981,32,,,,,1984,29,,,,,1982.5,0.0
4336,-2,144500,SQUID_INK,1981,29,,,,,1983,2,1984.0,29.0,,,1982.0,0.0
4338,-2,144600,SQUID_INK,1982,25,,,,,1985,25,,,,,1983.5,0.0
4343,-2,144700,SQUID_INK,1982,21,,,,,1984,3,1985.0,21.0,,,1983.0,0.0
4346,-2,144800,SQUID_INK,1982,31,,,,,1984,6,1986.0,31.0,,,1983.0,0.0
4348,-2,144900,SQUID_INK,1984,28,,,,,1988,28,,,,,1986.0,0.0
4350,-2,145000,SQUID_INK,1984,22,,,,,1988,22,,,,,1986.0,0.0
4355,-2,145100,SQUID_INK,1985,26,,,,,1988,26,,,,,1986.5,0.0
4358,-2,145200,SQUID_INK,1984,26,,,,,1987,26,,,,,1985.5,0.0
4360,-2,145300,SQUID_INK,1984,23,,,,,1986,6,1987.0,1.0,1988.0,22.0,1985.0,0.0
4362,-2,145400,SQUID_INK,1984,29,,,,,1986,2,1988.0,29.0,,,1985.0,0.0
4367,-2,145500,SQUID_INK,1984,31,,,,,1987,1,1988.0,30.0,,,1985.5,0.0
4370,-2,145600,SQUID_INK,1987,28,,,,,1990,28,,,,,1988.5,0.0
4372,-2,145700,SQUID_INK,1981,25,,,,,1984,22,,,,,1982.5,0.0
4374,-2,145800,SQUID_INK,1979,1,1977.0,23.0,,,1980,23,,,,,1979.5,0.0
4379,-2,145900,SQUID_INK,1973,1,1971.0,24.0,,,1974,24,,,,,1973.5,0.0
4382,-2,146000,SQUID_INK,1970,1,1968.0,22.0,,,1971,22,,,,,1970.5,0.0
4384,-2,146100,SQUID_INK,1968,30,,,,,1971,30,,,,,1969.5,0.0
4386,-2,146200,SQUID_INK,1964,29,,,,,1966,5,1967.0,29.0,,,1965.0,0.0
4391,-2,146300,SQUID_INK,1964,23,,,,,1967,23,,,,,1965.5,0.0
4394,-2,146400,SQUID_INK,1965,24,,,,,1966,4,1968.0,24.0,,,1965.5,0.0
4396,-2,146500,SQUID_INK,1967,25,,,,,1971,25,,,,,1969.0,0.0
4398,-2,146600,SQUID_INK,1968,27,,,,,1970,6,1971.0,27.0,,,1969.0,0.0
4403,-2,146700,SQUID_INK,1969,22,,,,,1971,3,1973.0,22.0,,,1970.0,0.0
4406,-2,146800,SQUID_INK,1971,1,1969.0,23.0,,,1972,23,,,,,1971.5,0.0
4408,-2,146900,SQUID_INK,1969,26,,,,,1970,4,1973.0,26.0,,,1969.5,0.0
4410,-2,147000,SQUID_INK,1968,26,,,,,1972,26,,,,,1970.0,0.0
4415,-2,147100,SQUID_INK,1968,25,,,,,1969,4,1970.0,8.0,1971.0,25.0,1968.5,0.0
4418,-2,147200,SQUID_INK,1966,22,,,,,1970,22,,,,,1968.0,0.0
4420,-2,147300,SQUID_INK,1970,30,,,,,1973,31,,,,,1971.5,0.0
4422,-2,147400,SQUID_INK,1972,30,,,,,1975,30,,,,,1973.5,0.0
4427,-2,147500,SQUID_INK,1974,1,1973.0,22.0,,,1977,23,,,,,1975.5,0.0
4430,-2,147600,SQUID_INK,1976,28,,,,,1980,28,,,,,1978.0,0.0
4432,-2,147700,SQUID_INK,1977,22,,,,,1981,22,,,,,1979.0,0.0
4434,-2,147800,SQUID_INK,1979,1,1977.0,6.0,1976.0,27.0,1980,29,,,,,1979.5,0.0
4439,-2,147900,SQUID_INK,1976,26,,,,,1980,26,,,,,1978.0,0.0
4442,-2,148000,SQUID_INK,1978,2,1977.0,27.0,,,1979,5,1980.0,27.0,,,1978.5,0.0
4444,-2,148100,SQUID_INK,1977,24,,,,,1980,27,,,,,1978.5,0.0
4446,-2,148200,SQUID_INK,1980,1,1978.0,23.0,,,1981,23,,,,,1980.5,0.0
4451,-2,148300,SQUID_INK,1978,13,,,,,1980,6,1981.0,23.0,,,1979.0,0.0
4454,-2,148400,SQUID_INK,1978,3,1977.0,26.0,,,1980,26,,,,,1979.0,0.0
4456,-2,148500,SQUID_INK,1979,1,1977.0,20.0,,,1980,20,,,,,1979.5,0.0
4458,-2,148600,SQUID_INK,1979,21,,,,,1982,21,,,,,1980.5,0.0
4462,-2,148700,SQUID_INK,1981,1,1980.0,27.0,,,1984,27,,,,,1982.5,0.0
4466,-2,148800,SQUID_INK,1980,25,,,,,1983,25,,,,,1981.5,0.0
4467,-2,148900,SQUID_INK,1981,4,1980.0,23.0,,,1982,7,1983.0,1.0,1984.0,22.0,1981.5,0.0
4470,-2,149000,SQUID_INK,1979,25,,,,,1983,27,,,,,1981.0,0.0
4474,-2,149100,SQUID_INK,1980,26,,,,,1983,26,,,,,1981.5,0.0
4478,-2,149200,SQUID_INK,1979,32,,,,,1982,30,,,,,1980.5,0.0
4479,-2,149300,SQUID_INK,1980,23,,,,,1983,1,1984.0,22.0,,,1981.5,0.0
4482,-2,149400,SQUID_INK,1979,28,,,,,1980,3,1981.0,7.0,1982.0,28.0,1979.5,0.0
4486,-2,149500,SQUID_INK,1978,21,,,,,1980,7,1982.0,21.0,,,1979.0,0.0
4490,-2,149600,SQUID_INK,1980,28,,,,,1981,3,1984.0,28.0,,,1980.5,0.0
4491,-2,149700,SQUID_INK,1980,24,,,,,1983,24,,,,,1981.5,0.0
4494,-2,149800,SQUID_INK,1978,30,,,,,1982,30,,,,,1980.0,0.0
4498,-2,149900,SQUID_INK,1980,30,,,,,1982,1,1983.0,30.0,,,1981.0,0.0
4502,-2,150000,SQUID_INK,1980,29,,,,,1982,7,1983.0,2.0,1984.0,27.0,1981.0,0.0
4503,-2,150100,SQUID_INK,1980,2,1979.0,25.0,,,1981,2,1983.0,27.0,,,1980.5,0.0
4506,-2,150200,SQUID_INK,1980,30,,,,,1982,2,1983.0,30.0,,,1981.0,0.0
4510,-2,150300,SQUID_INK,1980,31,,,,,1982,8,1983.0,31.0,,,1981.0,0.0
4514,-2,150400,SQUID_INK,1980,21,,,,,1984,21,,,,,1982.0,0.0
4515,-2,150500,SQUID_INK,1981,1,1979.0,31.0,,,1982,31,,,,,1981.5,0.0
4519,-2,150600,SQUID_INK,1977,23,,,,,1981,23,,,,,1979.0,0.0
4521,-2,150700,SQUID_INK,1979,32,,,,,1982,26,,,,,1980.5,0.0
4526,-2,150800,SQUID_INK,1978,27,,,,,1980,6,1982.0,27.0,,,1979.0,0.0
4529,-2,150900,SQUID_INK,1978,30,,,,,1981,30,,,,,1979.5,0.0
4532,-2,151000,SQUID_INK,1978,23,,,,,1981,23,,,,,1979.5,0.0
4533,-2,151100,SQUID_INK,1978,4,1977.0,30.0,,,1981,30,,,,,1979.5,0.0
4537,-2,151200,SQUID_INK,1977,22,,,,,1980,22,,,,,1978.5,0.0
4541,-2,151300,SQUID_INK,1976,23,,,,,1977,2,1979.0,23.0,,,1976.5,0.0
4544,-2,151400,SQUID_INK,1976,20,,,,,1979,1,1980.0,20.0,,,1977.5,0.0
4545,-2,151500,SQUID_INK,1977,1,1976.0,30.0,,,1978,5,1980.0,31.0,,,1977.5,0.0
4549,-2,151600,SQUID_INK,1979,3,1977.0,26.0,,,1981,26,,,,,1980.0,0.0
4553,-2,151700,SQUID_INK,1977,1,1976.0,28.0,,,1980,29,,,,,1978.5,0.0
4556,-2,151800,SQUID_INK,1977,27,,,,,1980,27,,,,,1978.5,0.0
4557,-2,151900,SQUID_INK,1976,30,,,,,1980,31,,,,,1978.0,0.0
4561,-2,152000,SQUID_INK,1980,1,1978.0,26.0,,,1981,26,,,,,1980.5,0.0
4565,-2,152100,SQUID_INK,1977,32,,,,,1981,32,,,,,1979.0,0.0
4568,-2,152200,SQUID_INK,1975,23,,,,,1978,23,,,,,1976.5,0.0
4569,-2,152300,SQUID_INK,1975,31,,,,,1978,32,,,,,1976.5,0.0
4573,-2,152400,SQUID_INK,1974,30,,,,,1975,2,1976.0,5.0,1977.0,2.0,1974.5,0.0
4577,-2,152500,SQUID_INK,1976,32,,,,,1979,32,,,,,1977.5,0.0
4580,-2,152600,SQUID_INK,1976,27,,,,,1979,1,1980.0,26.0,,,1977.5,0.0
4581,-2,152700,SQUID_INK,1977,5,1976.0,28.0,,,1979,2,1980.0,26.0,,,1978.0,0.0
4585,-2,152800,SQUID_INK,1978,3,1976.0,23.0,,,1979,23,,,,,1978.5,0.0
4589,-2,152900,SQUID_INK,1976,23,,,,,1979,23,,,,,1977.5,0.0
4592,-2,153000,SQUID_INK,1978,25,,,,,1981,25,,,,,1979.5,0.0
4594,-2,153100,SQUID_INK,1978,37,,,,,1981,30,,,,,1979.5,0.0
4596,-2,153200,SQUID_INK,1979,22,,,,,1982,22,,,,,1980.5,0.0
4601,-2,153300,SQUID_INK,1979,29,,,,,1982,29,,,,,1980.5,0.0
4604,-2,153400,SQUID_INK,1977,27,,,,,1978,2,1979.0,4.0,1980.0,27.0,1977.5,0.0
4606,-2,153500,SQUID_INK,1976,28,,,,,1979,28,,,,,1977.5,0.0
4608,-2,153600,SQUID_INK,1977,6,1976.0,21.0,,,1979,1,1980.0,20.0,,,1978.0,0.0
4613,-2,153700,SQUID_INK,1975,32,,,,,1977,3,1979.0,32.0,,,1976.0,0.0
4616,-2,153800,SQUID_INK,1980,1,1978.0,26.0,,,1981,26,,,,,1980.5,0.0
4618,-2,153900,SQUID_INK,1977,20,,,,,1981,21,,,,,1979.0,0.0
4620,-2,154000,SQUID_INK,1976,22,,,,,1977,10,1979.0,22.0,,,1976.5,0.0
4625,-2,154100,SQUID_INK,1976,23,,,,,1980,23,,,,,1978.0,0.0
4628,-2,154200,SQUID_INK,1976,29,,,,,1978,4,1979.0,29.0,,,1977.0,0.0
4630,-2,154300,SQUID_INK,1976,26,,,,,1979,24,,,,,1977.5,0.0
4632,-2,154400,SQUID_INK,1976,25,,,,,1980,25,,,,,1978.0,0.0
4637,-2,154500,SQUID_INK,1978,6,1976.0,35.0,,,1979,31,,,,,1978.5,0.0
4640,-2,154600,SQUID_INK,1976,2,1975.0,25.0,,,1979,27,,,,,1977.5,0.0
4642,-2,154700,SQUID_INK,1975,23,,,,,1976,1,1977.0,7.0,1979.0,23.0,1975.5,0.0
4644,-2,154800,SQUID_INK,1977,28,,,,,1979,3,1981.0,29.0,,,1978.0,0.0
4649,-2,154900,SQUID_INK,1979,4,1978.0,31.0,,,1981,31,,,,,1980.0,0.0
4652,-2,155000,SQUID_INK,1979,1,1978.0,31.0,,,1982,31,,,,,1980.5,0.0
4654,-2,155100,SQUID_INK,1976,22,,,,,1979,22,,,,,1977.5,0.0
4656,-2,155200,SQUID_INK,1978,24,,,,,1980,7,1981.0,24.0,,,1979.0,0.0
4660,-2,155300,SQUID_INK,1978,2,1977.0,23.0,,,1981,25,,,,,1979.5,0.0
4664,-2,155400,SQUID_INK,1977,23,,,,,1980,23,,,,,1978.5,0.0
4666,-2,155500,SQUID_INK,1977,22,,,,,1981,22,,,,,1979.0,0.0
4668,-2,155600,SQUID_INK,1980,2,1979.0,30.0,,,1983,32,,,,,1981.5,0.0
4673,-2,155700,SQUID_INK,1980,22,,,,,1983,22,,,,,1981.5,0.0
4676,-2,155800,SQUID_INK,1981,22,,,,,1984,22,,,,,1982.5,0.0
4678,-2,155900,SQUID_INK,1980,10,1979.0,27.0,,,1983,29,,,,,1981.5,0.0
4680,-2,156000,SQUID_INK,1980,1,1979.0,27.0,,,1983,28,,,,,1981.5,0.0
4685,-2,156100,SQUID_INK,1982,8,1980.0,24.0,,,1983,24,,,,,1982.5,0.0
4688,-2,156200,SQUID_INK,1978,24,,,,,1979,4,1982.0,25.0,,,1978.5,0.0
4690,-2,156300,SQUID_INK,1979,1,1978.0,25.0,,,1982,26,,,,,1980.5,0.0
4692,-2,156400,SQUID_INK,1980,2,1979.0,1.0,1978.0,20.0,1982,21,,,,,1981.0,0.0
4697,-2,156500,SQUID_INK,1978,2,1977.0,30.0,,,1979,8,1981.0,32.0,,,1978.5,0.0
4700,-2,156600,SQUID_INK,1978,27,,,,,1981,27,,,,,1979.5,0.0
