day,timestamp,product,bid_price_1,bid_volume_1,bid_price_2,bid_volume_2,bid_price_3,bid_volume_3,ask_price_1,ask_volume_1,ask_price_2,ask_volume_2,ask_price_3,ask_volume_3,mid_price,profit_and_loss
0,0,VOLCANIC_ROCK_VOUCHER_10000,505.0,19.0,,,,,506,19,,,,,505.5,0.0
0,100,VOLCANIC_ROCK_VOUCHER_10000,515.0,13.0,,,,,516,13,,,,,515.5,0.0
0,200,VOLCANIC_ROCK_VOUCHER_10000,516.0,15.0,,,,,517,15,,,,,516.5,0.0
0,300,VOLCANIC_ROCK_VOUCHER_10000,521.0,13.0,,,,,522,13,,,,,521.5,0.0
0,400,VOLCANIC_ROCK_VOUCHER_10000,512.0,15.0,,,,,513,15,,,,,512.5,0.0
0,500,VOLCANIC_ROCK_VOUCHER_10000,510.0,18.0,,,,,511,18,,,,,510.5,0.0
0,600,VOLCANIC_ROCK_VOUCHER_10000,506.0,15.0,,,,,507,15,,,,,506.5,0.0
0,700,VOLCANIC_ROCK_VOUCHER_10000,507.0,16.0,,,,,508,16,,,,,507.5,0.0
0,800,VOLCANIC_ROCK_VOUCHER_10000,500.0,10.0,,,,,501,10,,,,,500.5,0.0
0,900,VOLCANIC_ROCK_VOUCHER_10000,498.0,22.0,,,,,499,22,,,,,498.5,0.0
0,1000,VOLCANIC_ROCK_VOUCHER_10000,503.0,18.0,,,,,504,18,,,,,503.5,0.0
0,1100,VOLCANIC_ROCK_VOUCHER_10000,504.0,18.0,,,,,505,18,,,,,504.5,0.0
0,1200,VOLCANIC_ROCK_VOUCHER_10000,507.0,15.0,,,,,508,15,,,,,507.5,0.0
0,1300,VOLCANIC_ROCK_VOUCHER_10000,514.0,1.0,513.0,14.0,,,515,15,,,,,514.5,0.0
0,1400,VOLCANIC_ROCK_VOUCHER_10000,513.0,17.0,,,,,515,17,,,,,514.0,0.0
0,1500,VOLCANIC_ROCK_VOUCHER_10000,507.0,20.0,,,,,508,20,,,,,507.5,0.0
0,1600,VOLCANIC_ROCK_VOUCHER_10000,507.0,11.0,,,,,508,11,,,,,507.5,0.0
0,1700,VOLCANIC_ROCK_VOUCHER_10000,502.0,20.0,,,,,503,20,,,,,502.5,0.0
0,1800,VOLCANIC_ROCK_VOUCHER_10000,501.0,14.0,,,,,502,14,,,,,501.5,0.0
0,1900,VOLCANIC_ROCK_VOUCHER_10000,496.0,19.0,,,,,497,2,498.0,17.0,,,496.5,0.0
0,2000,VOLCANIC_ROCK_VOUCHER_10000,496.0,2.0,,,,,497,15,,,,,496.5,0.0
0,2100,VOLCANIC_ROCK_VOUCHER_10000,491.0,13.0,,,,,492,13,,,,,491.5,0.0
0,2200,VOLCANIC_ROCK_VOUCHER_10000,489.0,17.0,,,,,490,17,,,,,489.5,0.0
0,2300,VOLCANIC_ROCK_VOUCHER_10000,494.0,20.0,,,,,495,20,,,,,494.5,0.0
0,2400,VOLCANIC_ROCK_VOUCHER_10000,489.0,15.0,,,,,490,15,,,,,489.5,0.0
0,2500,VOLCANIC_ROCK_VOUCHER_10000,483.0,16.0,,,,,484,16,,,,,483.5,0.0
0,2600,VOLCANIC_ROCK_VOUCHER_10000,479.0,5.0,,,,,480,15,,,,,479.5,0.0
0,2700,VOLCANIC_ROCK_VOUCHER_10000,469.0,18.0,,,,,470,18,,,,,469.5,0.0
0,2800,VOLCANIC_ROCK_VOUCHER_10000,477.0,20.0,,,,,478,20,,,,,477.5,0.0
0,2900,VOLCANIC_ROCK_VOUCHER_10000,476.0,20.0,,,,,477,20,,,,,476.5,0.0
0,3000,VOLCANIC_ROCK_VOUCHER_10000,482.0,15.0,,,,,483,15,,,,,482.5,0.0
0,3100,VOLCANIC_ROCK_VOUCHER_10000,478.0,18.0,,,,,479,21,,,,,478.5,0.0
0,3200,VOLCANIC_ROCK_VOUCHER_10000,483.0,14.0,,,,,484,14,,,,,483.5,0.0
0,3300,VOLCANIC_ROCK_VOUCHER_10000,482.0,12.0,,,,,483,12,,,,,482.5,0.0
0,3400,VOLCANIC_ROCK_VOUCHER_10000,483.0,12.0,,,,,484,12,,,,,483.5,0.0
0,3500,VOLCANIC_ROCK_VOUCHER_10000,492.0,12.0,,,,,493,12,,,,,492.5,0.0
0,3600,VOLCANIC_ROCK_VOUCHER_10000,487.0,16.0,,,,,488,16,,,,,487.5,0.0
0,3700,VOLCANIC_ROCK_VOUCHER_10000,486.0,12.0,,,,,487,12,,,,,486.5,0.0
0,3800,VOLCANIC_ROCK_VOUCHER_10000,486.0,12.0,,,,,487,12,,,,,486.5,0.0
0,3900,VOLCANIC_ROCK_VOUCHER_10000,487.0,10.0,,,,,488,10,,,,,487.5,0.0
0,4000,VOLCANIC_ROCK_VOUCHER_10000,479.0,15.0,,,,,480,15,,,,,479.5,0.0
0,4100,VOLCANIC_ROCK_VOUCHER_10000,475.0,20.0,,,,,476,20,,,,,475.5,0.0
0,4200,VOLCANIC_ROCK_VOUCHER_10000,470.0,14.0,,,,,471,18,472.0,14.0,,,470.5,0.0
0,4300,VOLCANIC_ROCK_VOUCHER_10000,470.0,12.0,,,,,471,12,,,,,470.5,0.0
0,4400,VOLCANIC_ROCK_VOUCHER_10000,463.0,19.0,,,,,464,19,,,,,463.5,0.0
0,4500,VOLCANIC_ROCK_VOUCHER_10000,461.0,10.0,,,,,462,10,,,,,461.5,0.0
0,4600,VOLCANIC_ROCK_VOUCHER_10000,456.0,13.0,,,,,457,13,,,,,456.5,0.0
0,4700,VOLCANIC_ROCK_VOUCHER_10000,462.0,19.0,,,,,463,19,,,,,462.5,0.0
0,4800,VOLCANIC_ROCK_VOUCHER_10000,467.0,16.0,,,,,468,16,,,,,467.5,0.0
0,4900,VOLCANIC_ROCK_VOUCHER_10000,468.0,10.0,,,,,469,10,,,,,468.5,0.0
0,5000,VOLCANIC_ROCK_VOUCHER_10000,467.0,12.0,,,,,468,12,,,,,467.5,0.0
0,5100,VOLCANIC_ROCK_VOUCHER_10000,456.0,15.0,,,,,457,15,,,,,456.5,0.0
0,5200,VOLCANIC_ROCK_VOUCHER_10000,460.0,5.0,,,,,461,17,,,,,460.5,0.0
0,5300,VOLCANIC_ROCK_VOUCHER_10000,455.0,14.0,,,,,456,14,,,,,455.5,0.0
0,5400,VOLCANIC_ROCK_VOUCHER_10000,454.0,20.0,,,,,455,20,,,,,454.5,0.0
0,5500,VOLCANIC_ROCK_VOUCHER_10000,446.0,20.0,,,,,447,20,,,,,446.5,0.0
0,5600,VOLCANIC_ROCK_VOUCHER_10000,451.0,13.0,,,,,452,13,,,,,451.5,0.0
0,5700,VOLCANIC_ROCK_VOUCHER_10000,449.0,14.0,,,,,450,14,,,,,449.5,0.0
0,5800,VOLCANIC_ROCK_VOUCHER_10000,444.0,12.0,,,,,446,12,,,,,445.0,0.0
0,5900,VOLCANIC_ROCK_VOUCHER_10000,438.0,17.0,,,,,439,17,,,,,438.5,0.0
0,6000,VOLCANIC_ROCK_VOUCHER_10000,450.0,13.0,,,,,451,13,,,,,450.5,0.0
0,6100,VOLCANIC_ROCK_VOUCHER_10000,444.0,12.0,,,,,445,12,,,,,444.5,0.0
0,6200,VOLCANIC_ROCK_VOUCHER_10000,452.0,14.0,,,,,453,14,,,,,452.5,0.0
0,6300,VOLCANIC_ROCK_VOUCHER_10000,446.0,25.0,,,,,447,18,,,,,446.5,0.0
0,6400,VOLCANIC_ROCK_VOUCHER_10000,446.0,3.0,,,,,448,16,,,,,447.0,0.0
0,6500,VOLCANIC_ROCK_VOUCHER_10000,448.0,20.0,,,,,449,20,,,,,448.5,0.0
0,6600,VOLCANIC_ROCK_VOUCHER_10000,446.0,15.0,,,,,447,15,,,,,446.5,0.0
0,6700,VOLCANIC_ROCK_VOUCHER_10000,432.0,20.0,,,,,433,20,,,,,432.5,0.0
0,6800,VOLCANIC_ROCK_VOUCHER_10000,437.0,18.0,,,,,438,18,,,,,437.5,0.0
0,6900,VOLCANIC_ROCK_VOUCHER_10000,438.0,13.0,,,,,439,20,,,,,438.5,0.0
0,7000,VOLCANIC_ROCK_VOUCHER_10000,437.0,12.0,,,,,438,12,,,,,437.5,0.0
0,7100,VOLCANIC_ROCK_VOUCHER_10000,440.0,14.0,,,,,441,14,,,,,440.5,0.0
0,7200,VOLCANIC_ROCK_VOUCHER_10000,445.0,28.0,,,,,446,13,,,,,445.5,0.0
0,7300,VOLCANIC_ROCK_VOUCHER_10000,444.0,20.0,,,,,445,20,,,,,444.5,0.0
0,7400,VOLCANIC_ROCK_VOUCHER_10000,443.0,12.0,,,,,444,12,,,,,443.5,0.0
0,7500,VOLCANIC_ROCK_VOUCHER_10000,445.0,11.0,,,,,446,11,,,,,445.5,0.0
0,7600,VOLCANIC_ROCK_VOUCHER_10000,446.0,12.0,,,,,447,12,,,,,446.5,0.0
0,7700,VOLCANIC_ROCK_VOUCHER_10000,440.0,15.0,,,,,441,15,,,,,440.5,0.0
0,7800,VOLCANIC_ROCK_VOUCHER_10000,446.0,13.0,,,,,447,13,,,,,446.5,0.0
0,7900,VOLCANIC_ROCK_VOUCHER_10000,453.0,6.0,,,,,454,16,,,,,453.5,0.0
0,8000,VOLCANIC_ROCK_VOUCHER_10000,449.0,7.0,,,,,450,17,,,,,449.5,0.0
0,8100,VOLCANIC_ROCK_VOUCHER_10000,452.0,27.0,,,,,453,15,,,,,452.5,0.0
0,8200,VOLCANIC_ROCK_VOUCHER_10000,455.0,11.0,,,,,456,11,,,,,455.5,0.0
0,8300,VOLCANIC_ROCK_VOUCHER_10000,445.0,18.0,,,,,446,18,,,,,445.5,0.0
0,8400,VOLCANIC_ROCK_VOUCHER_10000,448.0,17.0,,,,,449,17,,,,,448.5,0.0
0,8500,VOLCANIC_ROCK_VOUCHER_10000,452.0,11.0,,,,,453,11,,,,,452.5,0.0
0,8600,VOLCANIC_ROCK_VOUCHER_10000,446.0,13.0,,,,,447,13,,,,,446.5,0.0
0,8700,VOLCANIC_ROCK_VOUCHER_10000,440.0,14.0,,,,,441,14,,,,,440.5,0.0
0,8800,VOLCANIC_ROCK_VOUCHER_10000,438.0,15.0,,,,,439,15,,,,,438.5,0.0
0,8900,VOLCANIC_ROCK_VOUCHER_10000,436.0,12.0,,,,,437,12,,,,,436.5,0.0
0,9000,VOLCANIC_ROCK_VOUCHER_10000,438.0,10.0,,,,,439,10,,,,,438.5,0.0
0,9100,VOLCANIC_ROCK_VOUCHER_10000,429.0,20.0,,,,,430,20,,,,,429.5,0.0
0,9200,VOLCANIC_ROCK_VOUCHER_10000,431.0,20.0,,,,,432,20,,,,,431.5,0.0
0,9300,VOLCANIC_ROCK_VOUCHER_10000,428.0,10.0,,,,,429,10,,,,,428.5,0.0
0,9400,VOLCANIC_ROCK_VOUCHER_10000,430.0,17.0,,,,,431,17,,,,,430.5,0.0
0,9500,VOLCANIC_ROCK_VOUCHER_10000,431.0,15.0,,,,,432,15,,,,,431.5,0.0
0,9600,VOLCANIC_ROCK_VOUCHER_10000,437.0,12.0,,,,,438,12,,,,,437.5,0.0
0,9700,VOLCANIC_ROCK_VOUCHER_10000,432.0,18.0,,,,,433,18,,,,,432.5,0.0
0,9800,VOLCANIC_ROCK_VOUCHER_10000,433.0,13.0,,,,,434,13,,,,,433.5,0.0
0,9900,VOLCANIC_ROCK_VOUCHER_10000,431.0,13.0,,,,,432,13,,,,,431.5,0.0
0,10000,VOLCANIC_ROCK_VOUCHER_10000,426.0,21.0,,,,,428,21,,,,,427.0,0.0
0,10100,VOLCANIC_ROCK_VOUCHER_10000,429.0,22.0,,,,,430,10,,,,,429.5,0.0
0,10200,VOLCANIC_ROCK_VOUCHER_10000,426.0,13.0,,,,,427,13,,,,,426.5,0.0
0,10300,VOLCANIC_ROCK_VOUCHER_10000,426.0,20.0,,,,,427,20,,,,,426.5,0.0
0,10400,VOLCANIC_ROCK_VOUCHER_10000,428.0,16.0,,,,,429,16,,,,,428.5,0.0
0,10500,VOLCANIC_ROCK_VOUCHER_10000,431.0,20.0,,,,,432,20,,,,,431.5,0.0
0,10600,VOLCANIC_ROCK_VOUCHER_10000,437.0,18.0,,,,,438,18,,,,,437.5,0.0
0,10700,VOLCANIC_ROCK_VOUCHER_10000,434.0,14.0,,,,,435,14,,,,,434.5,0.0
0,10800,VOLCANIC_ROCK_VOUCHER_10000,440.0,18.0,,,,,441,18,,,,,440.5,0.0
0,10900,VOLCANIC_ROCK_VOUCHER_10000,444.0,12.0,,,,,445,12,,,,,444.5,0.0
0,11000,VOLCANIC_ROCK_VOUCHER_10000,452.0,15.0,,,,,453,15,,,,,452.5,0.0
0,11100,VOLCANIC_ROCK_VOUCHER_10000,443.0,20.0,,,,,444,20,,,,,443.5,0.0
0,11200,VOLCANIC_ROCK_VOUCHER_10000,452.0,12.0,,,,,453,12,,,,,452.5,0.0
0,11300,VOLCANIC_ROCK_VOUCHER_10000,446.0,11.0,,,,,447,11,,,,,446.5,0.0
0,11400,VOLCANIC_ROCK_VOUCHER_10000,452.0,15.0,,,,,453,15,,,,,452.5,0.0
0,11500,VOLCANIC_ROCK_VOUCHER_10000,451.0,18.0,,,,,452,18,,,,,451.5,0.0
0,11600,VOLCANIC_ROCK_VOUCHER_10000,449.0,12.0,,,,,450,12,,,,,449.5,0.0
0,11700,VOLCANIC_ROCK_VOUCHER_10000,444.0,15.0,,,,,445,15,,,,,444.5,0.0
0,11800,VOLCANIC_ROCK_VOUCHER_10000,440.0,19.0,,,,,441,19,,,,,440.5,0.0
0,11900,VOLCANIC_ROCK_VOUCHER_10000,432.0,17.0,,,,,433,17,,,,,432.5,0.0
0,12000,VOLCANIC_ROCK_VOUCHER_10000,435.0,13.0,,,,,436,13,,,,,435.5,0.0
0,12100,VOLCANIC_ROCK_VOUCHER_10000,435.0,20.0,,,,,436,20,,,,,435.5,0.0
0,12200,VOLCANIC_ROCK_VOUCHER_10000,,,,,,,433,6,434.0,14.0,,,433.0,0.0
0,12300,VOLCANIC_ROCK_VOUCHER_10000,439.0,15.0,,,,,440,15,,,,,439.5,0.0
0,12400,VOLCANIC_ROCK_VOUCHER_10000,441.0,12.0,,,,,442,12,,,,,441.5,0.0
0,12500,VOLCANIC_ROCK_VOUCHER_10000,438.0,18.0,,,,,440,18,,,,,439.0,0.0
0,12600,VOLCANIC_ROCK_VOUCHER_10000,429.0,13.0,,,,,430,13,,,,,429.5,0.0
0,12700,VOLCANIC_ROCK_VOUCHER_10000,432.0,22.0,,,,,433,22,,,,,432.5,0.0
0,12800,VOLCANIC_ROCK_VOUCHER_10000,434.0,14.0,,,,,435,14,,,,,434.5,0.0
0,12900,VOLCANIC_ROCK_VOUCHER_10000,431.0,15.0,,,,,432,15,,,,,431.5,0.0
0,13000,VOLCANIC_ROCK_VOUCHER_10000,431.0,11.0,,,,,432,11,,,,,431.5,0.0
0,13100,VOLCANIC_ROCK_VOUCHER_10000,426.0,22.0,,,,,428,22,,,,,427.0,0.0
0,13200,VOLCANIC_ROCK_VOUCHER_10000,420.0,16.0,,,,,421,16,,,,,420.5,0.0
0,13300,VOLCANIC_ROCK_VOUCHER_10000,419.0,17.0,,,,,420,17,,,,,419.5,0.0
0,13400,VOLCANIC_ROCK_VOUCHER_10000,420.0,15.0,,,,,421,15,,,,,420.5,0.0
0,13500,VOLCANIC_ROCK_VOUCHER_10000,416.0,17.0,,,,,417,17,,,,,416.5,0.0
0,13600,VOLCANIC_ROCK_VOUCHER_10000,410.0,19.0,,,,,411,19,,,,,410.5,0.0
0,13700,VOLCANIC_ROCK_VOUCHER_10000,410.0,21.0,,,,,411,21,,,,,410.5,0.0
0,13800,VOLCANIC_ROCK_VOUCHER_10000,389.0,13.0,,,,,390,13,,,,,389.5,0.0
0,13900,VOLCANIC_ROCK_VOUCHER_10000,397.0,20.0,,,,,398,20,,,,,397.5,0.0
0,14000,VOLCANIC_ROCK_VOUCHER_10000,386.0,14.0,,,,,387,14,,,,,386.5,0.0
0,14100,VOLCANIC_ROCK_VOUCHER_10000,399.0,22.0,,,,,400,22,,,,,399.5,0.0
0,14200,VOLCANIC_ROCK_VOUCHER_10000,412.0,12.0,,,,,413,12,,,,,412.5,0.0
0,14300,VOLCANIC_ROCK_VOUCHER_10000,402.0,22.0,,,,,403,22,,,,,402.5,0.0
0,14400,VOLCANIC_ROCK_VOUCHER_10000,410.0,17.0,,,,,411,17,,,,,410.5,0.0
0,14500,VOLCANIC_ROCK_VOUCHER_10000,412.0,22.0,,,,,413,15,,,,,412.5,0.0
0,14600,VOLCANIC_ROCK_VOUCHER_10000,409.0,31.0,,,,,410,11,,,,,409.5,0.0
0,14700,VOLCANIC_ROCK_VOUCHER_10000,420.0,13.0,,,,,422,13,,,,,421.0,0.0
0,14800,VOLCANIC_ROCK_VOUCHER_10000,416.0,35.0,,,,,417,16,,,,,416.5,0.0
0,14900,VOLCANIC_ROCK_VOUCHER_10000,419.0,17.0,,,,,420,17,,,,,419.5,0.0
0,15000,VOLCANIC_ROCK_VOUCHER_10000,429.0,14.0,,,,,430,14,,,,,429.5,0.0
0,15100,VOLCANIC_ROCK_VOUCHER_10000,433.0,28.0,,,,,434,15,,,,,433.5,0.0
0,15200,VOLCANIC_ROCK_VOUCHER_10000,437.0,13.0,,,,,438,13,,,,,437.5,0.0
0,15300,VOLCANIC_ROCK_VOUCHER_10000,441.0,16.0,,,,,442,16,,,,,441.5,0.0
0,15400,VOLCANIC_ROCK_VOUCHER_10000,443.0,35.0,,,,,444,22,,,,,443.5,0.0
0,15500,VOLCANIC_ROCK_VOUCHER_10000,446.0,15.0,,,,,447,15,,,,,446.5,0.0
0,15600,VOLCANIC_ROCK_VOUCHER_10000,448.0,19.0,,,,,449,19,,,,,448.5,0.0
0,15700,VOLCANIC_ROCK_VOUCHER_10000,451.0,14.0,,,,,452,14,,,,,451.5,0.0
0,15800,VOLCANIC_ROCK_VOUCHER_10000,,,,,,,462,6,463.0,12.0,,,462.0,0.0
0,15900,VOLCANIC_ROCK_VOUCHER_10000,472.0,20.0,,,,,473,20,,,,,472.5,0.0
0,16000,VOLCANIC_ROCK_VOUCHER_10000,464.0,18.0,,,,,465,18,,,,,464.5,0.0
0,16100,VOLCANIC_ROCK_VOUCHER_10000,462.0,15.0,,,,,463,15,,,,,462.5,0.0
0,16200,VOLCANIC_ROCK_VOUCHER_10000,475.0,10.0,,,,,476,10,,,,,475.5,0.0
0,16300,VOLCANIC_ROCK_VOUCHER_10000,470.0,18.0,,,,,471,18,,,,,470.5,0.0
0,16400,VOLCANIC_ROCK_VOUCHER_10000,468.0,16.0,,,,,469,16,,,,,468.5,0.0
0,16500,VOLCANIC_ROCK_VOUCHER_10000,472.0,38.0,,,,,473,22,,,,,472.5,0.0
0,16600,VOLCANIC_ROCK_VOUCHER_10000,473.0,19.0,,,,,474,19,,,,,473.5,0.0
0,16700,VOLCANIC_ROCK_VOUCHER_10000,476.0,17.0,,,,,478,17,,,,,477.0,0.0
0,16800,VOLCANIC_ROCK_VOUCHER_10000,481.0,16.0,,,,,482,16,,,,,481.5,0.0
0,16900,VOLCANIC_ROCK_VOUCHER_10000,485.0,20.0,,,,,486,20,,,,,485.5,0.0
0,17000,VOLCANIC_ROCK_VOUCHER_10000,479.0,20.0,,,,,480,20,,,,,479.5,0.0
0,17100,VOLCANIC_ROCK_VOUCHER_10000,486.0,15.0,,,,,487,15,,,,,486.5,0.0
0,17200,VOLCANIC_ROCK_VOUCHER_10000,483.0,12.0,,,,,484,12,,,,,483.5,0.0
0,17300,VOLCANIC_ROCK_VOUCHER_10000,486.0,11.0,,,,,487,11,,,,,486.5,0.0
0,17400,VOLCANIC_ROCK_VOUCHER_10000,485.0,14.0,,,,,486,14,,,,,485.5,0.0
0,17500,VOLCANIC_ROCK_VOUCHER_10000,484.0,12.0,,,,,485,12,,,,,484.5,0.0
0,17600,VOLCANIC_ROCK_VOUCHER_10000,478.0,20.0,,,,,479,20,,,,,478.5,0.0
0,17700,VOLCANIC_ROCK_VOUCHER_10000,479.0,1.0,478.0,12.0,,,480,13,,,,,479.5,0.0
0,17800,VOLCANIC_ROCK_VOUCHER_10000,479.0,15.0,,,,,480,15,,,,,479.5,0.0
0,17900,VOLCANIC_ROCK_VOUCHER_10000,,,,,,,475,5,476.0,14.0,,,475.0,0.0
0,18000,VOLCANIC_ROCK_VOUCHER_10000,469.0,15.0,,,,,471,15,,,,,470.0,0.0
0,18100,VOLCANIC_ROCK_VOUCHER_10000,460.0,10.0,,,,,461,10,,,,,460.5,0.0
0,18200,VOLCANIC_ROCK_VOUCHER_10000,466.0,12.0,,,,,467,12,,,,,466.5,0.0
0,18300,VOLCANIC_ROCK_VOUCHER_10000,468.0,28.0,,,,,469,12,,,,,468.5,0.0
0,18400,VOLCANIC_ROCK_VOUCHER_10000,473.0,14.0,,,,,474,14,,,,,473.5,0.0
0,18500,VOLCANIC_ROCK_VOUCHER_10000,474.0,20.0,,,,,476,20,,,,,475.0,0.0
0,18600,VOLCANIC_ROCK_VOUCHER_10000,470.0,14.0,,,,,471,1,472.0,13.0,,,470.5,0.0
0,18700,VOLCANIC_ROCK_VOUCHER_10000,463.0,18.0,,,,,464,18,,,,,463.5,0.0
0,18800,VOLCANIC_ROCK_VOUCHER_10000,466.0,19.0,,,,,467,19,,,,,466.5,0.0
0,18900,VOLCANIC_ROCK_VOUCHER_10000,473.0,18.0,,,,,474,18,,,,,473.5,0.0
0,19000,VOLCANIC_ROCK_VOUCHER_10000,474.0,16.0,,,,,475,16,,,,,474.5,0.0
0,19100,VOLCANIC_ROCK_VOUCHER_10000,471.0,17.0,,,,,473,17,,,,,472.0,0.0
0,19200,VOLCANIC_ROCK_VOUCHER_10000,467.0,11.0,,,,,468,11,,,,,467.5,0.0
0,19300,VOLCANIC_ROCK_VOUCHER_10000,471.0,19.0,,,,,472,19,,,,,471.5,0.0
0,19400,VOLCANIC_ROCK_VOUCHER_10000,470.0,17.0,,,,,471,17,,,,,470.5,0.0
0,19500,VOLCANIC_ROCK_VOUCHER_10000,471.0,12.0,,,,,472,12,,,,,471.5,0.0
0,19600,VOLCANIC_ROCK_VOUCHER_10000,471.0,22.0,,,,,472,22,,,,,471.5,0.0
0,19700,VOLCANIC_ROCK_VOUCHER_10000,465.0,17.0,,,,,466,17,,,,,465.5,0.0
0,19800,VOLCANIC_ROCK_VOUCHER_10000,468.0,9.0,,,,,469,19,,,,,468.5,0.0
0,19900,VOLCANIC_ROCK_VOUCHER_10000,464.0,20.0,,,,,465,20,,,,,464.5,0.0
0,20000,VOLCANIC_ROCK_VOUCHER_10000,460.0,15.0,,,,,461,15,,,,,460.5,0.0
0,20100,VOLCANIC_ROCK_VOUCHER_10000,452.0,13.0,,,,,453,13,,,,,452.5,0.0
0,20200,VOLCANIC_ROCK_VOUCHER_10000,446.0,14.0,,,,,447,14,,,,,446.5,0.0
0,20300,VOLCANIC_ROCK_VOUCHER_10000,441.0,17.0,,,,,442,17,,,,,441.5,0.0
0,20400,VOLCANIC_ROCK_VOUCHER_10000,452.0,15.0,,,,,453,15,,,,,452.5,0.0
0,20500,VOLCANIC_ROCK_VOUCHER_10000,453.0,11.0,,,,,454,11,,,,,453.5,0.0
0,20600,VOLCANIC_ROCK_VOUCHER_10000,455.0,15.0,,,,,457,15,,,,,456.0,0.0
0,20700,VOLCANIC_ROCK_VOUCHER_10000,454.0,13.0,,,,,455,13,,,,,454.5,0.0
0,20800,VOLCANIC_ROCK_VOUCHER_10000,461.0,37.0,,,,,462,22,,,,,461.5,0.0
0,20900,VOLCANIC_ROCK_VOUCHER_10000,461.0,12.0,,,,,462,12,,,,,461.5,0.0
0,21000,VOLCANIC_ROCK_VOUCHER_10000,455.0,19.0,,,,,456,19,,,,,455.5,0.0
0,21100,VOLCANIC_ROCK_VOUCHER_10000,,,,,,,455,3,456.0,13.0,,,455.0,0.0
0,21200,VOLCANIC_ROCK_VOUCHER_10000,460.0,5.0,,,,,461,17,,,,,460.5,0.0
0,21300,VOLCANIC_ROCK_VOUCHER_10000,464.0,14.0,,,,,465,14,,,,,464.5,0.0
0,21400,VOLCANIC_ROCK_VOUCHER_10000,466.0,15.0,,,,,467,15,,,,,466.5,0.0
0,21500,VOLCANIC_ROCK_VOUCHER_10000,462.0,23.0,,,,,463,13,,,,,462.5,0.0
0,21600,VOLCANIC_ROCK_VOUCHER_10000,460.0,16.0,,,,,461,16,,,,,460.5,0.0
0,21700,VOLCANIC_ROCK_VOUCHER_10000,459.0,21.0,,,,,460,21,,,,,459.5,0.0
0,21800,VOLCANIC_ROCK_VOUCHER_10000,461.0,11.0,,,,,462,11,,,,,461.5,0.0
0,21900,VOLCANIC_ROCK_VOUCHER_10000,461.0,18.0,,,,,462,18,,,,,461.5,0.0
0,22000,VOLCANIC_ROCK_VOUCHER_10000,459.0,21.0,,,,,460,21,,,,,459.5,0.0
0,22100,VOLCANIC_ROCK_VOUCHER_10000,462.0,12.0,,,,,464,12,,,,,463.0,0.0
0,22200,VOLCANIC_ROCK_VOUCHER_10000,461.0,14.0,,,,,462,14,,,,,461.5,0.0
0,22300,VOLCANIC_ROCK_VOUCHER_10000,457.0,12.0,,,,,458,12,,,,,457.5,0.0
0,22400,VOLCANIC_ROCK_VOUCHER_10000,457.0,13.0,,,,,458,13,,,,,457.5,0.0
0,22500,VOLCANIC_ROCK_VOUCHER_10000,460.0,12.0,,,,,461,12,,,,,460.5,0.0
0,22600,VOLCANIC_ROCK_VOUCHER_10000,465.0,14.0,,,,,466,14,,,,,465.5,0.0
0,22700,VOLCANIC_ROCK_VOUCHER_10000,476.0,11.0,,,,,477,11,,,,,476.5,0.0
0,22800,VOLCANIC_ROCK_VOUCHER_10000,484.0,11.0,,,,,485,11,,,,,484.5,0.0
0,22900,VOLCANIC_ROCK_VOUCHER_10000,479.0,14.0,,,,,481,14,,,,,480.0,0.0
0,23000,VOLCANIC_ROCK_VOUCHER_10000,487.0,22.0,,,,,488,22,,,,,487.5,0.0
0,23100,VOLCANIC_ROCK_VOUCHER_10000,481.0,13.0,,,,,483,13,,,,,482.0,0.0
0,23200,VOLCANIC_ROCK_VOUCHER_10000,478.0,18.0,,,,,479,18,,,,,478.5,0.0
0,23300,VOLCANIC_ROCK_VOUCHER_10000,479.0,10.0,,,,,480,10,,,,,479.5,0.0
0,23400,VOLCANIC_ROCK_VOUCHER_10000,478.0,18.0,,,,,479,18,,,,,478.5,0.0
0,23500,VOLCANIC_ROCK_VOUCHER_10000,475.0,25.0,,,,,477,15,,,,,476.0,0.0
0,23600,VOLCANIC_ROCK_VOUCHER_10000,480.0,19.0,,,,,481,19,,,,,480.5,0.0
0,23700,VOLCANIC_ROCK_VOUCHER_10000,485.0,14.0,,,,,486,14,,,,,485.5,0.0
0,23800,VOLCANIC_ROCK_VOUCHER_10000,483.0,39.0,,,,,484,22,,,,,483.5,0.0
0,23900,VOLCANIC_ROCK_VOUCHER_10000,481.0,16.0,,,,,482,16,,,,,481.5,0.0
0,24000,VOLCANIC_ROCK_VOUCHER_10000,483.0,14.0,,,,,484,14,,,,,483.5,0.0
0,24100,VOLCANIC_ROCK_VOUCHER_10000,477.0,22.0,,,,,479,22,,,,,478.0,0.0
0,24200,VOLCANIC_ROCK_VOUCHER_10000,476.0,21.0,,,,,477,21,,,,,476.5,0.0
0,24300,VOLCANIC_ROCK_VOUCHER_10000,477.0,12.0,,,,,478,12,,,,,477.5,0.0
0,24400,VOLCANIC_ROCK_VOUCHER_10000,477.0,10.0,,,,,478,10,,,,,477.5,0.0
0,24500,VOLCANIC_ROCK_VOUCHER_10000,471.0,15.0,,,,,472,15,,,,,471.5,0.0
0,24600,VOLCANIC_ROCK_VOUCHER_10000,469.0,20.0,,,,,470,20,,,,,469.5,0.0
0,24700,VOLCANIC_ROCK_VOUCHER_10000,462.0,15.0,,,,,464,15,,,,,463.0,0.0
0,24800,VOLCANIC_ROCK_VOUCHER_10000,466.0,22.0,,,,,467,22,,,,,466.5,0.0
0,24900,VOLCANIC_ROCK_VOUCHER_10000,467.0,22.0,,,,,468,22,,,,,467.5,0.0
0,25000,VOLCANIC_ROCK_VOUCHER_10000,472.0,17.0,,,,,473,17,,,,,472.5,0.0
0,25100,VOLCANIC_ROCK_VOUCHER_10000,474.0,14.0,,,,,475,14,,,,,474.5,0.0
0,25200,VOLCANIC_ROCK_VOUCHER_10000,476.0,3.0,,,,,477,22,,,,,476.5,0.0
0,25300,VOLCANIC_ROCK_VOUCHER_10000,472.0,14.0,,,,,473,14,,,,,472.5,0.0
0,25400,VOLCANIC_ROCK_VOUCHER_10000,470.0,15.0,,,,,472,15,,,,,471.0,0.0
0,25500,VOLCANIC_ROCK_VOUCHER_10000,470.0,21.0,,,,,471,21,,,,,470.5,0.0
0,25600,VOLCANIC_ROCK_VOUCHER_10000,467.0,5.0,,,,,468,17,,,,,467.5,0.0
0,25700,VOLCANIC_ROCK_VOUCHER_10000,468.0,26.0,,,,,469,11,,,,,468.5,0.0
0,25800,VOLCANIC_ROCK_VOUCHER_10000,469.0,11.0,,,,,470,11,,,,,469.5,0.0
0,25900,VOLCANIC_ROCK_VOUCHER_10000,465.0,12.0,,,,,466,12,,,,,465.5,0.0
0,26000,VOLCANIC_ROCK_VOUCHER_10000,470.0,20.0,,,,,471,20,,,,,470.5,0.0
0,26100,VOLCANIC_ROCK_VOUCHER_10000,464.0,2.0,,,,,465,14,,,,,464.5,0.0
0,26200,VOLCANIC_ROCK_VOUCHER_10000,463.0,11.0,,,,,464,11,,,,,463.5,0.0
0,26300,VOLCANIC_ROCK_VOUCHER_10000,461.0,13.0,,,,,462,13,,,,,461.5,0.0
0,26400,VOLCANIC_ROCK_VOUCHER_10000,466.0,12.0,,,,,468,12,,,,,467.0,0.0
0,26500,VOLCANIC_ROCK_VOUCHER_10000,464.0,17.0,,,,,465,17,,,,,464.5,0.0
0,26600,VOLCANIC_ROCK_VOUCHER_10000,463.0,6.0,,,,,464,21,,,,,463.5,0.0
0,26700,VOLCANIC_ROCK_VOUCHER_10000,468.0,15.0,,,,,469,15,,,,,468.5,0.0
0,26800,VOLCANIC_ROCK_VOUCHER_10000,471.0,35.0,,,,,472,20,,,,,471.5,0.0
0,26900,VOLCANIC_ROCK_VOUCHER_10000,468.0,11.0,,,,,469,11,,,,,468.5,0.0
0,27000,VOLCANIC_ROCK_VOUCHER_10000,462.0,16.0,,,,,463,16,,,,,462.5,0.0
0,27100,VOLCANIC_ROCK_VOUCHER_10000,461.0,12.0,,,,,462,12,,,,,461.5,0.0
0,27200,VOLCANIC_ROCK_VOUCHER_10000,468.0,14.0,,,,,469,14,,,,,468.5,0.0
0,27300,VOLCANIC_ROCK_VOUCHER_10000,466.0,18.0,,,,,467,18,,,,,466.5,0.0
0,27400,VOLCANIC_ROCK_VOUCHER_10000,463.0,20.0,,,,,464,20,,,,,463.5,0.0
0,27500,VOLCANIC_ROCK_VOUCHER_10000,461.0,21.0,,,,,462,21,,,,,461.5,0.0
0,27600,VOLCANIC_ROCK_VOUCHER_10000,458.0,14.0,,,,,459,14,,,,,458.5,0.0
0,27700,VOLCANIC_ROCK_VOUCHER_10000,454.0,13.0,,,,,455,13,,,,,454.5,0.0
0,27800,VOLCANIC_ROCK_VOUCHER_10000,442.0,14.0,,,,,443,14,,,,,442.5,0.0
0,27900,VOLCANIC_ROCK_VOUCHER_10000,445.0,19.0,,,,,446,19,,,,,445.5,0.0
0,28000,VOLCANIC_ROCK_VOUCHER_10000,447.0,15.0,,,,,448,15,,,,,447.5,0.0
0,28100,VOLCANIC_ROCK_VOUCHER_10000,446.0,10.0,,,,,447,10,,,,,446.5,0.0
0,28200,VOLCANIC_ROCK_VOUCHER_10000,448.0,14.0,,,,,449,14,,,,,448.5,0.0
0,28300,VOLCANIC_ROCK_VOUCHER_10000,437.0,18.0,,,,,438,18,,,,,437.5,0.0
0,28400,VOLCANIC_ROCK_VOUCHER_10000,446.0,13.0,,,,,447,13,,,,,446.5,0.0
0,28500,VOLCANIC_ROCK_VOUCHER_10000,445.0,18.0,,,,,446,18,,,,,445.5,0.0
0,28600,VOLCANIC_ROCK_VOUCHER_10000,442.0,18.0,,,,,443,18,,,,,442.5,0.0
0,28700,VOLCANIC_ROCK_VOUCHER_10000,447.0,12.0,,,,,448,12,,,,,447.5,0.0
0,28800,VOLCANIC_ROCK_VOUCHER_10000,444.0,22.0,,,,,445,22,,,,,444.5,0.0
0,28900,VOLCANIC_ROCK_VOUCHER_10000,451.0,14.0,,,,,452,14,,,,,451.5,0.0
0,29000,VOLCANIC_ROCK_VOUCHER_10000,449.0,15.0,,,,,450,15,,,,,449.5,0.0
0,29100,VOLCANIC_ROCK_VOUCHER_10000,445.0,12.0,,,,,446,12,,,,,445.5,0.0
0,29200,VOLCANIC_ROCK_VOUCHER_10000,447.0,18.0,,,,,448,18,,,,,447.5,0.0
0,29300,VOLCANIC_ROCK_VOUCHER_10000,452.0,19.0,,,,,453,19,,,,,452.5,0.0
0,29400,VOLCANIC_ROCK_VOUCHER_10000,454.0,12.0,,,,,455,12,,,,,454.5,0.0
0,29500,VOLCANIC_ROCK_VOUCHER_10000,449.0,22.0,,,,,451,22,,,,,450.0,0.0
0,29600,VOLCANIC_ROCK_VOUCHER_10000,444.0,18.0,,,,,446,18,,,,,445.0,0.0
0,29700,VOLCANIC_ROCK_VOUCHER_10000,444.0,19.0,,,,,445,19,,,,,444.5,0.0
0,29800,VOLCANIC_ROCK_VOUCHER_10000,448.0,30.0,,,,,449,18,,,,,448.5,0.0
0,29900,VOLCANIC_ROCK_VOUCHER_10000,448.0,17.0,,,,,449,17,,,,,448.5,0.0
0,30000,VOLCANIC_ROCK_VOUCHER_10000,448.0,4.0,,,,,449,18,,,,,448.5,0.0
0,30100,VOLCANIC_ROCK_VOUCHER_10000,445.0,19.0,,,,,446,19,,,,,445.5,0.0
0,30200,VOLCANIC_ROCK_VOUCHER_10000,440.0,4.0,,,,,441,18,,,,,440.5,0.0
0,30300,VOLCANIC_ROCK_VOUCHER_10000,439.0,14.0,,,,,441,14,,,,,440.0,0.0
0,30400,VOLCANIC_ROCK_VOUCHER_10000,436.0,22.0,,,,,437,22,,,,,436.5,0.0
0,30500,VOLCANIC_ROCK_VOUCHER_10000,,,,,,,438,1,439.0,13.0,,,438.0,0.0
0,30600,VOLCANIC_ROCK_VOUCHER_10000,,,,,,,432,2,433.0,10.0,,,432.0,0.0
0,30700,VOLCANIC_ROCK_VOUCHER_10000,430.0,13.0,,,,,431,13,,,,,430.5,0.0
0,30800,VOLCANIC_ROCK_VOUCHER_10000,430.0,17.0,,,,,431,17,,,,,430.5,0.0
0,30900,VOLCANIC_ROCK_VOUCHER_10000,435.0,18.0,,,,,436,18,,,,,435.5,0.0
0,31000,VOLCANIC_ROCK_VOUCHER_10000,433.0,10.0,,,,,434,10,,,,,433.5,0.0
0,31100,VOLCANIC_ROCK_VOUCHER_10000,432.0,12.0,,,,,433,12,,,,,432.5,0.0
0,31200,VOLCANIC_ROCK_VOUCHER_10000,436.0,15.0,,,,,437,15,,,,,436.5,0.0
0,31300,VOLCANIC_ROCK_VOUCHER_10000,427.0,15.0,,,,,428,15,,,,,427.5,0.0
0,31400,VOLCANIC_ROCK_VOUCHER_10000,430.0,14.0,,,,,431,14,,,,,430.5,0.0
0,31500,VOLCANIC_ROCK_VOUCHER_10000,431.0,11.0,,,,,432,11,,,,,431.5,0.0
0,31600,VOLCANIC_ROCK_VOUCHER_10000,433.0,22.0,,,,,434,22,,,,,433.5,0.0
0,31700,VOLCANIC_ROCK_VOUCHER_10000,434.0,17.0,,,,,435,17,,,,,434.5,0.0
0,31800,VOLCANIC_ROCK_VOUCHER_10000,437.0,10.0,,,,,438,10,,,,,437.5,0.0
0,31900,VOLCANIC_ROCK_VOUCHER_10000,437.0,22.0,,,,,438,22,,,,,437.5,0.0
0,32000,VOLCANIC_ROCK_VOUCHER_10000,438.0,21.0,,,,,439,21,,,,,438.5,0.0
0,32100,VOLCANIC_ROCK_VOUCHER_10000,436.0,16.0,,,,,437,16,,,,,436.5,0.0
0,32200,VOLCANIC_ROCK_VOUCHER_10000,,,,,,,431,7,432.0,12.0,,,431.0,0.0
0,32300,VOLCANIC_ROCK_VOUCHER_10000,433.0,8.0,,,,,434,19,,,,,433.5,0.0
0,32400,VOLCANIC_ROCK_VOUCHER_10000,436.0,18.0,,,,,437,18,,,,,436.5,0.0
0,32500,VOLCANIC_ROCK_VOUCHER_10000,437.0,17.0,,,,,438,17,,,,,437.5,0.0
0,32600,VOLCANIC_ROCK_VOUCHER_10000,440.0,14.0,,,,,441,14,,,,,440.5,0.0
0,32700,VOLCANIC_ROCK_VOUCHER_10000,443.0,13.0,,,,,444,13,,,,,443.5,0.0
0,32800,VOLCANIC_ROCK_VOUCHER_10000,442.0,19.0,,,,,443,19,,,,,442.5,0.0
0,32900,VOLCANIC_ROCK_VOUCHER_10000,445.0,21.0,,,,,447,21,,,,,446.0,0.0
0,33000,VOLCANIC_ROCK_VOUCHER_10000,444.0,17.0,,,,,445,17,,,,,444.5,0.0
0,33100,VOLCANIC_ROCK_VOUCHER_10000,441.0,16.0,,,,,442,16,,,,,441.5,0.0
0,33200,VOLCANIC_ROCK_VOUCHER_10000,440.0,20.0,,,,,441,20,,,,,440.5,0.0
0,33300,VOLCANIC_ROCK_VOUCHER_10000,443.0,16.0,,,,,444,16,,,,,443.5,0.0
0,33400,VOLCANIC_ROCK_VOUCHER_10000,442.0,19.0,,,,,443,19,,,,,442.5,0.0
0,33500,VOLCANIC_ROCK_VOUCHER_10000,441.0,15.0,440.0,17.0,,,442,17,,,,,441.5,0.0
0,33600,VOLCANIC_ROCK_VOUCHER_10000,437.0,18.0,,,,,438,18,,,,,437.5,0.0
0,33700,VOLCANIC_ROCK_VOUCHER_10000,430.0,14.0,,,,,431,14,,,,,430.5,0.0
0,33800,VOLCANIC_ROCK_VOUCHER_10000,439.0,13.0,,,,,440,13,,,,,439.5,0.0
0,33900,VOLCANIC_ROCK_VOUCHER_10000,439.0,13.0,,,,,440,13,,,,,439.5,0.0
0,34000,VOLCANIC_ROCK_VOUCHER_10000,439.0,17.0,,,,,440,17,,,,,439.5,0.0
0,34100,VOLCANIC_ROCK_VOUCHER_10000,441.0,13.0,,,,,442,13,,,,,441.5,0.0
0,34200,VOLCANIC_ROCK_VOUCHER_10000,435.0,13.0,,,,,436,13,,,,,435.5,0.0
0,34300,VOLCANIC_ROCK_VOUCHER_10000,435.0,13.0,,,,,437,13,,,,,436.0,0.0
0,34400,VOLCANIC_ROCK_VOUCHER_10000,432.0,14.0,,,,,433,14,,,,,432.5,0.0
0,34500,VOLCANIC_ROCK_VOUCHER_10000,442.0,12.0,,,,,443,12,,,,,442.5,0.0
0,34600,VOLCANIC_ROCK_VOUCHER_10000,443.0,10.0,,,,,444,10,,,,,443.5,0.0
0,34700,VOLCANIC_ROCK_VOUCHER_10000,440.0,20.0,,,,,441,20,,,,,440.5,0.0
0,34800,VOLCANIC_ROCK_VOUCHER_10000,444.0,18.0,,,,,445,18,,,,,444.5,0.0
0,34900,VOLCANIC_ROCK_VOUCHER_10000,442.0,21.0,,,,,444,21,,,,,443.0,0.0
0,35000,VOLCANIC_ROCK_VOUCHER_10000,440.0,33.0,,,,,441,19,,,,,440.5,0.0
0,35100,VOLCANIC_ROCK_VOUCHER_10000,445.0,11.0,,,,,446,11,,,,,445.5,0.0
0,35200,VOLCANIC_ROCK_VOUCHER_10000,443.0,13.0,,,,,444,13,,,,,443.5,0.0
0,35300,VOLCANIC_ROCK_VOUCHER_10000,446.0,13.0,,,,,447,13,,,,,446.5,0.0
0,35400,VOLCANIC_ROCK_VOUCHER_10000,446.0,17.0,,,,,447,17,,,,,446.5,0.0
0,35500,VOLCANIC_ROCK_VOUCHER_10000,448.0,18.0,,,,,449,18,,,,,448.5,0.0
0,35600,VOLCANIC_ROCK_VOUCHER_10000,454.0,12.0,,,,,455,12,,,,,454.5,0.0
0,35700,VOLCANIC_ROCK_VOUCHER_10000,453.0,13.0,,,,,454,13,,,,,453.5,0.0
0,35800,VOLCANIC_ROCK_VOUCHER_10000,450.0,21.0,,,,,451,21,,,,,450.5,0.0
0,35900,VOLCANIC_ROCK_VOUCHER_10000,447.0,21.0,,,,,448,21,,,,,447.5,0.0
0,36000,VOLCANIC_ROCK_VOUCHER_10000,445.0,17.0,,,,,446,17,,,,,445.5,0.0
0,36100,VOLCANIC_ROCK_VOUCHER_10000,446.0,14.0,,,,,447,14,,,,,446.5,0.0
0,36200,VOLCANIC_ROCK_VOUCHER_10000,448.0,18.0,,,,,449,18,,,,,448.5,0.0
0,36300,VOLCANIC_ROCK_VOUCHER_10000,447.0,14.0,,,,,448,14,,,,,447.5,0.0
0,36400,VOLCANIC_ROCK_VOUCHER_10000,456.0,16.0,,,,,457,16,,,,,456.5,0.0
0,36500,VOLCANIC_ROCK_VOUCHER_10000,448.0,15.0,,,,,450,15,,,,,449.0,0.0
0,36600,VOLCANIC_ROCK_VOUCHER_10000,451.0,14.0,,,,,452,14,,,,,451.5,0.0
0,36700,VOLCANIC_ROCK_VOUCHER_10000,455.0,16.0,,,,,456,16,,,,,455.5,0.0
0,36800,VOLCANIC_ROCK_VOUCHER_10000,449.0,18.0,,,,,450,18,,,,,449.5,0.0
0,36900,VOLCANIC_ROCK_VOUCHER_10000,451.0,14.0,,,,,452,14,,,,,451.5,0.0
0,37000,VOLCANIC_ROCK_VOUCHER_10000,452.0,14.0,,,,,453,14,,,,,452.5,0.0
0,37100,VOLCANIC_ROCK_VOUCHER_10000,459.0,15.0,,,,,460,15,,,,,459.5,0.0
0,37200,VOLCANIC_ROCK_VOUCHER_10000,453.0,10.0,,,,,454,10,,,,,453.5,0.0
0,37300,VOLCANIC_ROCK_VOUCHER_10000,455.0,12.0,,,,,456,12,,,,,455.5,0.0
0,37400,VOLCANIC_ROCK_VOUCHER_10000,459.0,15.0,,,,,460,15,,,,,459.5,0.0
0,37500,VOLCANIC_ROCK_VOUCHER_10000,461.0,12.0,,,,,462,12,,,,,461.5,0.0
0,37600,VOLCANIC_ROCK_VOUCHER_10000,461.0,21.0,,,,,462,21,,,,,461.5,0.0
0,37700,VOLCANIC_ROCK_VOUCHER_10000,462.0,21.0,,,,,463,21,,,,,462.5,0.0
0,37800,VOLCANIC_ROCK_VOUCHER_10000,458.0,22.0,,,,,459,22,,,,,458.5,0.0
0,37900,VOLCANIC_ROCK_VOUCHER_10000,455.0,12.0,,,,,456,12,,,,,455.5,0.0
0,38000,VOLCANIC_ROCK_VOUCHER_10000,455.0,15.0,,,,,456,15,,,,,455.5,0.0
0,38100,VOLCANIC_ROCK_VOUCHER_10000,452.0,20.0,,,,,454,20,,,,,453.0,0.0
0,38200,VOLCANIC_ROCK_VOUCHER_10000,451.0,20.0,,,,,452,20,,,,,451.5,0.0
0,38300,VOLCANIC_ROCK_VOUCHER_10000,455.0,20.0,,,,,456,20,,,,,455.5,0.0
0,38400,VOLCANIC_ROCK_VOUCHER_10000,455.0,10.0,,,,,456,10,,,,,455.5,0.0
0,38500,VOLCANIC_ROCK_VOUCHER_10000,456.0,19.0,,,,,457,19,,,,,456.5,0.0
0,38600,VOLCANIC_ROCK_VOUCHER_10000,452.0,13.0,,,,,453,13,,,,,452.5,0.0
0,38700,VOLCANIC_ROCK_VOUCHER_10000,451.0,36.0,,,,,452,21,,,,,451.5,0.0
0,38800,VOLCANIC_ROCK_VOUCHER_10000,451.0,14.0,,,,,452,14,,,,,451.5,0.0
0,38900,VOLCANIC_ROCK_VOUCHER_10000,449.0,21.0,,,,,450,21,,,,,449.5,0.0
0,39000,VOLCANIC_ROCK_VOUCHER_10000,446.0,10.0,,,,,447,10,,,,,446.5,0.0
0,39100,VOLCANIC_ROCK_VOUCHER_10000,451.0,20.0,,,,,452,20,,,,,451.5,0.0
0,39200,VOLCANIC_ROCK_VOUCHER_10000,455.0,19.0,,,,,457,19,,,,,456.0,0.0
0,39300,VOLCANIC_ROCK_VOUCHER_10000,460.0,30.0,,,,,461,14,,,,,460.5,0.0
0,39400,VOLCANIC_ROCK_VOUCHER_10000,458.0,34.0,,,,,459,18,,,,,458.5,0.0
0,39500,VOLCANIC_ROCK_VOUCHER_10000,459.0,13.0,,,,,460,13,,,,,459.5,0.0
0,39600,VOLCANIC_ROCK_VOUCHER_10000,457.0,26.0,,,,,458,11,,,,,457.5,0.0
0,39700,VOLCANIC_ROCK_VOUCHER_10000,457.0,10.0,,,,,459,10,,,,,458.0,0.0
0,39800,VOLCANIC_ROCK_VOUCHER_10000,453.0,12.0,,,,,454,12,,,,,453.5,0.0
0,39900,VOLCANIC_ROCK_VOUCHER_10000,456.0,22.0,,,,,457,22,,,,,456.5,0.0
0,40000,VOLCANIC_ROCK_VOUCHER_10000,453.0,28.0,,,,,454,14,,,,,453.5,0.0
0,40100,VOLCANIC_ROCK_VOUCHER_10000,451.0,16.0,,,,,452,16,,,,,451.5,0.0
0,40200,VOLCANIC_ROCK_VOUCHER_10000,453.0,3.0,,,,,454,15,,,,,453.5,0.0
0,40300,VOLCANIC_ROCK_VOUCHER_10000,449.0,17.0,,,,,450,17,,,,,449.5,0.0
0,40400,VOLCANIC_ROCK_VOUCHER_10000,448.0,16.0,,,,,449,16,,,,,448.5,0.0
0,40500,VOLCANIC_ROCK_VOUCHER_10000,445.0,17.0,,,,,446,17,,,,,445.5,0.0
0,40600,VOLCANIC_ROCK_VOUCHER_10000,441.0,10.0,,,,,442,21,,,,,441.5,0.0
0,40700,VOLCANIC_ROCK_VOUCHER_10000,441.0,21.0,,,,,442,21,,,,,441.5,0.0
0,40800,VOLCANIC_ROCK_VOUCHER_10000,439.0,15.0,,,,,440,15,,,,,439.5,0.0
0,40900,VOLCANIC_ROCK_VOUCHER_10000,,,,,,,437,3,438.0,13.0,,,437.0,0.0
0,41000,VOLCANIC_ROCK_VOUCHER_10000,442.0,18.0,,,,,443,18,,,,,442.5,0.0
0,41100,VOLCANIC_ROCK_VOUCHER_10000,,,,,,,435,1,436.0,19.0,,,435.0,0.0
0,41200,VOLCANIC_ROCK_VOUCHER_10000,435.0,14.0,,,,,437,14,,,,,436.0,0.0
0,41300,VOLCANIC_ROCK_VOUCHER_10000,435.0,12.0,,,,,436,12,,,,,435.5,0.0
0,41400,VOLCANIC_ROCK_VOUCHER_10000,,,,,,,440,4,441.0,15.0,,,440.0,0.0
0,41500,VOLCANIC_ROCK_VOUCHER_10000,443.0,16.0,,,,,444,16,,,,,443.5,0.0
0,41600,VOLCANIC_ROCK_VOUCHER_10000,436.0,15.0,,,,,437,15,,,,,436.5,0.0
0,41700,VOLCANIC_ROCK_VOUCHER_10000,437.0,3.0,,,,,438,15,,,,,437.5,0.0
0,41800,VOLCANIC_ROCK_VOUCHER_10000,436.0,17.0,,,,,437,17,,,,,436.5,0.0
0,41900,VOLCANIC_ROCK_VOUCHER_10000,428.0,16.0,,,,,429,16,,,,,428.5,0.0
0,42000,VOLCANIC_ROCK_VOUCHER_10000,,,,,,,433,4,434.0,14.0,,,433.0,0.0
0,42100,VOLCANIC_ROCK_VOUCHER_10000,430.0,14.0,,,,,431,14,,,,,430.5,0.0
0,42200,VOLCANIC_ROCK_VOUCHER_10000,426.0,23.0,,,,,427,10,,,,,426.5,0.0
0,42300,VOLCANIC_ROCK_VOUCHER_10000,429.0,19.0,,,,,430,19,,,,,429.5,0.0
0,42400,VOLCANIC_ROCK_VOUCHER_10000,429.0,3.0,,,,,430,15,,,,,429.5,0.0
0,42500,VOLCANIC_ROCK_VOUCHER_10000,430.0,12.0,,,,,431,12,,,,,430.5,0.0
0,42600,VOLCANIC_ROCK_VOUCHER_10000,424.0,12.0,,,,,425,12,,,,,424.5,0.0
0,42700,VOLCANIC_ROCK_VOUCHER_10000,419.0,12.0,,,,,420,12,,,,,419.5,0.0
0,42800,VOLCANIC_ROCK_VOUCHER_10000,418.0,13.0,,,,,419,13,,,,,418.5,0.0
0,42900,VOLCANIC_ROCK_VOUCHER_10000,420.0,19.0,,,,,421,19,,,,,420.5,0.0
0,43000,VOLCANIC_ROCK_VOUCHER_10000,420.0,16.0,,,,,421,16,,,,,420.5,0.0
0,43100,VOLCANIC_ROCK_VOUCHER_10000,419.0,15.0,,,,,420,15,,,,,419.5,0.0
0,43200,VOLCANIC_ROCK_VOUCHER_10000,420.0,14.0,,,,,421,14,,,,,420.5,0.0
0,43300,VOLCANIC_ROCK_VOUCHER_10000,424.0,17.0,,,,,425,17,,,,,424.5,0.0
0,43400,VOLCANIC_ROCK_VOUCHER_10000,422.0,12.0,,,,,423,12,,,,,422.5,0.0
0,43500,VOLCANIC_ROCK_VOUCHER_10000,420.0,15.0,,,,,421,15,,,,,420.5,0.0
0,43600,VOLCANIC_ROCK_VOUCHER_10000,423.0,10.0,,,,,424,10,,,,,423.5,0.0
0,43700,VOLCANIC_ROCK_VOUCHER_10000,423.0,15.0,,,,,424,15,,,,,423.5,0.0
0,43800,VOLCANIC_ROCK_VOUCHER_10000,422.0,18.0,,,,,423,18,,,,,422.5,0.0
0,43900,VOLCANIC_ROCK_VOUCHER_10000,424.0,14.0,,,,,425,14,,,,,424.5,0.0
0,44000,VOLCANIC_ROCK_VOUCHER_10000,430.0,16.0,,,,,431,16,,,,,430.5,0.0
0,44100,VOLCANIC_ROCK_VOUCHER_10000,423.0,22.0,,,,,425,22,,,,,424.0,0.0
0,44200,VOLCANIC_ROCK_VOUCHER_10000,419.0,13.0,,,,,420,13,,,,,419.5,0.0
0,44300,VOLCANIC_ROCK_VOUCHER_10000,422.0,11.0,,,,,423,11,,,,,422.5,0.0
0,44400,VOLCANIC_ROCK_VOUCHER_10000,425.0,20.0,,,,,426,20,,,,,425.5,0.0
0,44500,VOLCANIC_ROCK_VOUCHER_10000,431.0,12.0,,,,,432,12,,,,,431.5,0.0
0,44600,VOLCANIC_ROCK_VOUCHER_10000,428.0,12.0,,,,,429,12,,,,,428.5,0.0
0,44700,VOLCANIC_ROCK_VOUCHER_10000,425.0,21.0,,,,,427,21,,,,,426.0,0.0
0,44800,VOLCANIC_ROCK_VOUCHER_10000,425.0,18.0,,,,,427,18,,,,,426.0,0.0
0,44900,VOLCANIC_ROCK_VOUCHER_10000,424.0,14.0,,,,,425,14,,,,,424.5,0.0
0,45000,VOLCANIC_ROCK_VOUCHER_10000,423.0,19.0,,,,,424,19,,,,,423.5,0.0
0,45100,VOLCANIC_ROCK_VOUCHER_10000,422.0,22.0,,,,,423,22,,,,,422.5,0.0
0,45200,VOLCANIC_ROCK_VOUCHER_10000,430.0,19.0,,,,,431,19,,,,,430.5,0.0
0,45300,VOLCANIC_ROCK_VOUCHER_10000,429.0,11.0,,,,,431,11,,,,,430.0,0.0
0,45400,VOLCANIC_ROCK_VOUCHER_10000,423.0,21.0,,,,,424,21,,,,,423.5,0.0
0,45500,VOLCANIC_ROCK_VOUCHER_10000,425.0,16.0,,,,,426,16,,,,,425.5,0.0
0,45600,VOLCANIC_ROCK_VOUCHER_10000,428.0,18.0,,,,,429,18,,,,,428.5,0.0
0,45700,VOLCANIC_ROCK_VOUCHER_10000,424.0,20.0,,,,,425,20,,,,,424.5,0.0
0,45800,VOLCANIC_ROCK_VOUCHER_10000,427.0,13.0,,,,,428,13,,,,,427.5,0.0
0,45900,VOLCANIC_ROCK_VOUCHER_10000,426.0,15.0,,,,,427,15,,,,,426.5,0.0
0,46000,VOLCANIC_ROCK_VOUCHER_10000,421.0,20.0,,,,,422,20,,,,,421.5,0.0
0,46100,VOLCANIC_ROCK_VOUCHER_10000,,,,,,,425,1,426.0,15.0,,,425.0,0.0
0,46200,VOLCANIC_ROCK_VOUCHER_10000,423.0,16.0,,,,,424,16,,,,,423.5,0.0
0,46300,VOLCANIC_ROCK_VOUCHER_10000,424.0,19.0,,,,,425,19,,,,,424.5,0.0
0,46400,VOLCANIC_ROCK_VOUCHER_10000,427.0,14.0,,,,,428,14,,,,,427.5,0.0
0,46500,VOLCANIC_ROCK_VOUCHER_10000,428.0,14.0,,,,,429,14,,,,,428.5,0.0
0,46600,VOLCANIC_ROCK_VOUCHER_10000,437.0,18.0,,,,,438,18,,,,,437.5,0.0
0,46700,VOLCANIC_ROCK_VOUCHER_10000,434.0,1.0,,,,,435,17,,,,,434.5,0.0
0,46800,VOLCANIC_ROCK_VOUCHER_10000,431.0,21.0,,,,,432,21,,,,,431.5,0.0
0,46900,VOLCANIC_ROCK_VOUCHER_10000,425.0,18.0,,,,,427,18,,,,,426.0,0.0
0,47000,VOLCANIC_ROCK_VOUCHER_10000,425.0,18.0,,,,,427,18,,,,,426.0,0.0
0,47100,VOLCANIC_ROCK_VOUCHER_10000,423.0,18.0,,,,,424,18,,,,,423.5,0.0
0,47200,VOLCANIC_ROCK_VOUCHER_10000,424.0,19.0,,,,,425,19,,,,,424.5,0.0
0,47300,VOLCANIC_ROCK_VOUCHER_10000,421.0,11.0,,,,,422,11,,,,,421.5,0.0
0,47400,VOLCANIC_ROCK_VOUCHER_10000,423.0,15.0,,,,,424,15,,,,,423.5,0.0
0,47500,VOLCANIC_ROCK_VOUCHER_10000,422.0,19.0,,,,,423,19,,,,,422.5,0.0
0,47600,VOLCANIC_ROCK_VOUCHER_10000,419.0,15.0,,,,,420,15,,,,,419.5,0.0
0,47700,VOLCANIC_ROCK_VOUCHER_10000,420.0,15.0,,,,,422,15,,,,,421.0,0.0
0,47800,VOLCANIC_ROCK_VOUCHER_10000,420.0,11.0,,,,,422,11,,,,,421.0,0.0
0,47900,VOLCANIC_ROCK_VOUCHER_10000,417.0,11.0,,,,,418,11,,,,,417.5,0.0
0,48000,VOLCANIC_ROCK_VOUCHER_10000,418.0,20.0,,,,,419,20,,,,,418.5,0.0
0,48100,VOLCANIC_ROCK_VOUCHER_10000,406.0,12.0,,,,,407,12,,,,,406.5,0.0
0,48200,VOLCANIC_ROCK_VOUCHER_10000,405.0,18.0,,,,,406,18,,,,,405.5,0.0
0,48300,VOLCANIC_ROCK_VOUCHER_10000,,,,,,,412,5,413.0,15.0,,,412.0,0.0
0,48400,VOLCANIC_ROCK_VOUCHER_10000,413.0,10.0,,,,,414,10,,,,,413.5,0.0
0,48500,VOLCANIC_ROCK_VOUCHER_10000,412.0,16.0,,,,,413,16,,,,,412.5,0.0
0,48600,VOLCANIC_ROCK_VOUCHER_10000,,,,,,,409,2,410.0,14.0,,,409.0,0.0
0,48700,VOLCANIC_ROCK_VOUCHER_10000,408.0,11.0,,,,,409,11,,,,,408.5,0.0
0,48800,VOLCANIC_ROCK_VOUCHER_10000,404.0,12.0,,,,,405,12,,,,,404.5,0.0
0,48900,VOLCANIC_ROCK_VOUCHER_10000,401.0,15.0,,,,,402,15,,,,,401.5,0.0
0,49000,VOLCANIC_ROCK_VOUCHER_10000,400.0,11.0,,,,,401,11,,,,,400.5,0.0
0,49100,VOLCANIC_ROCK_VOUCHER_10000,396.0,15.0,,,,,397,15,,,,,396.5,0.0
0,49200,VOLCANIC_ROCK_VOUCHER_10000,406.0,18.0,,,,,407,18,,,,,406.5,0.0
0,49300,VOLCANIC_ROCK_VOUCHER_10000,405.0,16.0,,,,,406,16,,,,,405.5,0.0
0,49400,VOLCANIC_ROCK_VOUCHER_10000,405.0,14.0,,,,,406,14,,,,,405.5,0.0
0,49500,VOLCANIC_ROCK_VOUCHER_10000,399.0,10.0,,,,,400,10,,,,,399.5,0.0
0,49600,VOLCANIC_ROCK_VOUCHER_10000,398.0,20.0,,,,,399,20,,,,,398.5,0.0
0,49700,VOLCANIC_ROCK_VOUCHER_10000,398.0,18.0,,,,,399,18,,,,,398.5,0.0
0,49800,VOLCANIC_ROCK_VOUCHER_10000,388.0,18.0,,,,,389,18,,,,,388.5,0.0
0,49900,VOLCANIC_ROCK_VOUCHER_10000,398.0,15.0,,,,,399,15,,,,,398.5,0.0
0,50000,VOLCANIC_ROCK_VOUCHER_10000,395.0,13.0,,,,,396,13,,,,,395.5,0.0
0,50100,VOLCANIC_ROCK_VOUCHER_10000,391.0,21.0,,,,,392,21,,,,,391.5,0.0
0,50200,VOLCANIC_ROCK_VOUCHER_10000,390.0,12.0,,,,,391,12,,,,,390.5,0.0
0,50300,VOLCANIC_ROCK_VOUCHER_10000,387.0,13.0,,,,,388,13,,,,,387.5,0.0
0,50400,VOLCANIC_ROCK_VOUCHER_10000,394.0,33.0,,,,,395,17,,,,,394.5,0.0
0,50500,VOLCANIC_ROCK_VOUCHER_10000,395.0,20.0,,,,,396,20,,,,,395.5,0.0
0,50600,VOLCANIC_ROCK_VOUCHER_10000,392.0,13.0,,,,,393,13,,,,,392.5,0.0
0,50700,VOLCANIC_ROCK_VOUCHER_10000,397.0,15.0,,,,,399,15,,,,,398.0,0.0
0,50800,VOLCANIC_ROCK_VOUCHER_10000,407.0,16.0,,,,,408,16,,,,,407.5,0.0
0,50900,VOLCANIC_ROCK_VOUCHER_10000,407.0,21.0,,,,,408,21,,,,,407.5,0.0
0,51000,VOLCANIC_ROCK_VOUCHER_10000,408.0,21.0,,,,,409,21,,,,,408.5,0.0
0,51100,VOLCANIC_ROCK_VOUCHER_10000,411.0,19.0,,,,,412,19,,,,,411.5,0.0
0,51200,VOLCANIC_ROCK_VOUCHER_10000,421.0,2.0,420.0,17.0,,,422,19,,,,,421.5,0.0
0,51300,VOLCANIC_ROCK_VOUCHER_10000,418.0,21.0,,,,,419,21,,,,,418.5,0.0
0,51400,VOLCANIC_ROCK_VOUCHER_10000,419.0,17.0,,,,,420,17,,,,,419.5,0.0
0,51500,VOLCANIC_ROCK_VOUCHER_10000,409.0,15.0,,,,,410,15,,,,,409.5,0.0
0,51600,VOLCANIC_ROCK_VOUCHER_10000,410.0,20.0,,,,,411,20,,,,,410.5,0.0
0,51700,VOLCANIC_ROCK_VOUCHER_10000,419.0,1.0,,,,,420,19,,,,,419.5,0.0
0,51800,VOLCANIC_ROCK_VOUCHER_10000,421.0,31.0,,,,,423,17,,,,,422.0,0.0
0,51900,VOLCANIC_ROCK_VOUCHER_10000,420.0,13.0,,,,,421,13,,,,,420.5,0.0
0,52000,VOLCANIC_ROCK_VOUCHER_10000,414.0,21.0,,,,,415,21,,,,,414.5,0.0
0,52100,VOLCANIC_ROCK_VOUCHER_10000,420.0,14.0,,,,,421,14,,,,,420.5,0.0
0,52200,VOLCANIC_ROCK_VOUCHER_10000,422.0,11.0,,,,,423,11,,,,,422.5,0.0
0,52300,VOLCANIC_ROCK_VOUCHER_10000,420.0,16.0,,,,,421,16,,,,,420.5,0.0
0,52400,VOLCANIC_ROCK_VOUCHER_10000,410.0,13.0,,,,,411,13,,,,,410.5,0.0
0,52500,VOLCANIC_ROCK_VOUCHER_10000,411.0,21.0,,,,,412,21,,,,,411.5,0.0
0,52600,VOLCANIC_ROCK_VOUCHER_10000,411.0,19.0,,,,,412,19,,,,,411.5,0.0
0,52700,VOLCANIC_ROCK_VOUCHER_10000,413.0,12.0,,,,,414,12,,,,,413.5,0.0
0,52800,VOLCANIC_ROCK_VOUCHER_10000,413.0,12.0,,,,,414,12,,,,,413.5,0.0
0,52900,VOLCANIC_ROCK_VOUCHER_10000,408.0,15.0,,,,,409,15,,,,,408.5,0.0
0,53000,VOLCANIC_ROCK_VOUCHER_10000,405.0,18.0,,,,,406,18,,,,,405.5,0.0
0,53100,VOLCANIC_ROCK_VOUCHER_10000,402.0,15.0,,,,,403,15,,,,,402.5,0.0
0,53200,VOLCANIC_ROCK_VOUCHER_10000,400.0,17.0,,,,,401,17,,,,,400.5,0.0
0,53300,VOLCANIC_ROCK_VOUCHER_10000,400.0,11.0,,,,,401,11,,,,,400.5,0.0
0,53400,VOLCANIC_ROCK_VOUCHER_10000,399.0,18.0,,,,,400,18,,,,,399.5,0.0
0,53500,VOLCANIC_ROCK_VOUCHER_10000,400.0,1.0,399.0,13.0,,,401,14,,,,,400.5,0.0
0,53600,VOLCANIC_ROCK_VOUCHER_10000,393.0,13.0,,,,,394,13,,,,,393.5,0.0
0,53700,VOLCANIC_ROCK_VOUCHER_10000,396.0,21.0,,,,,397,2,398.0,19.0,,,396.5,0.0
0,53800,VOLCANIC_ROCK_VOUCHER_10000,403.0,13.0,,,,,404,13,,,,,403.5,0.0
0,53900,VOLCANIC_ROCK_VOUCHER_10000,402.0,17.0,,,,,403,17,,,,,402.5,0.0
0,54000,VOLCANIC_ROCK_VOUCHER_10000,402.0,15.0,,,,,403,15,,,,,402.5,0.0
0,54100,VOLCANIC_ROCK_VOUCHER_10000,402.0,23.0,,,,,403,11,,,,,402.5,0.0
0,54200,VOLCANIC_ROCK_VOUCHER_10000,402.0,13.0,,,,,403,13,,,,,402.5,0.0
0,54300,VOLCANIC_ROCK_VOUCHER_10000,411.0,15.0,,,,,413,15,,,,,412.0,0.0
0,54400,VOLCANIC_ROCK_VOUCHER_10000,413.0,17.0,,,,,414,17,,,,,413.5,0.0
0,54500,VOLCANIC_ROCK_VOUCHER_10000,412.0,4.0,,,,,413,15,,,,,412.5,0.0
0,54600,VOLCANIC_ROCK_VOUCHER_10000,409.0,14.0,,,,,410,14,,,,,409.5,0.0
0,54700,VOLCANIC_ROCK_VOUCHER_10000,402.0,17.0,,,,,403,17,,,,,402.5,0.0
0,54800,VOLCANIC_ROCK_VOUCHER_10000,402.0,26.0,,,,,403,14,,,,,402.5,0.0
0,54900,VOLCANIC_ROCK_VOUCHER_10000,401.0,12.0,,,,,402,12,,,,,401.5,0.0
0,55000,VOLCANIC_ROCK_VOUCHER_10000,399.0,13.0,,,,,401,13,,,,,400.0,0.0
0,55100,VOLCANIC_ROCK_VOUCHER_10000,399.0,20.0,,,,,400,20,,,,,399.5,0.0
0,55200,VOLCANIC_ROCK_VOUCHER_10000,398.0,12.0,,,,,399,12,,,,,398.5,0.0
0,55300,VOLCANIC_ROCK_VOUCHER_10000,395.0,16.0,,,,,396,16,,,,,395.5,0.0
0,55400,VOLCANIC_ROCK_VOUCHER_10000,393.0,20.0,,,,,395,20,,,,,394.0,0.0
0,55500,VOLCANIC_ROCK_VOUCHER_10000,402.0,15.0,,,,,403,15,,,,,402.5,0.0
0,55600,VOLCANIC_ROCK_VOUCHER_10000,397.0,17.0,,,,,398,17,,,,,397.5,0.0
0,55700,VOLCANIC_ROCK_VOUCHER_10000,397.0,20.0,,,,,399,20,,,,,398.0,0.0
0,55800,VOLCANIC_ROCK_VOUCHER_10000,394.0,18.0,,,,,395,18,,,,,394.5,0.0
0,55900,VOLCANIC_ROCK_VOUCHER_10000,391.0,13.0,,,,,392,13,,,,,391.5,0.0
0,56000,VOLCANIC_ROCK_VOUCHER_10000,394.0,16.0,,,,,395,16,,,,,394.5,0.0
0,56100,VOLCANIC_ROCK_VOUCHER_10000,394.0,15.0,,,,,395,15,,,,,394.5,0.0
0,56200,VOLCANIC_ROCK_VOUCHER_10000,389.0,18.0,,,,,390,18,,,,,389.5,0.0
0,56300,VOLCANIC_ROCK_VOUCHER_10000,391.0,20.0,,,,,392,20,,,,,391.5,0.0
0,56400,VOLCANIC_ROCK_VOUCHER_10000,392.0,18.0,,,,,393,18,,,,,392.5,0.0
0,56500,VOLCANIC_ROCK_VOUCHER_10000,394.0,16.0,,,,,395,16,,,,,394.5,0.0
0,56600,VOLCANIC_ROCK_VOUCHER_10000,387.0,31.0,,,,,388,17,,,,,387.5,0.0
0,56700,VOLCANIC_ROCK_VOUCHER_10000,384.0,15.0,,,,,385,15,,,,,384.5,0.0
0,56800,VOLCANIC_ROCK_VOUCHER_10000,380.0,14.0,,,,,381,14,,,,,380.5,0.0
0,56900,VOLCANIC_ROCK_VOUCHER_10000,380.0,14.0,,,,,381,14,,,,,380.5,0.0
0,57000,VOLCANIC_ROCK_VOUCHER_10000,380.0,26.0,,,,,381,12,,,,,380.5,0.0
0,57100,VOLCANIC_ROCK_VOUCHER_10000,386.0,20.0,,,,,387,20,,,,,386.5,0.0
0,57200,VOLCANIC_ROCK_VOUCHER_10000,388.0,12.0,,,,,389,12,,,,,388.5,0.0
0,57300,VOLCANIC_ROCK_VOUCHER_10000,387.0,22.0,,,,,388,11,,,,,387.5,0.0
0,57400,VOLCANIC_ROCK_VOUCHER_10000,385.0,16.0,,,,,386,16,,,,,385.5,0.0
0,57500,VOLCANIC_ROCK_VOUCHER_10000,389.0,11.0,,,,,390,11,,,,,389.5,0.0
0,57600,VOLCANIC_ROCK_VOUCHER_10000,397.0,16.0,,,,,398,16,,,,,397.5,0.0
0,57700,VOLCANIC_ROCK_VOUCHER_10000,402.0,17.0,,,,,403,17,,,,,402.5,0.0
0,57800,VOLCANIC_ROCK_VOUCHER_10000,397.0,14.0,,,,,398,14,,,,,397.5,0.0
0,57900,VOLCANIC_ROCK_VOUCHER_10000,401.0,12.0,,,,,402,12,,,,,401.5,0.0
0,58000,VOLCANIC_ROCK_VOUCHER_10000,393.0,14.0,,,,,394,14,,,,,393.5,0.0
0,58100,VOLCANIC_ROCK_VOUCHER_10000,396.0,20.0,,,,,397,20,,,,,396.5,0.0
0,58200,VOLCANIC_ROCK_VOUCHER_10000,397.0,17.0,,,,,398,17,,,,,397.5,0.0
0,58300,VOLCANIC_ROCK_VOUCHER_10000,393.0,17.0,,,,,394,17,,,,,393.5,0.0
0,58400,VOLCANIC_ROCK_VOUCHER_10000,397.0,6.0,,,,,398,20,,,,,397.5,0.0
0,58500,VOLCANIC_ROCK_VOUCHER_10000,393.0,18.0,,,,,394,18,,,,,393.5,0.0
0,58600,VOLCANIC_ROCK_VOUCHER_10000,392.0,20.0,,,,,393,20,,,,,392.5,0.0
0,58700,VOLCANIC_ROCK_VOUCHER_10000,392.0,17.0,,,,,393,17,,,,,392.5,0.0
0,58800,VOLCANIC_ROCK_VOUCHER_10000,396.0,24.0,,,,,397,12,,,,,396.5,0.0
0,58900,VOLCANIC_ROCK_VOUCHER_10000,396.0,16.0,,,,,397,16,,,,,396.5,0.0
0,59000,VOLCANIC_ROCK_VOUCHER_10000,394.0,11.0,,,,,395,11,,,,,394.5,0.0
0,59100,VOLCANIC_ROCK_VOUCHER_10000,400.0,10.0,,,,,401,10,,,,,400.5,0.0
0,59200,VOLCANIC_ROCK_VOUCHER_10000,407.0,19.0,,,,,408,19,,,,,407.5,0.0
0,59300,VOLCANIC_ROCK_VOUCHER_10000,403.0,22.0,,,,,405,22,,,,,404.0,0.0
0,59400,VOLCANIC_ROCK_VOUCHER_10000,402.0,11.0,,,,,403,11,,,,,402.5,0.0
0,59500,VOLCANIC_ROCK_VOUCHER_10000,402.0,19.0,,,,,403,19,,,,,402.5,0.0
0,59600,VOLCANIC_ROCK_VOUCHER_10000,402.0,11.0,,,,,404,11,,,,,403.0,0.0
0,59700,VOLCANIC_ROCK_VOUCHER_10000,403.0,17.0,,,,,404,17,,,,,403.5,0.0
0,59800,VOLCANIC_ROCK_VOUCHER_10000,405.0,1.0,,,,,406,20,,,,,405.5,0.0
0,59900,VOLCANIC_ROCK_VOUCHER_10000,404.0,13.0,,,,,405,13,,,,,404.5,0.0
0,60000,VOLCANIC_ROCK_VOUCHER_10000,402.0,21.0,,,,,403,21,,,,,402.5,0.0
0,60100,VOLCANIC_ROCK_VOUCHER_10000,399.0,19.0,,,,,400,19,,,,,399.5,0.0
0,60200,VOLCANIC_ROCK_VOUCHER_10000,402.0,21.0,,,,,403,21,,,,,402.5,0.0
0,60300,VOLCANIC_ROCK_VOUCHER_10000,407.0,21.0,,,,,408,21,,,,,407.5,0.0
0,60400,VOLCANIC_ROCK_VOUCHER_10000,409.0,16.0,,,,,410,16,,,,,409.5,0.0
0,60500,VOLCANIC_ROCK_VOUCHER_10000,412.0,15.0,,,,,413,15,,,,,412.5,0.0
0,60600,VOLCANIC_ROCK_VOUCHER_10000,413.0,18.0,,,,,414,18,,,,,413.5,0.0
0,60700,VOLCANIC_ROCK_VOUCHER_10000,413.0,13.0,,,,,414,13,,,,,413.5,0.0
0,60800,VOLCANIC_ROCK_VOUCHER_10000,417.0,17.0,,,,,418,17,,,,,417.5,0.0
0,60900,VOLCANIC_ROCK_VOUCHER_10000,420.0,18.0,,,,,422,18,,,,,421.0,0.0
0,61000,VOLCANIC_ROCK_VOUCHER_10000,415.0,14.0,,,,,416,14,,,,,415.5,0.0
0,61100,VOLCANIC_ROCK_VOUCHER_10000,411.0,19.0,,,,,412,13,,,,,411.5,0.0
0,61200,VOLCANIC_ROCK_VOUCHER_10000,407.0,18.0,,,,,409,18,,,,,408.0,0.0
0,61300,VOLCANIC_ROCK_VOUCHER_10000,410.0,18.0,,,,,411,18,,,,,410.5,0.0
0,61400,VOLCANIC_ROCK_VOUCHER_10000,414.0,12.0,,,,,415,12,,,,,414.5,0.0
0,61500,VOLCANIC_ROCK_VOUCHER_10000,418.0,15.0,,,,,419,15,,,,,418.5,0.0
0,61600,VOLCANIC_ROCK_VOUCHER_10000,412.0,11.0,,,,,413,11,,,,,412.5,0.0
0,61700,VOLCANIC_ROCK_VOUCHER_10000,410.0,3.0,,,,,411,13,,,,,410.5,0.0
0,61800,VOLCANIC_ROCK_VOUCHER_10000,410.0,18.0,,,,,411,18,,,,,410.5,0.0
0,61900,VOLCANIC_ROCK_VOUCHER_10000,407.0,15.0,,,,,408,15,,,,,407.5,0.0
0,62000,VOLCANIC_ROCK_VOUCHER_10000,409.0,3.0,,,,,410,20,,,,,409.5,0.0
0,62100,VOLCANIC_ROCK_VOUCHER_10000,413.0,21.0,,,,,414,21,,,,,413.5,0.0
0,62200,VOLCANIC_ROCK_VOUCHER_10000,408.0,19.0,,,,,409,19,,,,,408.5,0.0
0,62300,VOLCANIC_ROCK_VOUCHER_10000,409.0,16.0,,,,,410,16,,,,,409.5,0.0
0,62400,VOLCANIC_ROCK_VOUCHER_10000,404.0,18.0,,,,,405,18,,,,,404.5,0.0
0,62500,VOLCANIC_ROCK_VOUCHER_10000,405.0,22.0,,,,,406,22,,,,,405.5,0.0
0,62600,VOLCANIC_ROCK_VOUCHER_10000,412.0,2.0,,,,,413,12,,,,,412.5,0.0
0,62700,VOLCANIC_ROCK_VOUCHER_10000,420.0,14.0,,,,,422,14,,,,,421.0,0.0
0,62800,VOLCANIC_ROCK_VOUCHER_10000,419.0,14.0,,,,,420,14,,,,,419.5,0.0
0,62900,VOLCANIC_ROCK_VOUCHER_10000,417.0,14.0,,,,,418,14,,,,,417.5,0.0
0,63000,VOLCANIC_ROCK_VOUCHER_10000,410.0,20.0,,,,,411,20,,,,,410.5,0.0
0,63100,VOLCANIC_ROCK_VOUCHER_10000,414.0,19.0,,,,,415,19,,,,,414.5,0.0
0,63200,VOLCANIC_ROCK_VOUCHER_10000,413.0,15.0,,,,,414,15,,,,,413.5,0.0
0,63300,VOLCANIC_ROCK_VOUCHER_10000,413.0,20.0,,,,,415,20,,,,,414.0,0.0
0,63400,VOLCANIC_ROCK_VOUCHER_10000,,,,,,,413,3,414.0,11.0,,,413.0,0.0
0,63500,VOLCANIC_ROCK_VOUCHER_10000,414.0,14.0,,,,,415,14,,,,,414.5,0.0
0,63600,VOLCANIC_ROCK_VOUCHER_10000,410.0,35.0,,,,,411,17,,,,,410.5,0.0
0,63700,VOLCANIC_ROCK_VOUCHER_10000,414.0,18.0,,,,,415,18,,,,,414.5,0.0
0,63800,VOLCANIC_ROCK_VOUCHER_10000,409.0,16.0,,,,,411,16,,,,,410.0,0.0
0,63900,VOLCANIC_ROCK_VOUCHER_10000,412.0,13.0,,,,,413,13,,,,,412.5,0.0
0,64000,VOLCANIC_ROCK_VOUCHER_10000,418.0,18.0,,,,,419,18,,,,,418.5,0.0
0,64100,VOLCANIC_ROCK_VOUCHER_10000,414.0,11.0,,,,,415,11,,,,,414.5,0.0
0,64200,VOLCANIC_ROCK_VOUCHER_10000,402.0,12.0,,,,,403,12,,,,,402.5,0.0
0,64300,VOLCANIC_ROCK_VOUCHER_10000,396.0,37.0,,,,,397,19,,,,,396.5,0.0
0,64400,VOLCANIC_ROCK_VOUCHER_10000,403.0,17.0,,,,,404,17,,,,,403.5,0.0
0,64500,VOLCANIC_ROCK_VOUCHER_10000,402.0,12.0,,,,,403,12,,,,,402.5,0.0
0,64600,VOLCANIC_ROCK_VOUCHER_10000,406.0,20.0,,,,,407,20,,,,,406.5,0.0
0,64700,VOLCANIC_ROCK_VOUCHER_10000,399.0,13.0,,,,,400,13,,,,,399.5,0.0
0,64800,VOLCANIC_ROCK_VOUCHER_10000,395.0,12.0,,,,,396,12,,,,,395.5,0.0
0,64900,VOLCANIC_ROCK_VOUCHER_10000,390.0,15.0,,,,,391,15,,,,,390.5,0.0
0,65000,VOLCANIC_ROCK_VOUCHER_10000,395.0,16.0,,,,,396,16,,,,,395.5,0.0
0,65100,VOLCANIC_ROCK_VOUCHER_10000,394.0,21.0,,,,,395,21,,,,,394.5,0.0
0,65200,VOLCANIC_ROCK_VOUCHER_10000,398.0,12.0,,,,,399,12,,,,,398.5,0.0
0,65300,VOLCANIC_ROCK_VOUCHER_10000,398.0,7.0,,,,,400,21,,,,,399.0,0.0
0,65400,VOLCANIC_ROCK_VOUCHER_10000,393.0,18.0,,,,,394,18,,,,,393.5,0.0
0,65500,VOLCANIC_ROCK_VOUCHER_10000,397.0,20.0,,,,,398,20,,,,,397.5,0.0
0,65600,VOLCANIC_ROCK_VOUCHER_10000,394.0,18.0,,,,,395,18,,,,,394.5,0.0
0,65700,VOLCANIC_ROCK_VOUCHER_10000,391.0,12.0,,,,,392,12,,,,,391.5,0.0
0,65800,VOLCANIC_ROCK_VOUCHER_10000,393.0,10.0,,,,,394,10,,,,,393.5,0.0
0,65900,VOLCANIC_ROCK_VOUCHER_10000,,,,,,,399,4,400.0,12.0,,,399.0,0.0
0,66000,VOLCANIC_ROCK_VOUCHER_10000,399.0,20.0,,,,,400,20,,,,,399.5,0.0
0,66100,VOLCANIC_ROCK_VOUCHER_10000,398.0,12.0,,,,,399,12,,,,,398.5,0.0
0,66200,VOLCANIC_ROCK_VOUCHER_10000,396.0,20.0,,,,,397,20,,,,,396.5,0.0
0,66300,VOLCANIC_ROCK_VOUCHER_10000,396.0,18.0,,,,,397,18,,,,,396.5,0.0
0,66400,VOLCANIC_ROCK_VOUCHER_10000,398.0,17.0,,,,,399,17,,,,,398.5,0.0
0,66500,VOLCANIC_ROCK_VOUCHER_10000,401.0,16.0,,,,,402,16,,,,,401.5,0.0
0,66600,VOLCANIC_ROCK_VOUCHER_10000,401.0,16.0,,,,,402,16,,,,,401.5,0.0
0,66700,VOLCANIC_ROCK_VOUCHER_10000,400.0,21.0,,,,,401,10,,,,,400.5,0.0
0,66800,VOLCANIC_ROCK_VOUCHER_10000,409.0,12.0,,,,,410,12,,,,,409.5,0.0
0,66900,VOLCANIC_ROCK_VOUCHER_10000,412.0,20.0,,,,,413,20,,,,,412.5,0.0
0,67000,VOLCANIC_ROCK_VOUCHER_10000,416.0,12.0,,,,,417,12,,,,,416.5,0.0
0,67100,VOLCANIC_ROCK_VOUCHER_10000,417.0,13.0,,,,,418,13,,,,,417.5,0.0
0,67200,VOLCANIC_ROCK_VOUCHER_10000,423.0,13.0,,,,,424,13,,,,,423.5,0.0
0,67300,VOLCANIC_ROCK_VOUCHER_10000,426.0,33.0,,,,,427,18,,,,,426.5,0.0
0,67400,VOLCANIC_ROCK_VOUCHER_10000,427.0,14.0,,,,,428,14,,,,,427.5,0.0
0,67500,VOLCANIC_ROCK_VOUCHER_10000,427.0,21.0,,,,,428,21,,,,,427.5,0.0
0,67600,VOLCANIC_ROCK_VOUCHER_10000,422.0,21.0,,,,,423,12,,,,,422.5,0.0
0,67700,VOLCANIC_ROCK_VOUCHER_10000,419.0,13.0,,,,,420,13,,,,,419.5,0.0
0,67800,VOLCANIC_ROCK_VOUCHER_10000,418.0,14.0,,,,,419,14,,,,,418.5,0.0
0,67900,VOLCANIC_ROCK_VOUCHER_10000,421.0,21.0,,,,,422,21,,,,,421.5,0.0
0,68000,VOLCANIC_ROCK_VOUCHER_10000,420.0,15.0,,,,,421,15,,,,,420.5,0.0
0,68100,VOLCANIC_ROCK_VOUCHER_10000,415.0,14.0,,,,,416,14,,,,,415.5,0.0
0,68200,VOLCANIC_ROCK_VOUCHER_10000,412.0,21.0,,,,,413,21,,,,,412.5,0.0
0,68300,VOLCANIC_ROCK_VOUCHER_10000,412.0,21.0,,,,,413,21,,,,,412.5,0.0
0,68400,VOLCANIC_ROCK_VOUCHER_10000,416.0,10.0,,,,,417,10,,,,,416.5,0.0
0,68500,VOLCANIC_ROCK_VOUCHER_10000,413.0,12.0,,,,,414,12,,,,,413.5,0.0
0,68600,VOLCANIC_ROCK_VOUCHER_10000,417.0,20.0,,,,,418,20,,,,,417.5,0.0
0,68700,VOLCANIC_ROCK_VOUCHER_10000,419.0,16.0,,,,,420,16,,,,,419.5,0.0
0,68800,VOLCANIC_ROCK_VOUCHER_10000,423.0,14.0,,,,,424,14,,,,,423.5,0.0
0,68900,VOLCANIC_ROCK_VOUCHER_10000,433.0,15.0,,,,,434,15,,,,,433.5,0.0
0,69000,VOLCANIC_ROCK_VOUCHER_10000,432.0,21.0,,,,,433,21,,,,,432.5,0.0
0,69100,VOLCANIC_ROCK_VOUCHER_10000,437.0,12.0,,,,,438,12,,,,,437.5,0.0
0,69200,VOLCANIC_ROCK_VOUCHER_10000,438.0,12.0,,,,,439,12,,,,,438.5,0.0
0,69300,VOLCANIC_ROCK_VOUCHER_10000,434.0,13.0,,,,,435,13,,,,,434.5,0.0
0,69400,VOLCANIC_ROCK_VOUCHER_10000,439.0,20.0,,,,,440,20,,,,,439.5,0.0
0,69500,VOLCANIC_ROCK_VOUCHER_10000,434.0,3.0,,,,,435,14,,,,,434.5,0.0
0,69600,VOLCANIC_ROCK_VOUCHER_10000,433.0,11.0,,,,,435,11,,,,,434.0,0.0
0,69700,VOLCANIC_ROCK_VOUCHER_10000,437.0,22.0,,,,,438,22,,,,,437.5,0.0
0,69800,VOLCANIC_ROCK_VOUCHER_10000,434.0,2.0,,,,,435,17,,,,,434.5,0.0
0,69900,VOLCANIC_ROCK_VOUCHER_10000,443.0,18.0,,,,,444,18,,,,,443.5,0.0
0,70000,VOLCANIC_ROCK_VOUCHER_10000,451.0,19.0,,,,,452,19,,,,,451.5,0.0
0,70100,VOLCANIC_ROCK_VOUCHER_10000,446.0,18.0,,,,,447,18,,,,,446.5,0.0
0,70200,VOLCANIC_ROCK_VOUCHER_10000,445.0,13.0,,,,,446,1,447.0,12.0,,,445.5,0.0
0,70300,VOLCANIC_ROCK_VOUCHER_10000,448.0,20.0,,,,,449,20,,,,,448.5,0.0
0,70400,VOLCANIC_ROCK_VOUCHER_10000,447.0,19.0,,,,,448,19,,,,,447.5,0.0
0,70500,VOLCANIC_ROCK_VOUCHER_10000,447.0,14.0,,,,,448,14,,,,,447.5,0.0
0,70600,VOLCANIC_ROCK_VOUCHER_10000,447.0,13.0,,,,,449,13,,,,,448.0,0.0
0,70700,VOLCANIC_ROCK_VOUCHER_10000,448.0,10.0,,,,,449,10,,,,,448.5,0.0
0,70800,VOLCANIC_ROCK_VOUCHER_10000,452.0,17.0,,,,,453,17,,,,,452.5,0.0
0,70900,VOLCANIC_ROCK_VOUCHER_10000,462.0,13.0,,,,,463,13,,,,,462.5,0.0
0,71000,VOLCANIC_ROCK_VOUCHER_10000,466.0,22.0,,,,,467,22,,,,,466.5,0.0
0,71100,VOLCANIC_ROCK_VOUCHER_10000,475.0,27.0,,,,,476,14,,,,,475.5,0.0
0,71200,VOLCANIC_ROCK_VOUCHER_10000,470.0,12.0,,,,,471,12,,,,,470.5,0.0
0,71300,VOLCANIC_ROCK_VOUCHER_10000,469.0,12.0,,,,,470,12,,,,,469.5,0.0
0,71400,VOLCANIC_ROCK_VOUCHER_10000,467.0,18.0,,,,,468,18,,,,,467.5,0.0
0,71500,VOLCANIC_ROCK_VOUCHER_10000,474.0,19.0,,,,,475,19,,,,,474.5,0.0
0,71600,VOLCANIC_ROCK_VOUCHER_10000,465.0,11.0,,,,,466,11,,,,,465.5,0.0
0,71700,VOLCANIC_ROCK_VOUCHER_10000,467.0,17.0,,,,,469,17,,,,,468.0,0.0
0,71800,VOLCANIC_ROCK_VOUCHER_10000,469.0,14.0,,,,,471,14,,,,,470.0,0.0
0,71900,VOLCANIC_ROCK_VOUCHER_10000,476.0,22.0,,,,,477,22,,,,,476.5,0.0
0,72000,VOLCANIC_ROCK_VOUCHER_10000,468.0,20.0,,,,,469,13,,,,,468.5,0.0
0,72100,VOLCANIC_ROCK_VOUCHER_10000,477.0,13.0,,,,,478,13,,,,,477.5,0.0
0,72200,VOLCANIC_ROCK_VOUCHER_10000,477.0,17.0,,,,,478,17,,,,,477.5,0.0
0,72300,VOLCANIC_ROCK_VOUCHER_10000,477.0,20.0,,,,,478,20,,,,,477.5,0.0
0,72400,VOLCANIC_ROCK_VOUCHER_10000,476.0,19.0,,,,,477,19,,,,,476.5,0.0
0,72500,VOLCANIC_ROCK_VOUCHER_10000,478.0,17.0,,,,,479,17,,,,,478.5,0.0
0,72600,VOLCANIC_ROCK_VOUCHER_10000,475.0,20.0,,,,,476,20,,,,,475.5,0.0
0,72700,VOLCANIC_ROCK_VOUCHER_10000,,,,,,,473,8,474.0,12.0,,,473.0,0.0
0,72800,VOLCANIC_ROCK_VOUCHER_10000,479.0,14.0,,,,,480,14,,,,,479.5,0.0
0,72900,VOLCANIC_ROCK_VOUCHER_10000,473.0,17.0,,,,,474,17,,,,,473.5,0.0
0,73000,VOLCANIC_ROCK_VOUCHER_10000,473.0,22.0,,,,,474,22,,,,,473.5,0.0
0,73100,VOLCANIC_ROCK_VOUCHER_10000,469.0,16.0,,,,,470,16,,,,,469.5,0.0
0,73200,VOLCANIC_ROCK_VOUCHER_10000,469.0,1.0,,,,,470,21,,,,,469.5,0.0
0,73300,VOLCANIC_ROCK_VOUCHER_10000,473.0,15.0,,,,,474,15,,,,,473.5,0.0
0,73400,VOLCANIC_ROCK_VOUCHER_10000,477.0,20.0,,,,,478,20,,,,,477.5,0.0
0,73500,VOLCANIC_ROCK_VOUCHER_10000,482.0,15.0,,,,,483,15,,,,,482.5,0.0
0,73600,VOLCANIC_ROCK_VOUCHER_10000,481.0,10.0,,,,,482,10,,,,,481.5,0.0
0,73700,VOLCANIC_ROCK_VOUCHER_10000,483.0,19.0,,,,,484,19,,,,,483.5,0.0
0,73800,VOLCANIC_ROCK_VOUCHER_10000,475.0,20.0,,,,,476,20,,,,,475.5,0.0
0,73900,VOLCANIC_ROCK_VOUCHER_10000,467.0,20.0,,,,,468,20,,,,,467.5,0.0
0,74000,VOLCANIC_ROCK_VOUCHER_10000,467.0,27.0,,,,,468,15,,,,,467.5,0.0
0,74100,VOLCANIC_ROCK_VOUCHER_10000,466.0,16.0,,,,,467,16,,,,,466.5,0.0
0,74200,VOLCANIC_ROCK_VOUCHER_10000,468.0,28.0,,,,,469,10,,,,,468.5,0.0
0,74300,VOLCANIC_ROCK_VOUCHER_10000,462.0,13.0,,,,,463,13,,,,,462.5,0.0
0,74400,VOLCANIC_ROCK_VOUCHER_10000,461.0,10.0,,,,,462,10,,,,,461.5,0.0
0,74500,VOLCANIC_ROCK_VOUCHER_10000,463.0,27.0,,,,,464,17,,,,,463.5,0.0
0,74600,VOLCANIC_ROCK_VOUCHER_10000,467.0,13.0,,,,,468,13,,,,,467.5,0.0
0,74700,VOLCANIC_ROCK_VOUCHER_10000,464.0,18.0,,,,,465,18,,,,,464.5,0.0
0,74800,VOLCANIC_ROCK_VOUCHER_10000,465.0,17.0,,,,,466,17,,,,,465.5,0.0
0,74900,VOLCANIC_ROCK_VOUCHER_10000,476.0,18.0,,,,,477,18,,,,,476.5,0.0
0,75000,VOLCANIC_ROCK_VOUCHER_10000,472.0,14.0,,,,,474,14,,,,,473.0,0.0
0,75100,VOLCANIC_ROCK_VOUCHER_10000,470.0,31.0,,,,,471,12,,,,,470.5,0.0
0,75200,VOLCANIC_ROCK_VOUCHER_10000,470.0,21.0,,,,,471,21,,,,,470.5,0.0
0,75300,VOLCANIC_ROCK_VOUCHER_10000,475.0,17.0,,,,,476,17,,,,,475.5,0.0
0,75400,VOLCANIC_ROCK_VOUCHER_10000,469.0,21.0,,,,,470,21,,,,,469.5,0.0
0,75500,VOLCANIC_ROCK_VOUCHER_10000,472.0,16.0,,,,,473,16,,,,,472.5,0.0
0,75600,VOLCANIC_ROCK_VOUCHER_10000,471.0,19.0,,,,,472,19,,,,,471.5,0.0
0,75700,VOLCANIC_ROCK_VOUCHER_10000,469.0,24.0,,,,,470,10,,,,,469.5,0.0
0,75800,VOLCANIC_ROCK_VOUCHER_10000,473.0,20.0,,,,,474,20,,,,,473.5,0.0
0,75900,VOLCANIC_ROCK_VOUCHER_10000,473.0,12.0,,,,,474,12,,,,,473.5,0.0
0,76000,VOLCANIC_ROCK_VOUCHER_10000,478.0,20.0,,,,,479,20,,,,,478.5,0.0
0,76100,VOLCANIC_ROCK_VOUCHER_10000,478.0,19.0,,,,,479,19,,,,,478.5,0.0
0,76200,VOLCANIC_ROCK_VOUCHER_10000,490.0,17.0,,,,,491,17,,,,,490.5,0.0
0,76300,VOLCANIC_ROCK_VOUCHER_10000,496.0,9.0,,,,,497,20,,,,,496.5,0.0
0,76400,VOLCANIC_ROCK_VOUCHER_10000,488.0,19.0,,,,,489,19,,,,,488.5,0.0
0,76500,VOLCANIC_ROCK_VOUCHER_10000,487.0,12.0,,,,,488,12,,,,,487.5,0.0
0,76600,VOLCANIC_ROCK_VOUCHER_10000,492.0,16.0,,,,,493,16,,,,,492.5,0.0
0,76700,VOLCANIC_ROCK_VOUCHER_10000,487.0,15.0,,,,,488,15,,,,,487.5,0.0
0,76800,VOLCANIC_ROCK_VOUCHER_10000,483.0,16.0,,,,,485,16,,,,,484.0,0.0
0,76900,VOLCANIC_ROCK_VOUCHER_10000,479.0,15.0,,,,,480,15,,,,,479.5,0.0
0,77000,VOLCANIC_ROCK_VOUCHER_10000,480.0,12.0,,,,,481,12,,,,,480.5,0.0
0,77100,VOLCANIC_ROCK_VOUCHER_10000,479.0,19.0,,,,,480,19,,,,,479.5,0.0
0,77200,VOLCANIC_ROCK_VOUCHER_10000,478.0,21.0,,,,,479,21,,,,,478.5,0.0
0,77300,VOLCANIC_ROCK_VOUCHER_10000,478.0,14.0,,,,,479,14,,,,,478.5,0.0
0,77400,VOLCANIC_ROCK_VOUCHER_10000,480.0,20.0,,,,,481,20,,,,,480.5,0.0
0,77500,VOLCANIC_ROCK_VOUCHER_10000,,,,,,,476,2,477.0,14.0,,,476.0,0.0
0,77600,VOLCANIC_ROCK_VOUCHER_10000,475.0,11.0,,,,,476,11,,,,,475.5,0.0
0,77700,VOLCANIC_ROCK_VOUCHER_10000,479.0,7.0,,,,,480,14,,,,,479.5,0.0
0,77800,VOLCANIC_ROCK_VOUCHER_10000,477.0,15.0,,,,,478,15,,,,,477.5,0.0
0,77900,VOLCANIC_ROCK_VOUCHER_10000,478.0,12.0,,,,,479,12,,,,,478.5,0.0
0,78000,VOLCANIC_ROCK_VOUCHER_10000,472.0,19.0,,,,,473,19,,,,,472.5,0.0
0,78100,VOLCANIC_ROCK_VOUCHER_10000,,,,,,,483,5,484.0,11.0,,,483.0,0.0
0,78200,VOLCANIC_ROCK_VOUCHER_10000,480.0,19.0,,,,,481,19,,,,,480.5,0.0
0,78300,VOLCANIC_ROCK_VOUCHER_10000,478.0,13.0,,,,,479,13,,,,,478.5,0.0
0,78400,VOLCANIC_ROCK_VOUCHER_10000,481.0,16.0,,,,,482,16,,,,,481.5,0.0
0,78500,VOLCANIC_ROCK_VOUCHER_10000,484.0,12.0,,,,,485,12,,,,,484.5,0.0
0,78600,VOLCANIC_ROCK_VOUCHER_10000,476.0,21.0,,,,,477,21,,,,,476.5,0.0
0,78700,VOLCANIC_ROCK_VOUCHER_10000,472.0,11.0,,,,,473,11,,,,,472.5,0.0
0,78800,VOLCANIC_ROCK_VOUCHER_10000,474.0,13.0,,,,,475,13,,,,,474.5,0.0
0,78900,VOLCANIC_ROCK_VOUCHER_10000,469.0,13.0,,,,,470,13,,,,,469.5,0.0
0,79000,VOLCANIC_ROCK_VOUCHER_10000,473.0,20.0,,,,,474,20,,,,,473.5,0.0
0,79100,VOLCANIC_ROCK_VOUCHER_10000,468.0,11.0,,,,,470,11,,,,,469.0,0.0
0,79200,VOLCANIC_ROCK_VOUCHER_10000,462.0,20.0,,,,,463,20,,,,,462.5,0.0
0,79300,VOLCANIC_ROCK_VOUCHER_10000,466.0,1.0,465.0,12.0,,,467,13,,,,,466.5,0.0
0,79400,VOLCANIC_ROCK_VOUCHER_10000,462.0,19.0,,,,,463,19,464.0,19.0,,,462.5,0.0
0,79500,VOLCANIC_ROCK_VOUCHER_10000,472.0,15.0,,,,,473,15,,,,,472.5,0.0
0,79600,VOLCANIC_ROCK_VOUCHER_10000,471.0,16.0,,,,,472,16,,,,,471.5,0.0
0,79700,VOLCANIC_ROCK_VOUCHER_10000,464.0,22.0,,,,,465,22,,,,,464.5,0.0
0,79800,VOLCANIC_ROCK_VOUCHER_10000,463.0,18.0,,,,,464,18,,,,,463.5,0.0
0,79900,VOLCANIC_ROCK_VOUCHER_10000,464.0,14.0,,,,,465,14,,,,,464.5,0.0
0,80000,VOLCANIC_ROCK_VOUCHER_10000,463.0,21.0,,,,,464,21,,,,,463.5,0.0
0,80100,VOLCANIC_ROCK_VOUCHER_10000,462.0,11.0,,,,,463,11,,,,,462.5,0.0
0,80200,VOLCANIC_ROCK_VOUCHER_10000,460.0,19.0,,,,,461,19,,,,,460.5,0.0
0,80300,VOLCANIC_ROCK_VOUCHER_10000,458.0,17.0,,,,,459,17,,,,,458.5,0.0
0,80400,VOLCANIC_ROCK_VOUCHER_10000,458.0,12.0,,,,,459,12,,,,,458.5,0.0
0,80500,VOLCANIC_ROCK_VOUCHER_10000,,,,,,,451,1,452.0,14.0,,,451.0,0.0
0,80600,VOLCANIC_ROCK_VOUCHER_10000,454.0,20.0,,,,,456,20,,,,,455.0,0.0
0,80700,VOLCANIC_ROCK_VOUCHER_10000,451.0,15.0,,,,,452,15,,,,,451.5,0.0
0,80800,VOLCANIC_ROCK_VOUCHER_10000,449.0,12.0,,,,,450,12,,,,,449.5,0.0
0,80900,VOLCANIC_ROCK_VOUCHER_10000,451.0,15.0,,,,,452,15,,,,,451.5,0.0
0,81000,VOLCANIC_ROCK_VOUCHER_10000,457.0,15.0,,,,,458,15,,,,,457.5,0.0
0,81100,VOLCANIC_ROCK_VOUCHER_10000,458.0,16.0,,,,,459,16,,,,,458.5,0.0
0,81200,VOLCANIC_ROCK_VOUCHER_10000,463.0,13.0,,,,,464,13,,,,,463.5,0.0
0,81300,VOLCANIC_ROCK_VOUCHER_10000,464.0,13.0,,,,,465,13,,,,,464.5,0.0
0,81400,VOLCANIC_ROCK_VOUCHER_10000,462.0,20.0,,,,,463,20,,,,,462.5,0.0
0,81500,VOLCANIC_ROCK_VOUCHER_10000,464.0,16.0,,,,,465,16,,,,,464.5,0.0
0,81600,VOLCANIC_ROCK_VOUCHER_10000,468.0,16.0,,,,,469,16,,,,,468.5,0.0
0,81700,VOLCANIC_ROCK_VOUCHER_10000,473.0,3.0,,,,,474,18,,,,,473.5,0.0
0,81800,VOLCANIC_ROCK_VOUCHER_10000,474.0,19.0,,,,,476,19,,,,,475.0,0.0
0,81900,VOLCANIC_ROCK_VOUCHER_10000,473.0,34.0,,,,,474,21,,,,,473.5,0.0
0,82000,VOLCANIC_ROCK_VOUCHER_10000,470.0,19.0,,,,,472,19,,,,,471.0,0.0
0,82100,VOLCANIC_ROCK_VOUCHER_10000,475.0,14.0,,,,,476,14,,,,,475.5,0.0
0,82200,VOLCANIC_ROCK_VOUCHER_10000,474.0,15.0,,,,,475,15,,,,,474.5,0.0
0,82300,VOLCANIC_ROCK_VOUCHER_10000,475.0,19.0,,,,,476,19,,,,,475.5,0.0
0,82400,VOLCANIC_ROCK_VOUCHER_10000,485.0,17.0,,,,,486,17,,,,,485.5,0.0
0,82500,VOLCANIC_ROCK_VOUCHER_10000,483.0,15.0,,,,,484,15,,,,,483.5,0.0
0,82600,VOLCANIC_ROCK_VOUCHER_10000,481.0,13.0,,,,,482,13,,,,,481.5,0.0
0,82700,VOLCANIC_ROCK_VOUCHER_10000,477.0,21.0,,,,,478,21,,,,,477.5,0.0
0,82800,VOLCANIC_ROCK_VOUCHER_10000,483.0,15.0,,,,,484,15,,,,,483.5,0.0
0,82900,VOLCANIC_ROCK_VOUCHER_10000,483.0,18.0,,,,,485,18,,,,,484.0,0.0
0,83000,VOLCANIC_ROCK_VOUCHER_10000,488.0,13.0,,,,,489,13,,,,,488.5,0.0
0,83100,VOLCANIC_ROCK_VOUCHER_10000,491.0,1.0,,,,,492,20,,,,,491.5,0.0
0,83200,VOLCANIC_ROCK_VOUCHER_10000,498.0,12.0,,,,,500,12,,,,,499.0,0.0
0,83300,VOLCANIC_ROCK_VOUCHER_10000,491.0,16.0,,,,,492,16,,,,,491.5,0.0
0,83400,VOLCANIC_ROCK_VOUCHER_10000,493.0,15.0,,,,,494,15,,,,,493.5,0.0
0,83500,VOLCANIC_ROCK_VOUCHER_10000,498.0,18.0,,,,,499,18,,,,,498.5,0.0
0,83600,VOLCANIC_ROCK_VOUCHER_10000,496.0,11.0,,,,,497,11,,,,,496.5,0.0
0,83700,VOLCANIC_ROCK_VOUCHER_10000,493.0,14.0,,,,,494,14,,,,,493.5,0.0
0,83800,VOLCANIC_ROCK_VOUCHER_10000,500.0,12.0,,,,,501,12,,,,,500.5,0.0
0,83900,VOLCANIC_ROCK_VOUCHER_10000,499.0,12.0,,,,,500,12,,,,,499.5,0.0
0,84000,VOLCANIC_ROCK_VOUCHER_10000,495.0,12.0,,,,,496,12,,,,,495.5,0.0
0,84100,VOLCANIC_ROCK_VOUCHER_10000,488.0,18.0,,,,,489,18,,,,,488.5,0.0
0,84200,VOLCANIC_ROCK_VOUCHER_10000,493.0,15.0,,,,,494,15,,,,,493.5,0.0
0,84300,VOLCANIC_ROCK_VOUCHER_10000,490.0,20.0,,,,,491,20,,,,,490.5,0.0
0,84400,VOLCANIC_ROCK_VOUCHER_10000,495.0,16.0,,,,,496,16,,,,,495.5,0.0
0,84500,VOLCANIC_ROCK_VOUCHER_10000,504.0,16.0,,,,,505,16,,,,,504.5,0.0
0,84600,VOLCANIC_ROCK_VOUCHER_10000,500.0,16.0,,,,,501,16,,,,,500.5,0.0
0,84700,VOLCANIC_ROCK_VOUCHER_10000,499.0,20.0,,,,,501,20,,,,,500.0,0.0
0,84800,VOLCANIC_ROCK_VOUCHER_10000,,,,,,,495,4,496.0,14.0,,,495.0,0.0
0,84900,VOLCANIC_ROCK_VOUCHER_10000,496.0,13.0,,,,,497,13,,,,,496.5,0.0
0,85000,VOLCANIC_ROCK_VOUCHER_10000,491.0,14.0,,,,,492,14,,,,,491.5,0.0
0,85100,VOLCANIC_ROCK_VOUCHER_10000,488.0,13.0,,,,,489,13,,,,,488.5,0.0
0,85200,VOLCANIC_ROCK_VOUCHER_10000,492.0,17.0,,,,,493,17,,,,,492.5,0.0
0,85300,VOLCANIC_ROCK_VOUCHER_10000,496.0,15.0,,,,,497,15,,,,,496.5,0.0
0,85400,VOLCANIC_ROCK_VOUCHER_10000,494.0,17.0,,,,,495,17,,,,,494.5,0.0
0,85500,VOLCANIC_ROCK_VOUCHER_10000,495.0,19.0,,,,,496,19,,,,,495.5,0.0
0,85600,VOLCANIC_ROCK_VOUCHER_10000,498.0,21.0,,,,,499,21,,,,,498.5,0.0
0,85700,VOLCANIC_ROCK_VOUCHER_10000,495.0,17.0,,,,,496,17,,,,,495.5,0.0
0,85800,VOLCANIC_ROCK_VOUCHER_10000,498.0,17.0,,,,,499,17,,,,,498.5,0.0
0,85900,VOLCANIC_ROCK_VOUCHER_10000,507.0,28.0,,,,,508,13,,,,,507.5,0.0
0,86000,VOLCANIC_ROCK_VOUCHER_10000,506.0,14.0,,,,,507,14,,,,,506.5,0.0
0,86100,VOLCANIC_ROCK_VOUCHER_10000,501.0,19.0,,,,,502,2,503.0,17.0,,,501.5,0.0
0,86200,VOLCANIC_ROCK_VOUCHER_10000,502.0,10.0,,,,,503,10,,,,,502.5,0.0
0,86300,VOLCANIC_ROCK_VOUCHER_10000,504.0,21.0,,,,,506,21,,,,,505.0,0.0
0,86400,VOLCANIC_ROCK_VOUCHER_10000,509.0,12.0,,,,,510,12,,,,,509.5,0.0
0,86500,VOLCANIC_ROCK_VOUCHER_10000,511.0,12.0,,,,,512,12,,,,,511.5,0.0
0,86600,VOLCANIC_ROCK_VOUCHER_10000,512.0,13.0,,,,,513,13,,,,,512.5,0.0
0,86700,VOLCANIC_ROCK_VOUCHER_10000,515.0,15.0,,,,,516,15,,,,,515.5,0.0
0,86800,VOLCANIC_ROCK_VOUCHER_10000,516.0,12.0,,,,,517,12,,,,,516.5,0.0
0,86900,VOLCANIC_ROCK_VOUCHER_10000,518.0,12.0,,,,,519,2,520.0,10.0,,,518.5,0.0
0,87000,VOLCANIC_ROCK_VOUCHER_10000,513.0,16.0,,,,,514,16,,,,,513.5,0.0
0,87100,VOLCANIC_ROCK_VOUCHER_10000,513.0,13.0,,,,,514,13,,,,,513.5,0.0
0,87200,VOLCANIC_ROCK_VOUCHER_10000,516.0,16.0,,,,,517,16,,,,,516.5,0.0
0,87300,VOLCANIC_ROCK_VOUCHER_10000,514.0,16.0,,,,,515,16,,,,,514.5,0.0
0,87400,VOLCANIC_ROCK_VOUCHER_10000,513.0,10.0,,,,,514,10,,,,,513.5,0.0
0,87500,VOLCANIC_ROCK_VOUCHER_10000,519.0,10.0,,,,,520,10,,,,,519.5,0.0
0,87600,VOLCANIC_ROCK_VOUCHER_10000,519.0,20.0,,,,,520,20,,,,,519.5,0.0
0,87700,VOLCANIC_ROCK_VOUCHER_10000,516.0,12.0,,,,,517,12,,,,,516.5,0.0
0,87800,VOLCANIC_ROCK_VOUCHER_10000,516.0,22.0,,,,,517,2,518.0,20.0,,,516.5,0.0
0,87900,VOLCANIC_ROCK_VOUCHER_10000,516.0,15.0,,,,,517,15,,,,,516.5,0.0
0,88000,VOLCANIC_ROCK_VOUCHER_10000,514.0,20.0,,,,,515,20,,,,,514.5,0.0
0,88100,VOLCANIC_ROCK_VOUCHER_10000,512.0,15.0,,,,,513,15,,,,,512.5,0.0
0,88200,VOLCANIC_ROCK_VOUCHER_10000,508.0,10.0,,,,,509,10,,,,,508.5,0.0
0,88300,VOLCANIC_ROCK_VOUCHER_10000,511.0,12.0,,,,,512,12,,,,,511.5,0.0
0,88400,VOLCANIC_ROCK_VOUCHER_10000,515.0,17.0,,,,,516,17,,,,,515.5,0.0
0,88500,VOLCANIC_ROCK_VOUCHER_10000,518.0,22.0,,,,,519,22,,,,,518.5,0.0
0,88600,VOLCANIC_ROCK_VOUCHER_10000,514.0,20.0,,,,,516,20,,,,,515.0,0.0
0,88700,VOLCANIC_ROCK_VOUCHER_10000,512.0,13.0,,,,,513,13,,,,,512.5,0.0
0,88800,VOLCANIC_ROCK_VOUCHER_10000,508.0,27.0,,,,,509,17,,,,,508.5,0.0
0,88900,VOLCANIC_ROCK_VOUCHER_10000,503.0,20.0,,,,,504,20,,,,,503.5,0.0
0,89000,VOLCANIC_ROCK_VOUCHER_10000,502.0,22.0,,,,,504,22,,,,,503.0,0.0
0,89100,VOLCANIC_ROCK_VOUCHER_10000,499.0,10.0,,,,,501,10,,,,,500.0,0.0
0,89200,VOLCANIC_ROCK_VOUCHER_10000,498.0,18.0,,,,,499,18,,,,,498.5,0.0
0,89300,VOLCANIC_ROCK_VOUCHER_10000,503.0,16.0,,,,,504,16,,,,,503.5,0.0
0,89400,VOLCANIC_ROCK_VOUCHER_10000,503.0,20.0,,,,,504,20,,,,,503.5,0.0
0,89500,VOLCANIC_ROCK_VOUCHER_10000,504.0,14.0,,,,,505,14,,,,,504.5,0.0
0,89600,VOLCANIC_ROCK_VOUCHER_10000,506.0,4.0,,,,,507,19,,,,,506.5,0.0
0,89700,VOLCANIC_ROCK_VOUCHER_10000,504.0,17.0,,,,,505,17,,,,,504.5,0.0
0,89800,VOLCANIC_ROCK_VOUCHER_10000,506.0,21.0,,,,,507,21,,,,,506.5,0.0
0,89900,VOLCANIC_ROCK_VOUCHER_10000,509.0,20.0,,,,,510,20,,,,,509.5,0.0
0,90000,VOLCANIC_ROCK_VOUCHER_10000,504.0,14.0,,,,,505,14,,,,,504.5,0.0
0,90100,VOLCANIC_ROCK_VOUCHER_10000,503.0,23.0,,,,,504,13,,,,,503.5,0.0
0,90200,VOLCANIC_ROCK_VOUCHER_10000,504.0,19.0,,,,,505,19,,,,,504.5,0.0
0,90300,VOLCANIC_ROCK_VOUCHER_10000,504.0,19.0,,,,,506,19,,,,,505.0,0.0
0,90400,VOLCANIC_ROCK_VOUCHER_10000,,,,,,,502,5,503.0,11.0,,,502.0,0.0
0,90500,VOLCANIC_ROCK_VOUCHER_10000,499.0,13.0,,,,,500,13,,,,,499.5,0.0
0,90600,VOLCANIC_ROCK_VOUCHER_10000,493.0,11.0,,,,,494,11,,,,,493.5,0.0
0,90700,VOLCANIC_ROCK_VOUCHER_10000,494.0,19.0,,,,,495,19,,,,,494.5,0.0
0,90800,VOLCANIC_ROCK_VOUCHER_10000,,,,,,,485,6,486.0,12.0,,,485.0,0.0
0,90900,VOLCANIC_ROCK_VOUCHER_10000,485.0,11.0,,,,,486,11,,,,,485.5,0.0
0,91000,VOLCANIC_ROCK_VOUCHER_10000,486.0,20.0,,,,,487,20,,,,,486.5,0.0
0,91100,VOLCANIC_ROCK_VOUCHER_10000,482.0,21.0,,,,,483,21,,,,,482.5,0.0
0,91200,VOLCANIC_ROCK_VOUCHER_10000,480.0,21.0,,,,,481,21,,,,,480.5,0.0
0,91300,VOLCANIC_ROCK_VOUCHER_10000,483.0,13.0,,,,,484,13,,,,,483.5,0.0
0,91400,VOLCANIC_ROCK_VOUCHER_10000,481.0,20.0,,,,,482,20,,,,,481.5,0.0
0,91500,VOLCANIC_ROCK_VOUCHER_10000,484.0,14.0,,,,,485,14,,,,,484.5,0.0
0,91600,VOLCANIC_ROCK_VOUCHER_10000,492.0,16.0,,,,,493,16,,,,,492.5,0.0
0,91700,VOLCANIC_ROCK_VOUCHER_10000,492.0,20.0,,,,,493,20,,,,,492.5,0.0
0,91800,VOLCANIC_ROCK_VOUCHER_10000,490.0,12.0,,,,,491,12,,,,,490.5,0.0
0,91900,VOLCANIC_ROCK_VOUCHER_10000,487.0,14.0,,,,,489,14,,,,,488.0,0.0
0,92000,VOLCANIC_ROCK_VOUCHER_10000,492.0,15.0,,,,,493,15,,,,,492.5,0.0
0,92100,VOLCANIC_ROCK_VOUCHER_10000,493.0,15.0,,,,,494,15,,,,,493.5,0.0
0,92200,VOLCANIC_ROCK_VOUCHER_10000,486.0,18.0,,,,,487,18,,,,,486.5,0.0
0,92300,VOLCANIC_ROCK_VOUCHER_10000,485.0,6.0,,,,,486,16,,,,,485.5,0.0
0,92400,VOLCANIC_ROCK_VOUCHER_10000,,,,,,,491,5,492.0,12.0,,,491.0,0.0
0,92500,VOLCANIC_ROCK_VOUCHER_10000,489.0,12.0,,,,,490,12,,,,,489.5,0.0
0,92600,VOLCANIC_ROCK_VOUCHER_10000,492.0,13.0,,,,,493,13,,,,,492.5,0.0
0,92700,VOLCANIC_ROCK_VOUCHER_10000,489.0,17.0,,,,,491,17,,,,,490.0,0.0
0,92800,VOLCANIC_ROCK_VOUCHER_10000,488.0,11.0,,,,,489,11,,,,,488.5,0.0
0,92900,VOLCANIC_ROCK_VOUCHER_10000,,,,,,,489,1,490.0,18.0,,,489.0,0.0
0,93000,VOLCANIC_ROCK_VOUCHER_10000,491.0,14.0,,,,,492,14,,,,,491.5,0.0
0,93100,VOLCANIC_ROCK_VOUCHER_10000,496.0,22.0,,,,,497,22,,,,,496.5,0.0
0,93200,VOLCANIC_ROCK_VOUCHER_10000,497.0,20.0,,,,,498,20,,,,,497.5,0.0
0,93300,VOLCANIC_ROCK_VOUCHER_10000,493.0,19.0,,,,,494,19,,,,,493.5,0.0
0,93400,VOLCANIC_ROCK_VOUCHER_10000,486.0,14.0,,,,,487,14,,,,,486.5,0.0
0,93500,VOLCANIC_ROCK_VOUCHER_10000,485.0,15.0,,,,,486,15,,,,,485.5,0.0
0,93600,VOLCANIC_ROCK_VOUCHER_10000,488.0,21.0,,,,,489,21,,,,,488.5,0.0
0,93700,VOLCANIC_ROCK_VOUCHER_10000,490.0,11.0,,,,,491,13,,,,,490.5,0.0
0,93800,VOLCANIC_ROCK_VOUCHER_10000,488.0,5.0,,,,,489,20,,,,,488.5,0.0
0,93900,VOLCANIC_ROCK_VOUCHER_10000,,,,,,,494,3,495.0,14.0,,,494.0,0.0
0,94000,VOLCANIC_ROCK_VOUCHER_10000,494.0,21.0,,,,,495,21,,,,,494.5,0.0
0,94100,VOLCANIC_ROCK_VOUCHER_10000,493.0,10.0,,,,,494,10,,,,,493.5,0.0
0,94200,VOLCANIC_ROCK_VOUCHER_10000,493.0,17.0,,,,,494,17,,,,,493.5,0.0
0,94300,VOLCANIC_ROCK_VOUCHER_10000,493.0,15.0,,,,,494,15,,,,,493.5,0.0
0,94400,VOLCANIC_ROCK_VOUCHER_10000,496.0,19.0,,,,,497,19,,,,,496.5,0.0
0,94500,VOLCANIC_ROCK_VOUCHER_10000,495.0,17.0,,,,,496,17,,,,,495.5,0.0
0,94600,VOLCANIC_ROCK_VOUCHER_10000,489.0,11.0,,,,,491,11,,,,,490.0,0.0
0,94700,VOLCANIC_ROCK_VOUCHER_10000,490.0,16.0,,,,,491,16,,,,,490.5,0.0
0,94800,VOLCANIC_ROCK_VOUCHER_10000,491.0,14.0,,,,,492,14,,,,,491.5,0.0
0,94900,VOLCANIC_ROCK_VOUCHER_10000,497.0,21.0,,,,,498,21,,,,,497.5,0.0
0,95000,VOLCANIC_ROCK_VOUCHER_10000,493.0,16.0,,,,,495,16,,,,,494.0,0.0
0,95100,VOLCANIC_ROCK_VOUCHER_10000,498.0,17.0,,,,,499,17,,,,,498.5,0.0
0,95200,VOLCANIC_ROCK_VOUCHER_10000,498.0,12.0,,,,,499,12,,,,,498.5,0.0
0,95300,VOLCANIC_ROCK_VOUCHER_10000,498.0,21.0,,,,,499,21,,,,,498.5,0.0
0,95400,VOLCANIC_ROCK_VOUCHER_10000,500.0,12.0,,,,,501,12,,,,,500.5,0.0
0,95500,VOLCANIC_ROCK_VOUCHER_10000,499.0,17.0,,,,,500,17,,,,,499.5,0.0
0,95600,VOLCANIC_ROCK_VOUCHER_10000,503.0,11.0,,,,,504,11,,,,,503.5,0.0
0,95700,VOLCANIC_ROCK_VOUCHER_10000,497.0,22.0,,,,,498,22,,,,,497.5,0.0
0,95800,VOLCANIC_ROCK_VOUCHER_10000,494.0,15.0,,,,,495,15,,,,,494.5,0.0
0,95900,VOLCANIC_ROCK_VOUCHER_10000,489.0,19.0,,,,,490,19,,,,,489.5,0.0
0,96000,VOLCANIC_ROCK_VOUCHER_10000,485.0,19.0,,,,,486,19,,,,,485.5,0.0
0,96100,VOLCANIC_ROCK_VOUCHER_10000,479.0,19.0,,,,,481,19,,,,,480.0,0.0
0,96200,VOLCANIC_ROCK_VOUCHER_10000,483.0,12.0,,,,,484,12,,,,,483.5,0.0
0,96300,VOLCANIC_ROCK_VOUCHER_10000,481.0,20.0,,,,,482,20,,,,,481.5,0.0
0,96400,VOLCANIC_ROCK_VOUCHER_10000,478.0,19.0,,,,,479,19,,,,,478.5,0.0
0,96500,VOLCANIC_ROCK_VOUCHER_10000,483.0,19.0,,,,,484,19,,,,,483.5,0.0
0,96600,VOLCANIC_ROCK_VOUCHER_10000,483.0,30.0,,,,,484,14,,,,,483.5,0.0
0,96700,VOLCANIC_ROCK_VOUCHER_10000,482.0,16.0,,,,,483,16,,,,,482.5,0.0
0,96800,VOLCANIC_ROCK_VOUCHER_10000,480.0,16.0,,,,,481,16,,,,,480.5,0.0
0,96900,VOLCANIC_ROCK_VOUCHER_10000,484.0,18.0,,,,,485,18,,,,,484.5,0.0
0,97000,VOLCANIC_ROCK_VOUCHER_10000,483.0,22.0,,,,,484,22,,,,,483.5,0.0
0,97100,VOLCANIC_ROCK_VOUCHER_10000,487.0,19.0,,,,,488,19,,,,,487.5,0.0
0,97200,VOLCANIC_ROCK_VOUCHER_10000,481.0,14.0,,,,,482,14,,,,,481.5,0.0
0,97300,VOLCANIC_ROCK_VOUCHER_10000,479.0,17.0,,,,,480,17,,,,,479.5,0.0
0,97400,VOLCANIC_ROCK_VOUCHER_10000,483.0,22.0,,,,,485,22,,,,,484.0,0.0
0,97500,VOLCANIC_ROCK_VOUCHER_10000,485.0,20.0,,,,,487,20,,,,,486.0,0.0
0,97600,VOLCANIC_ROCK_VOUCHER_10000,482.0,10.0,,,,,483,10,,,,,482.5,0.0
0,97700,VOLCANIC_ROCK_VOUCHER_10000,483.0,17.0,,,,,484,17,,,,,483.5,0.0
0,97800,VOLCANIC_ROCK_VOUCHER_10000,484.0,15.0,,,,,485,15,,,,,484.5,0.0
0,97900,VOLCANIC_ROCK_VOUCHER_10000,479.0,18.0,,,,,480,18,,,,,479.5,0.0
0,98000,VOLCANIC_ROCK_VOUCHER_10000,474.0,25.0,,,,,475,13,,,,,474.5,0.0
0,98100,VOLCANIC_ROCK_VOUCHER_10000,473.0,14.0,,,,,474,14,,,,,473.5,0.0
0,98200,VOLCANIC_ROCK_VOUCHER_10000,467.0,17.0,,,,,468,17,,,,,467.5,0.0
0,98300,VOLCANIC_ROCK_VOUCHER_10000,469.0,33.0,,,,,470,20,,,,,469.5,0.0
0,98400,VOLCANIC_ROCK_VOUCHER_10000,466.0,12.0,,,,,467,12,,,,,466.5,0.0
0,98500,VOLCANIC_ROCK_VOUCHER_10000,468.0,17.0,,,,,469,17,,,,,468.5,0.0
0,98600,VOLCANIC_ROCK_VOUCHER_10000,470.0,18.0,,,,,471,18,,,,,470.5,0.0
0,98700,VOLCANIC_ROCK_VOUCHER_10000,472.0,21.0,,,,,473,21,,,,,472.5,0.0
0,98800,VOLCANIC_ROCK_VOUCHER_10000,467.0,16.0,,,,,468,16,,,,,467.5,0.0
0,98900,VOLCANIC_ROCK_VOUCHER_10000,467.0,18.0,,,,,469,18,,,,,468.0,0.0
0,99000,VOLCANIC_ROCK_VOUCHER_10000,462.0,41.0,,,,,463,21,,,,,462.5,0.0
0,99100,VOLCANIC_ROCK_VOUCHER_10000,465.0,22.0,,,,,466,22,,,,,465.5,0.0
0,99200,VOLCANIC_ROCK_VOUCHER_10000,462.0,16.0,,,,,463,16,,,,,462.5,0.0
0,99300,VOLCANIC_ROCK_VOUCHER_10000,456.0,18.0,,,,,457,18,,,,,456.5,0.0
0,99400,VOLCANIC_ROCK_VOUCHER_10000,458.0,20.0,,,,,459,20,,,,,458.5,0.0
0,99500,VOLCANIC_ROCK_VOUCHER_10000,454.0,16.0,,,,,455,16,,,,,454.5,0.0
0,99600,VOLCANIC_ROCK_VOUCHER_10000,455.0,13.0,,,,,456,13,,,,,455.5,0.0
0,99700,VOLCANIC_ROCK_VOUCHER_10000,454.0,15.0,,,,,455,15,,,,,454.5,0.0
0,99800,VOLCANIC_ROCK_VOUCHER_10000,455.0,16.0,,,,,456,16,,,,,455.5,0.0
0,99900,VOLCANIC_ROCK_VOUCHER_10000,453.0,12.0,,,,,454,12,,,,,453.5,0.0
0,100000,VOLCANIC_ROCK_VOUCHER_10000,452.0,20.0,,,,,453,20,,,,,452.5,0.0
0,100100,VOLCANIC_ROCK_VOUCHER_10000,459.0,10.0,,,,,460,19,,,,,459.5,0.0
0,100200,VOLCANIC_ROCK_VOUCHER_10000,459.0,16.0,,,,,460,16,,,,,459.5,0.0
0,100300,VOLCANIC_ROCK_VOUCHER_10000,456.0,16.0,,,,,457,16,,,,,456.5,0.0
0,100400,VOLCANIC_ROCK_VOUCHER_10000,457.0,11.0,,,,,458,11,,,,,457.5,0.0
0,100500,VOLCANIC_ROCK_VOUCHER_10000,459.0,2.0,458.0,10.0,,,460,12,,,,,459.5,0.0
0,100600,VOLCANIC_ROCK_VOUCHER_10000,456.0,13.0,,,,,457,13,,,,,456.5,0.0
0,100700,VOLCANIC_ROCK_VOUCHER_10000,455.0,13.0,,,,,456,13,,,,,455.5,0.0
0,100800,VOLCANIC_ROCK_VOUCHER_10000,458.0,15.0,,,,,459,15,,,,,458.5,0.0
0,100900,VOLCANIC_ROCK_VOUCHER_10000,456.0,13.0,,,,,457,13,,,,,456.5,0.0
0,101000,VOLCANIC_ROCK_VOUCHER_10000,456.0,3.0,,,,,457,21,,,,,456.5,0.0
0,101100,VOLCANIC_ROCK_VOUCHER_10000,459.0,20.0,,,,,460,20,,,,,459.5,0.0
0,101200,VOLCANIC_ROCK_VOUCHER_10000,458.0,19.0,,,,,459,19,,,,,458.5,0.0
0,101300,VOLCANIC_ROCK_VOUCHER_10000,456.0,14.0,,,,,458,14,,,,,457.0,0.0
0,101400,VOLCANIC_ROCK_VOUCHER_10000,459.0,10.0,,,,,460,10,,,,,459.5,0.0
0,101500,VOLCANIC_ROCK_VOUCHER_10000,467.0,12.0,,,,,468,12,,,,,467.5,0.0
0,101600,VOLCANIC_ROCK_VOUCHER_10000,463.0,21.0,,,,,464,21,,,,,463.5,0.0
0,101700,VOLCANIC_ROCK_VOUCHER_10000,466.0,20.0,,,,,467,20,,,,,466.5,0.0
0,101800,VOLCANIC_ROCK_VOUCHER_10000,460.0,18.0,,,,,461,18,,,,,460.5,0.0
0,101900,VOLCANIC_ROCK_VOUCHER_10000,466.0,17.0,,,,,467,17,,,,,466.5,0.0
0,102000,VOLCANIC_ROCK_VOUCHER_10000,465.0,20.0,,,,,466,20,,,,,465.5,0.0
0,102100,VOLCANIC_ROCK_VOUCHER_10000,468.0,12.0,,,,,469,12,,,,,468.5,0.0
0,102200,VOLCANIC_ROCK_VOUCHER_10000,475.0,2.0,,,,,476,21,,,,,475.5,0.0
0,102300,VOLCANIC_ROCK_VOUCHER_10000,480.0,11.0,,,,,481,11,,,,,480.5,0.0
0,102400,VOLCANIC_ROCK_VOUCHER_10000,482.0,12.0,,,,,484,12,,,,,483.0,0.0
0,102500,VOLCANIC_ROCK_VOUCHER_10000,494.0,16.0,,,,,495,16,,,,,494.5,0.0
0,102600,VOLCANIC_ROCK_VOUCHER_10000,491.0,12.0,,,,,492,12,,,,,491.5,0.0
0,102700,VOLCANIC_ROCK_VOUCHER_10000,488.0,11.0,,,,,489,11,,,,,488.5,0.0
0,102800,VOLCANIC_ROCK_VOUCHER_10000,479.0,20.0,,,,,480,20,,,,,479.5,0.0
0,102900,VOLCANIC_ROCK_VOUCHER_10000,472.0,19.0,,,,,473,19,,,,,472.5,0.0
0,103000,VOLCANIC_ROCK_VOUCHER_10000,470.0,4.0,,,,,471,16,,,,,470.5,0.0
0,103100,VOLCANIC_ROCK_VOUCHER_10000,468.0,15.0,,,,,470,15,,,,,469.0,0.0
0,103200,VOLCANIC_ROCK_VOUCHER_10000,470.0,18.0,,,,,471,18,,,,,470.5,0.0
0,103300,VOLCANIC_ROCK_VOUCHER_10000,470.0,14.0,,,,,471,14,,,,,470.5,0.0
0,103400,VOLCANIC_ROCK_VOUCHER_10000,468.0,19.0,,,,,469,19,,,,,468.5,0.0
0,103500,VOLCANIC_ROCK_VOUCHER_10000,468.0,16.0,,,,,469,16,,,,,468.5,0.0
0,103600,VOLCANIC_ROCK_VOUCHER_10000,467.0,15.0,,,,,468,15,,,,,467.5,0.0
0,103700,VOLCANIC_ROCK_VOUCHER_10000,470.0,13.0,,,,,471,13,,,,,470.5,0.0
0,103800,VOLCANIC_ROCK_VOUCHER_10000,471.0,17.0,,,,,472,17,,,,,471.5,0.0
0,103900,VOLCANIC_ROCK_VOUCHER_10000,467.0,17.0,,,,,468,17,,,,,467.5,0.0
0,104000,VOLCANIC_ROCK_VOUCHER_10000,466.0,32.0,,,,,467,18,,,,,466.5,0.0
0,104100,VOLCANIC_ROCK_VOUCHER_10000,471.0,11.0,,,,,472,11,,,,,471.5,0.0
0,104200,VOLCANIC_ROCK_VOUCHER_10000,471.0,17.0,,,,,473,17,,,,,472.0,0.0
0,104300,VOLCANIC_ROCK_VOUCHER_10000,465.0,19.0,,,,,466,19,,,,,465.5,0.0
0,104400,VOLCANIC_ROCK_VOUCHER_10000,464.0,20.0,,,,,465,20,,,,,464.5,0.0
0,104500,VOLCANIC_ROCK_VOUCHER_10000,458.0,20.0,,,,,459,20,,,,,458.5,0.0
0,104600,VOLCANIC_ROCK_VOUCHER_10000,456.0,20.0,,,,,457,20,,,,,456.5,0.0
0,104700,VOLCANIC_ROCK_VOUCHER_10000,455.0,18.0,,,,,456,18,,,,,455.5,0.0
0,104800,VOLCANIC_ROCK_VOUCHER_10000,454.0,11.0,,,,,455,11,,,,,454.5,0.0
0,104900,VOLCANIC_ROCK_VOUCHER_10000,454.0,16.0,,,,,455,16,,,,,454.5,0.0
0,105000,VOLCANIC_ROCK_VOUCHER_10000,456.0,16.0,,,,,457,16,,,,,456.5,0.0
0,105100,VOLCANIC_ROCK_VOUCHER_10000,459.0,19.0,,,,,461,19,,,,,460.0,0.0
0,105200,VOLCANIC_ROCK_VOUCHER_10000,463.0,19.0,,,,,464,19,,,,,463.5,0.0
0,105300,VOLCANIC_ROCK_VOUCHER_10000,462.0,2.0,,,,,463,20,,,,,462.5,0.0
0,105400,VOLCANIC_ROCK_VOUCHER_10000,465.0,17.0,,,,,466,17,,,,,465.5,0.0
0,105500,VOLCANIC_ROCK_VOUCHER_10000,465.0,11.0,,,,,466,19,,,,,465.5,0.0
0,105600,VOLCANIC_ROCK_VOUCHER_10000,459.0,11.0,,,,,460,11,,,,,459.5,0.0
0,105700,VOLCANIC_ROCK_VOUCHER_10000,459.0,15.0,,,,,460,15,,,,,459.5,0.0
0,105800,VOLCANIC_ROCK_VOUCHER_10000,462.0,20.0,,,,,463,20,,,,,462.5,0.0
0,105900,VOLCANIC_ROCK_VOUCHER_10000,461.0,10.0,,,,,462,10,,,,,461.5,0.0
0,106000,VOLCANIC_ROCK_VOUCHER_10000,463.0,21.0,,,,,464,21,,,,,463.5,0.0
0,106100,VOLCANIC_ROCK_VOUCHER_10000,465.0,13.0,,,,,466,13,,,,,465.5,0.0
0,106200,VOLCANIC_ROCK_VOUCHER_10000,465.0,18.0,,,,,466,18,,,,,465.5,0.0
0,106300,VOLCANIC_ROCK_VOUCHER_10000,461.0,12.0,,,,,462,12,,,,,461.5,0.0
0,106400,VOLCANIC_ROCK_VOUCHER_10000,455.0,33.0,,,,,456,13,,,,,455.5,0.0
0,106500,VOLCANIC_ROCK_VOUCHER_10000,456.0,17.0,,,,,457,17,,,,,456.5,0.0
0,106600,VOLCANIC_ROCK_VOUCHER_10000,458.0,13.0,,,,,459,13,,,,,458.5,0.0
0,106700,VOLCANIC_ROCK_VOUCHER_10000,458.0,12.0,,,,,459,12,,,,,458.5,0.0
0,106800,VOLCANIC_ROCK_VOUCHER_10000,458.0,18.0,,,,,459,18,,,,,458.5,0.0
0,106900,VOLCANIC_ROCK_VOUCHER_10000,,,,,,,459,5,460.0,15.0,,,459.0,0.0
0,107000,VOLCANIC_ROCK_VOUCHER_10000,455.0,15.0,,,,,456,15,,,,,455.5,0.0
0,107100,VOLCANIC_ROCK_VOUCHER_10000,459.0,18.0,,,,,460,18,,,,,459.5,0.0
0,107200,VOLCANIC_ROCK_VOUCHER_10000,458.0,17.0,,,,,459,17,,,,,458.5,0.0
0,107300,VOLCANIC_ROCK_VOUCHER_10000,459.0,11.0,,,,,460,11,,,,,459.5,0.0
0,107400,VOLCANIC_ROCK_VOUCHER_10000,455.0,20.0,,,,,456,15,,,,,455.5,0.0
0,107500,VOLCANIC_ROCK_VOUCHER_10000,457.0,13.0,,,,,458,13,,,,,457.5,0.0
0,107600,VOLCANIC_ROCK_VOUCHER_10000,459.0,16.0,,,,,460,16,,,,,459.5,0.0
0,107700,VOLCANIC_ROCK_VOUCHER_10000,455.0,19.0,,,,,456,19,,,,,455.5,0.0
0,107800,VOLCANIC_ROCK_VOUCHER_10000,463.0,27.0,,,,,464,13,,,,,463.5,0.0
0,107900,VOLCANIC_ROCK_VOUCHER_10000,461.0,15.0,,,,,462,15,,,,,461.5,0.0
0,108000,VOLCANIC_ROCK_VOUCHER_10000,462.0,19.0,,,,,463,19,,,,,462.5,0.0
0,108100,VOLCANIC_ROCK_VOUCHER_10000,458.0,20.0,,,,,459,20,,,,,458.5,0.0
0,108200,VOLCANIC_ROCK_VOUCHER_10000,460.0,12.0,,,,,461,12,,,,,460.5,0.0
0,108300,VOLCANIC_ROCK_VOUCHER_10000,458.0,15.0,,,,,459,15,,,,,458.5,0.0
0,108400,VOLCANIC_ROCK_VOUCHER_10000,,,,,,,456,3,457.0,15.0,,,456.0,0.0
0,108500,VOLCANIC_ROCK_VOUCHER_10000,455.0,34.0,,,,,456,14,,,,,455.5,0.0
0,108600,VOLCANIC_ROCK_VOUCHER_10000,457.0,11.0,,,,,458,11,,,,,457.5,0.0
0,108700,VOLCANIC_ROCK_VOUCHER_10000,,,,,,,455,1,456.0,13.0,,,455.0,0.0
0,108800,VOLCANIC_ROCK_VOUCHER_10000,455.0,17.0,,,,,456,17,,,,,455.5,0.0
0,108900,VOLCANIC_ROCK_VOUCHER_10000,460.0,18.0,,,,,461,18,,,,,460.5,0.0
0,109000,VOLCANIC_ROCK_VOUCHER_10000,456.0,11.0,,,,,458,11,,,,,457.0,0.0
0,109100,VOLCANIC_ROCK_VOUCHER_10000,,,,,,,458,7,459.0,13.0,,,458.0,0.0
0,109200,VOLCANIC_ROCK_VOUCHER_10000,463.0,11.0,,,,,464,11,,,,,463.5,0.0
0,109300,VOLCANIC_ROCK_VOUCHER_10000,,,,,,,461,5,462.0,13.0,,,461.0,0.0
0,109400,VOLCANIC_ROCK_VOUCHER_10000,464.0,19.0,,,,,465,19,,,,,464.5,0.0
0,109500,VOLCANIC_ROCK_VOUCHER_10000,468.0,16.0,,,,,469,16,,,,,468.5,0.0
0,109600,VOLCANIC_ROCK_VOUCHER_10000,467.0,15.0,,,,,468,15,,,,,467.5,0.0
0,109700,VOLCANIC_ROCK_VOUCHER_10000,461.0,12.0,,,,,462,12,,,,,461.5,0.0
0,109800,VOLCANIC_ROCK_VOUCHER_10000,460.0,15.0,,,,,462,15,,,,,461.0,0.0
0,109900,VOLCANIC_ROCK_VOUCHER_10000,456.0,16.0,,,,,457,16,,,,,456.5,0.0
0,110000,VOLCANIC_ROCK_VOUCHER_10000,457.0,17.0,,,,,458,17,,,,,457.5,0.0
0,110100,VOLCANIC_ROCK_VOUCHER_10000,458.0,19.0,,,,,459,19,,,,,458.5,0.0
0,110200,VOLCANIC_ROCK_VOUCHER_10000,459.0,18.0,,,,,460,18,,,,,459.5,0.0
0,110300,VOLCANIC_ROCK_VOUCHER_10000,464.0,16.0,,,,,465,16,,,,,464.5,0.0
0,110400,VOLCANIC_ROCK_VOUCHER_10000,462.0,14.0,,,,,463,14,,,,,462.5,0.0
0,110500,VOLCANIC_ROCK_VOUCHER_10000,463.0,14.0,,,,,464,14,,,,,463.5,0.0
0,110600,VOLCANIC_ROCK_VOUCHER_10000,461.0,17.0,,,,,462,17,,,,,461.5,0.0
0,110700,VOLCANIC_ROCK_VOUCHER_10000,461.0,16.0,,,,,462,16,,,,,461.5,0.0
0,110800,VOLCANIC_ROCK_VOUCHER_10000,456.0,32.0,,,,,457,21,,,,,456.5,0.0
0,110900,VOLCANIC_ROCK_VOUCHER_10000,461.0,4.0,,,,,462,15,,,,,461.5,0.0
0,111000,VOLCANIC_ROCK_VOUCHER_10000,461.0,18.0,,,,,462,18,,,,,461.5,0.0
0,111100,VOLCANIC_ROCK_VOUCHER_10000,458.0,11.0,,,,,459,11,,,,,458.5,0.0
0,111200,VOLCANIC_ROCK_VOUCHER_10000,457.0,16.0,,,,,458,16,,,,,457.5,0.0
0,111300,VOLCANIC_ROCK_VOUCHER_10000,460.0,13.0,,,,,461,13,,,,,460.5,0.0
0,111400,VOLCANIC_ROCK_VOUCHER_10000,465.0,11.0,,,,,466,11,,,,,465.5,0.0
0,111500,VOLCANIC_ROCK_VOUCHER_10000,474.0,12.0,,,,,475,12,,,,,474.5,0.0
0,111600,VOLCANIC_ROCK_VOUCHER_10000,472.0,21.0,,,,,473,21,,,,,472.5,0.0
0,111700,VOLCANIC_ROCK_VOUCHER_10000,471.0,4.0,,,,,472,18,,,,,471.5,0.0
0,111800,VOLCANIC_ROCK_VOUCHER_10000,469.0,14.0,,,,,470,14,,,,,469.5,0.0
0,111900,VOLCANIC_ROCK_VOUCHER_10000,470.0,19.0,,,,,471,19,,,,,470.5,0.0
0,112000,VOLCANIC_ROCK_VOUCHER_10000,466.0,21.0,,,,,467,21,,,,,466.5,0.0
0,112100,VOLCANIC_ROCK_VOUCHER_10000,466.0,18.0,,,,,467,18,,,,,466.5,0.0
0,112200,VOLCANIC_ROCK_VOUCHER_10000,466.0,11.0,,,,,467,11,,,,,466.5,0.0
0,112300,VOLCANIC_ROCK_VOUCHER_10000,470.0,40.0,,,,,471,22,,,,,470.5,0.0
0,112400,VOLCANIC_ROCK_VOUCHER_10000,470.0,10.0,,,,,471,10,,,,,470.5,0.0
0,112500,VOLCANIC_ROCK_VOUCHER_10000,470.0,17.0,,,,,471,17,,,,,470.5,0.0
0,112600,VOLCANIC_ROCK_VOUCHER_10000,472.0,19.0,,,,,473,19,,,,,472.5,0.0
0,112700,VOLCANIC_ROCK_VOUCHER_10000,470.0,11.0,,,,,471,11,,,,,470.5,0.0
0,112800,VOLCANIC_ROCK_VOUCHER_10000,468.0,20.0,,,,,469,20,,,,,468.5,0.0
0,112900,VOLCANIC_ROCK_VOUCHER_10000,469.0,15.0,,,,,470,15,,,,,469.5,0.0
0,113000,VOLCANIC_ROCK_VOUCHER_10000,469.0,21.0,,,,,470,21,,,,,469.5,0.0
0,113100,VOLCANIC_ROCK_VOUCHER_10000,471.0,20.0,,,,,472,20,,,,,471.5,0.0
0,113200,VOLCANIC_ROCK_VOUCHER_10000,473.0,21.0,,,,,474,21,,,,,473.5,0.0
0,113300,VOLCANIC_ROCK_VOUCHER_10000,474.0,20.0,,,,,475,20,,,,,474.5,0.0
0,113400,VOLCANIC_ROCK_VOUCHER_10000,475.0,15.0,,,,,477,15,,,,,476.0,0.0
0,113500,VOLCANIC_ROCK_VOUCHER_10000,473.0,13.0,,,,,474,13,,,,,473.5,0.0
0,113600,VOLCANIC_ROCK_VOUCHER_10000,476.0,17.0,,,,,477,17,,,,,476.5,0.0
0,113700,VOLCANIC_ROCK_VOUCHER_10000,475.0,20.0,,,,,476,20,,,,,475.5,0.0
0,113800,VOLCANIC_ROCK_VOUCHER_10000,477.0,20.0,,,,,478,20,,,,,477.5,0.0
0,113900,VOLCANIC_ROCK_VOUCHER_10000,476.0,11.0,,,,,477,11,,,,,476.5,0.0
0,114000,VOLCANIC_ROCK_VOUCHER_10000,477.0,19.0,,,,,478,19,,,,,477.5,0.0
0,114100,VOLCANIC_ROCK_VOUCHER_10000,483.0,21.0,,,,,484,21,,,,,483.5,0.0
0,114200,VOLCANIC_ROCK_VOUCHER_10000,485.0,13.0,,,,,486,13,,,,,485.5,0.0
0,114300,VOLCANIC_ROCK_VOUCHER_10000,483.0,12.0,,,,,484,12,,,,,483.5,0.0
0,114400,VOLCANIC_ROCK_VOUCHER_10000,482.0,14.0,,,,,483,14,,,,,482.5,0.0
0,114500,VOLCANIC_ROCK_VOUCHER_10000,482.0,17.0,,,,,483,17,,,,,482.5,0.0
0,114600,VOLCANIC_ROCK_VOUCHER_10000,481.0,18.0,,,,,482,18,,,,,481.5,0.0
0,114700,VOLCANIC_ROCK_VOUCHER_10000,480.0,19.0,,,,,481,19,,,,,480.5,0.0
0,114800,VOLCANIC_ROCK_VOUCHER_10000,481.0,14.0,,,,,482,14,,,,,481.5,0.0
0,114900,VOLCANIC_ROCK_VOUCHER_10000,485.0,12.0,,,,,486,12,,,,,485.5,0.0
0,115000,VOLCANIC_ROCK_VOUCHER_10000,481.0,15.0,,,,,482,15,,,,,481.5,0.0
0,115100,VOLCANIC_ROCK_VOUCHER_10000,482.0,15.0,,,,,483,15,,,,,482.5,0.0
0,115200,VOLCANIC_ROCK_VOUCHER_10000,482.0,20.0,,,,,483,20,,,,,482.5,0.0
0,115300,VOLCANIC_ROCK_VOUCHER_10000,478.0,14.0,,,,,480,14,,,,,479.0,0.0
0,115400,VOLCANIC_ROCK_VOUCHER_10000,482.0,16.0,,,,,483,16,,,,,482.5,0.0
0,115500,VOLCANIC_ROCK_VOUCHER_10000,482.0,17.0,,,,,483,17,,,,,482.5,0.0
0,115600,VOLCANIC_ROCK_VOUCHER_10000,486.0,18.0,,,,,487,18,,,,,486.5,0.0
0,115700,VOLCANIC_ROCK_VOUCHER_10000,485.0,19.0,,,,,486,19,,,,,485.5,0.0
0,115800,VOLCANIC_ROCK_VOUCHER_10000,486.0,13.0,,,,,487,13,,,,,486.5,0.0
0,115900,VOLCANIC_ROCK_VOUCHER_10000,489.0,11.0,,,,,490,11,,,,,489.5,0.0
0,116000,VOLCANIC_ROCK_VOUCHER_10000,486.0,20.0,,,,,487,20,,,,,486.5,0.0
0,116100,VOLCANIC_ROCK_VOUCHER_10000,487.0,13.0,,,,,488,13,,,,,487.5,0.0
0,116200,VOLCANIC_ROCK_VOUCHER_10000,485.0,13.0,,,,,486,13,,,,,485.5,0.0
0,116300,VOLCANIC_ROCK_VOUCHER_10000,485.0,14.0,,,,,486,14,,,,,485.5,0.0
0,116400,VOLCANIC_ROCK_VOUCHER_10000,484.0,21.0,,,,,485,21,,,,,484.5,0.0
0,116500,VOLCANIC_ROCK_VOUCHER_10000,483.0,12.0,,,,,484,12,,,,,483.5,0.0
0,116600,VOLCANIC_ROCK_VOUCHER_10000,478.0,34.0,,,,,479,16,,,,,478.5,0.0
0,116700,VOLCANIC_ROCK_VOUCHER_10000,481.0,21.0,,,,,482,21,,,,,481.5,0.0
0,116800,VOLCANIC_ROCK_VOUCHER_10000,480.0,18.0,,,,,481,18,,,,,480.5,0.0
0,116900,VOLCANIC_ROCK_VOUCHER_10000,483.0,17.0,,,,,484,17,,,,,483.5,0.0
0,117000,VOLCANIC_ROCK_VOUCHER_10000,480.0,20.0,,,,,481,20,,,,,480.5,0.0
0,117100,VOLCANIC_ROCK_VOUCHER_10000,482.0,14.0,,,,,483,14,,,,,482.5,0.0
0,117200,VOLCANIC_ROCK_VOUCHER_10000,480.0,13.0,,,,,481,13,,,,,480.5,0.0
0,117300,VOLCANIC_ROCK_VOUCHER_10000,477.0,3.0,,,,,478,13,,,,,477.5,0.0
0,117400,VOLCANIC_ROCK_VOUCHER_10000,472.0,21.0,,,,,473,21,,,,,472.5,0.0
0,117500,VOLCANIC_ROCK_VOUCHER_10000,475.0,20.0,,,,,476,20,,,,,475.5,0.0
0,117600,VOLCANIC_ROCK_VOUCHER_10000,474.0,20.0,,,,,475,20,,,,,474.5,0.0
0,117700,VOLCANIC_ROCK_VOUCHER_10000,465.0,16.0,,,,,466,16,,,,,465.5,0.0
0,117800,VOLCANIC_ROCK_VOUCHER_10000,466.0,12.0,,,,,467,12,,,,,466.5,0.0
0,117900,VOLCANIC_ROCK_VOUCHER_10000,466.0,15.0,,,,,467,15,,,,,466.5,0.0
0,118000,VOLCANIC_ROCK_VOUCHER_10000,469.0,11.0,,,,,470,11,,,,,469.5,0.0
0,118100,VOLCANIC_ROCK_VOUCHER_10000,463.0,11.0,,,,,464,11,,,,,463.5,0.0
0,118200,VOLCANIC_ROCK_VOUCHER_10000,465.0,15.0,,,,,466,15,,,,,465.5,0.0
0,118300,VOLCANIC_ROCK_VOUCHER_10000,468.0,11.0,,,,,469,11,,,,,468.5,0.0
0,118400,VOLCANIC_ROCK_VOUCHER_10000,472.0,21.0,,,,,473,21,,,,,472.5,0.0
0,118500,VOLCANIC_ROCK_VOUCHER_10000,469.0,22.0,,,,,470,12,,,,,469.5,0.0
0,118600,VOLCANIC_ROCK_VOUCHER_10000,472.0,4.0,,,,,473,15,,,,,472.5,0.0
0,118700,VOLCANIC_ROCK_VOUCHER_10000,468.0,15.0,,,,,469,15,,,,,468.5,0.0
0,118800,VOLCANIC_ROCK_VOUCHER_10000,477.0,14.0,,,,,478,14,,,,,477.5,0.0
0,118900,VOLCANIC_ROCK_VOUCHER_10000,475.0,11.0,,,,,476,11,,,,,475.5,0.0
0,119000,VOLCANIC_ROCK_VOUCHER_10000,474.0,14.0,,,,,475,14,,,,,474.5,0.0
0,119100,VOLCANIC_ROCK_VOUCHER_10000,476.0,15.0,,,,,477,15,,,,,476.5,0.0
0,119200,VOLCANIC_ROCK_VOUCHER_10000,480.0,21.0,,,,,481,21,,,,,480.5,0.0
0,119300,VOLCANIC_ROCK_VOUCHER_10000,486.0,20.0,,,,,487,20,,,,,486.5,0.0
0,119400,VOLCANIC_ROCK_VOUCHER_10000,484.0,20.0,,,,,485,20,,,,,484.5,0.0
0,119500,VOLCANIC_ROCK_VOUCHER_10000,483.0,15.0,482.0,20.0,,,484,20,,,,,483.5,0.0
0,119600,VOLCANIC_ROCK_VOUCHER_10000,479.0,17.0,,,,,480,17,,,,,479.5,0.0
0,119700,VOLCANIC_ROCK_VOUCHER_10000,478.0,13.0,,,,,479,13,,,,,478.5,0.0
0,119800,VOLCANIC_ROCK_VOUCHER_10000,476.0,17.0,,,,,477,17,,,,,476.5,0.0
0,119900,VOLCANIC_ROCK_VOUCHER_10000,475.0,22.0,,,,,476,22,,,,,475.5,0.0
0,120000,VOLCANIC_ROCK_VOUCHER_10000,475.0,15.0,,,,,476,15,,,,,475.5,0.0
0,120100,VOLCANIC_ROCK_VOUCHER_10000,469.0,22.0,,,,,470,22,,,,,469.5,0.0
0,120200,VOLCANIC_ROCK_VOUCHER_10000,469.0,18.0,,,,,470,18,,,,,469.5,0.0
0,120300,VOLCANIC_ROCK_VOUCHER_10000,467.0,18.0,,,,,468,18,,,,,467.5,0.0
0,120400,VOLCANIC_ROCK_VOUCHER_10000,471.0,15.0,,,,,472,15,,,,,471.5,0.0
0,120500,VOLCANIC_ROCK_VOUCHER_10000,470.0,17.0,,,,,471,17,,,,,470.5,0.0
0,120600,VOLCANIC_ROCK_VOUCHER_10000,470.0,21.0,,,,,471,21,,,,,470.5,0.0
0,120700,VOLCANIC_ROCK_VOUCHER_10000,466.0,13.0,,,,,467,13,,,,,466.5,0.0
0,120800,VOLCANIC_ROCK_VOUCHER_10000,463.0,13.0,,,,,464,13,,,,,463.5,0.0
0,120900,VOLCANIC_ROCK_VOUCHER_10000,462.0,14.0,,,,,463,14,,,,,462.5,0.0
0,121000,VOLCANIC_ROCK_VOUCHER_10000,463.0,21.0,,,,,464,21,,,,,463.5,0.0
0,121100,VOLCANIC_ROCK_VOUCHER_10000,,,,,,,465,1,466.0,13.0,,,465.0,0.0
0,121200,VOLCANIC_ROCK_VOUCHER_10000,466.0,15.0,,,,,467,15,,,,,466.5,0.0
0,121300,VOLCANIC_ROCK_VOUCHER_10000,465.0,12.0,,,,,466,12,,,,,465.5,0.0
0,121400,VOLCANIC_ROCK_VOUCHER_10000,466.0,16.0,,,,,467,16,,,,,466.5,0.0
0,121500,VOLCANIC_ROCK_VOUCHER_10000,466.0,18.0,,,,,467,18,,,,,466.5,0.0
0,121600,VOLCANIC_ROCK_VOUCHER_10000,464.0,7.0,,,,,465,20,,,,,464.5,0.0
0,121700,VOLCANIC_ROCK_VOUCHER_10000,462.0,1.0,,,,,463,21,,,,,462.5,0.0
0,121800,VOLCANIC_ROCK_VOUCHER_10000,465.0,13.0,,,,,466,13,,,,,465.5,0.0
0,121900,VOLCANIC_ROCK_VOUCHER_10000,468.0,12.0,,,,,469,12,,,,,468.5,0.0
0,122000,VOLCANIC_ROCK_VOUCHER_10000,466.0,17.0,,,,,467,17,,,,,466.5,0.0
0,122100,VOLCANIC_ROCK_VOUCHER_10000,466.0,37.0,,,,,467,19,,,,,466.5,0.0
0,122200,VOLCANIC_ROCK_VOUCHER_10000,471.0,20.0,,,,,472,20,,,,,471.5,0.0
0,122300,VOLCANIC_ROCK_VOUCHER_10000,472.0,17.0,,,,,473,17,,,,,472.5,0.0
0,122400,VOLCANIC_ROCK_VOUCHER_10000,475.0,11.0,,,,,476,11,,,,,475.5,0.0
0,122500,VOLCANIC_ROCK_VOUCHER_10000,477.0,12.0,,,,,478,12,,,,,477.5,0.0
0,122600,VOLCANIC_ROCK_VOUCHER_10000,477.0,13.0,,,,,478,13,,,,,477.5,0.0
0,122700,VOLCANIC_ROCK_VOUCHER_10000,483.0,11.0,,,,,484,11,,,,,483.5,0.0
0,122800,VOLCANIC_ROCK_VOUCHER_10000,479.0,12.0,,,,,480,12,,,,,479.5,0.0
0,122900,VOLCANIC_ROCK_VOUCHER_10000,479.0,19.0,,,,,481,19,,,,,480.0,0.0
0,123000,VOLCANIC_ROCK_VOUCHER_10000,473.0,10.0,,,,,474,10,,,,,473.5,0.0
0,123100,VOLCANIC_ROCK_VOUCHER_10000,471.0,18.0,,,,,472,18,,,,,471.5,0.0
0,123200,VOLCANIC_ROCK_VOUCHER_10000,471.0,16.0,,,,,472,16,,,,,471.5,0.0
0,123300,VOLCANIC_ROCK_VOUCHER_10000,,,,,,,471,6,472.0,14.0,,,471.0,0.0
0,123400,VOLCANIC_ROCK_VOUCHER_10000,475.0,15.0,,,,,476,15,,,,,475.5,0.0
0,123500,VOLCANIC_ROCK_VOUCHER_10000,475.0,21.0,,,,,476,21,,,,,475.5,0.0
0,123600,VOLCANIC_ROCK_VOUCHER_10000,480.0,17.0,,,,,482,17,,,,,481.0,0.0
0,123700,VOLCANIC_ROCK_VOUCHER_10000,480.0,12.0,,,,,481,12,,,,,480.5,0.0
0,123800,VOLCANIC_ROCK_VOUCHER_10000,485.0,19.0,,,,,486,19,,,,,485.5,0.0
0,123900,VOLCANIC_ROCK_VOUCHER_10000,484.0,20.0,,,,,485,20,,,,,484.5,0.0
0,124000,VOLCANIC_ROCK_VOUCHER_10000,481.0,10.0,,,,,482,10,,,,,481.5,0.0
0,124100,VOLCANIC_ROCK_VOUCHER_10000,,,,,,,479,18,480.0,10.0,,,479.0,0.0
0,124200,VOLCANIC_ROCK_VOUCHER_10000,484.0,19.0,,,,,485,19,,,,,484.5,0.0
0,124300,VOLCANIC_ROCK_VOUCHER_10000,483.0,13.0,,,,,485,13,,,,,484.0,0.0
0,124400,VOLCANIC_ROCK_VOUCHER_10000,484.0,16.0,,,,,485,16,,,,,484.5,0.0
0,124500,VOLCANIC_ROCK_VOUCHER_10000,484.0,31.0,,,,,485,14,,,,,484.5,0.0
0,124600,VOLCANIC_ROCK_VOUCHER_10000,483.0,15.0,,,,,484,15,,,,,483.5,0.0
0,124700,VOLCANIC_ROCK_VOUCHER_10000,482.0,13.0,,,,,483,13,,,,,482.5,0.0
0,124800,VOLCANIC_ROCK_VOUCHER_10000,483.0,18.0,,,,,484,18,,,,,483.5,0.0
0,124900,VOLCANIC_ROCK_VOUCHER_10000,483.0,24.0,,,,,484,14,,,,,483.5,0.0
0,125000,VOLCANIC_ROCK_VOUCHER_10000,484.0,13.0,,,,,486,13,,,,,485.0,0.0
0,125100,VOLCANIC_ROCK_VOUCHER_10000,485.0,20.0,,,,,486,20,,,,,485.5,0.0
0,125200,VOLCANIC_ROCK_VOUCHER_10000,485.0,15.0,,,,,486,15,,,,,485.5,0.0
0,125300,VOLCANIC_ROCK_VOUCHER_10000,485.0,17.0,,,,,486,17,,,,,485.5,0.0
0,125400,VOLCANIC_ROCK_VOUCHER_10000,486.0,34.0,,,,,487,21,,,,,486.5,0.0
0,125500,VOLCANIC_ROCK_VOUCHER_10000,485.0,10.0,,,,,486,10,,,,,485.5,0.0
0,125600,VOLCANIC_ROCK_VOUCHER_10000,482.0,26.0,,,,,483,11,,,,,482.5,0.0
0,125700,VOLCANIC_ROCK_VOUCHER_10000,478.0,16.0,,,,,479,16,,,,,478.5,0.0
0,125800,VOLCANIC_ROCK_VOUCHER_10000,477.0,16.0,,,,,478,1,479.0,15.0,,,477.5,0.0
0,125900,VOLCANIC_ROCK_VOUCHER_10000,,,,,,,478,8,479.0,12.0,,,478.0,0.0
0,126000,VOLCANIC_ROCK_VOUCHER_10000,481.0,14.0,,,,,482,15,,,,,481.5,0.0
0,126100,VOLCANIC_ROCK_VOUCHER_10000,,,,,,,481,2,482.0,18.0,,,481.0,0.0
0,126200,VOLCANIC_ROCK_VOUCHER_10000,482.0,18.0,,,,,483,18,,,,,482.5,0.0
0,126300,VOLCANIC_ROCK_VOUCHER_10000,479.0,14.0,,,,,480,14,,,,,479.5,0.0
0,126400,VOLCANIC_ROCK_VOUCHER_10000,482.0,18.0,,,,,483,18,,,,,482.5,0.0
0,126500,VOLCANIC_ROCK_VOUCHER_10000,487.0,12.0,,,,,488,12,,,,,487.5,0.0
0,126600,VOLCANIC_ROCK_VOUCHER_10000,487.0,12.0,,,,,488,12,,,,,487.5,0.0
0,126700,VOLCANIC_ROCK_VOUCHER_10000,487.0,12.0,,,,,488,12,,,,,487.5,0.0
0,126800,VOLCANIC_ROCK_VOUCHER_10000,483.0,11.0,,,,,484,11,,,,,483.5,0.0
0,126900,VOLCANIC_ROCK_VOUCHER_10000,479.0,20.0,,,,,480,20,,,,,479.5,0.0
0,127000,VOLCANIC_ROCK_VOUCHER_10000,477.0,14.0,,,,,478,14,,,,,477.5,0.0
0,127100,VOLCANIC_ROCK_VOUCHER_10000,480.0,15.0,,,,,481,15,,,,,480.5,0.0
0,127200,VOLCANIC_ROCK_VOUCHER_10000,481.0,18.0,,,,,482,18,,,,,481.5,0.0
0,127300,VOLCANIC_ROCK_VOUCHER_10000,483.0,20.0,,,,,484,20,,,,,483.5,0.0
0,127400,VOLCANIC_ROCK_VOUCHER_10000,487.0,13.0,,,,,488,13,,,,,487.5,0.0
0,127500,VOLCANIC_ROCK_VOUCHER_10000,483.0,22.0,,,,,484,22,,,,,483.5,0.0
0,127600,VOLCANIC_ROCK_VOUCHER_10000,477.0,21.0,,,,,478,21,,,,,477.5,0.0
0,127700,VOLCANIC_ROCK_VOUCHER_10000,474.0,22.0,,,,,475,22,,,,,474.5,0.0
0,127800,VOLCANIC_ROCK_VOUCHER_10000,476.0,2.0,475.0,20.0,,,477,22,,,,,476.5,0.0
0,127900,VOLCANIC_ROCK_VOUCHER_10000,474.0,10.0,,,,,475,10,,,,,474.5,0.0
0,128000,VOLCANIC_ROCK_VOUCHER_10000,474.0,10.0,,,,,475,10,,,,,474.5,0.0
0,128100,VOLCANIC_ROCK_VOUCHER_10000,471.0,15.0,,,,,472,15,,,,,471.5,0.0
0,128200,VOLCANIC_ROCK_VOUCHER_10000,474.0,21.0,,,,,475,21,,,,,474.5,0.0
0,128300,VOLCANIC_ROCK_VOUCHER_10000,475.0,32.0,,,,,476,21,,,,,475.5,0.0
0,128400,VOLCANIC_ROCK_VOUCHER_10000,474.0,13.0,,,,,475,13,,,,,474.5,0.0
0,128500,VOLCANIC_ROCK_VOUCHER_10000,477.0,21.0,,,,,478,21,,,,,477.5,0.0
0,128600,VOLCANIC_ROCK_VOUCHER_10000,482.0,15.0,,,,,483,15,,,,,482.5,0.0
0,128700,VOLCANIC_ROCK_VOUCHER_10000,484.0,21.0,,,,,485,21,,,,,484.5,0.0
0,128800,VOLCANIC_ROCK_VOUCHER_10000,480.0,15.0,,,,,481,15,,,,,480.5,0.0
0,128900,VOLCANIC_ROCK_VOUCHER_10000,481.0,11.0,,,,,482,11,,,,,481.5,0.0
0,129000,VOLCANIC_ROCK_VOUCHER_10000,485.0,14.0,,,,,486,14,,,,,485.5,0.0
0,129100,VOLCANIC_ROCK_VOUCHER_10000,486.0,16.0,,,,,487,16,,,,,486.5,0.0
0,129200,VOLCANIC_ROCK_VOUCHER_10000,485.0,20.0,,,,,486,20,,,,,485.5,0.0
0,129300,VOLCANIC_ROCK_VOUCHER_10000,487.0,14.0,,,,,488,14,,,,,487.5,0.0
0,129400,VOLCANIC_ROCK_VOUCHER_10000,479.0,18.0,,,,,480,11,,,,,479.5,0.0
0,129500,VOLCANIC_ROCK_VOUCHER_10000,479.0,16.0,,,,,480,16,,,,,479.5,0.0
0,129600,VOLCANIC_ROCK_VOUCHER_10000,479.0,18.0,,,,,480,18,,,,,479.5,0.0
0,129700,VOLCANIC_ROCK_VOUCHER_10000,480.0,22.0,,,,,481,22,,,,,480.5,0.0
0,129800,VOLCANIC_ROCK_VOUCHER_10000,477.0,14.0,,,,,478,14,,,,,477.5,0.0
0,129900,VOLCANIC_ROCK_VOUCHER_10000,477.0,15.0,,,,,478,15,,,,,477.5,0.0
0,130000,VOLCANIC_ROCK_VOUCHER_10000,475.0,15.0,,,,,477,15,,,,,476.0,0.0
0,130100,VOLCANIC_ROCK_VOUCHER_10000,474.0,17.0,,,,,475,17,,,,,474.5,0.0
0,130200,VOLCANIC_ROCK_VOUCHER_10000,467.0,19.0,,,,,468,19,,,,,467.5,0.0
0,130300,VOLCANIC_ROCK_VOUCHER_10000,461.0,14.0,,,,,462,14,,,,,461.5,0.0
0,130400,VOLCANIC_ROCK_VOUCHER_10000,464.0,18.0,,,,,465,18,,,,,464.5,0.0
0,130500,VOLCANIC_ROCK_VOUCHER_10000,466.0,17.0,,,,,467,17,,,,,466.5,0.0
0,130600,VOLCANIC_ROCK_VOUCHER_10000,467.0,16.0,,,,,468,16,,,,,467.5,0.0
0,130700,VOLCANIC_ROCK_VOUCHER_10000,463.0,19.0,,,,,464,19,,,,,463.5,0.0
0,130800,VOLCANIC_ROCK_VOUCHER_10000,467.0,19.0,,,,,468,19,,,,,467.5,0.0
0,130900,VOLCANIC_ROCK_VOUCHER_10000,467.0,12.0,,,,,469,12,,,,,468.0,0.0
0,131000,VOLCANIC_ROCK_VOUCHER_10000,469.0,16.0,,,,,470,16,,,,,469.5,0.0
0,131100,VOLCANIC_ROCK_VOUCHER_10000,470.0,14.0,,,,,471,14,,,,,470.5,0.0
0,131200,VOLCANIC_ROCK_VOUCHER_10000,471.0,15.0,,,,,472,15,,,,,471.5,0.0
0,131300,VOLCANIC_ROCK_VOUCHER_10000,,,,,,,470,7,471.0,10.0,,,470.0,0.0
0,131400,VOLCANIC_ROCK_VOUCHER_10000,473.0,20.0,,,,,474,20,,,,,473.5,0.0
0,131500,VOLCANIC_ROCK_VOUCHER_10000,469.0,18.0,,,,,470,18,,,,,469.5,0.0
0,131600,VOLCANIC_ROCK_VOUCHER_10000,474.0,11.0,,,,,475,11,,,,,474.5,0.0
0,131700,VOLCANIC_ROCK_VOUCHER_10000,478.0,12.0,,,,,479,12,,,,,478.5,0.0
0,131800,VOLCANIC_ROCK_VOUCHER_10000,478.0,14.0,,,,,479,14,,,,,478.5,0.0
0,131900,VOLCANIC_ROCK_VOUCHER_10000,479.0,1.0,478.0,20.0,,,480,21,,,,,479.5,0.0
0,132000,VOLCANIC_ROCK_VOUCHER_10000,479.0,13.0,,,,,481,13,,,,,480.0,0.0
0,132100,VOLCANIC_ROCK_VOUCHER_10000,483.0,18.0,,,,,484,18,,,,,483.5,0.0
0,132200,VOLCANIC_ROCK_VOUCHER_10000,483.0,17.0,,,,,484,17,,,,,483.5,0.0
0,132300,VOLCANIC_ROCK_VOUCHER_10000,480.0,17.0,,,,,481,17,,,,,480.5,0.0
0,132400,VOLCANIC_ROCK_VOUCHER_10000,477.0,20.0,,,,,478,20,,,,,477.5,0.0
0,132500,VOLCANIC_ROCK_VOUCHER_10000,478.0,14.0,,,,,479,14,,,,,478.5,0.0
0,132600,VOLCANIC_ROCK_VOUCHER_10000,475.0,14.0,,,,,476,14,,,,,475.5,0.0
0,132700,VOLCANIC_ROCK_VOUCHER_10000,475.0,21.0,,,,,476,21,,,,,475.5,0.0
0,132800,VOLCANIC_ROCK_VOUCHER_10000,474.0,18.0,,,,,475,18,,,,,474.5,0.0
0,132900,VOLCANIC_ROCK_VOUCHER_10000,476.0,14.0,,,,,477,14,,,,,476.5,0.0
0,133000,VOLCANIC_ROCK_VOUCHER_10000,482.0,13.0,,,,,483,13,,,,,482.5,0.0
0,133100,VOLCANIC_ROCK_VOUCHER_10000,479.0,8.0,,,,,480,20,,,,,479.5,0.0
0,133200,VOLCANIC_ROCK_VOUCHER_10000,476.0,15.0,,,,,477,15,,,,,476.5,0.0
0,133300,VOLCANIC_ROCK_VOUCHER_10000,475.0,14.0,,,,,476,14,,,,,475.5,0.0
0,133400,VOLCANIC_ROCK_VOUCHER_10000,479.0,15.0,,,,,480,15,,,,,479.5,0.0
0,133500,VOLCANIC_ROCK_VOUCHER_10000,478.0,12.0,,,,,479,12,,,,,478.5,0.0
0,133600,VOLCANIC_ROCK_VOUCHER_10000,480.0,15.0,,,,,481,15,,,,,480.5,0.0
0,133700,VOLCANIC_ROCK_VOUCHER_10000,475.0,12.0,,,,,476,12,,,,,475.5,0.0
0,133800,VOLCANIC_ROCK_VOUCHER_10000,479.0,12.0,,,,,481,12,,,,,480.0,0.0
0,133900,VOLCANIC_ROCK_VOUCHER_10000,481.0,31.0,,,,,482,17,,,,,481.5,0.0
0,134000,VOLCANIC_ROCK_VOUCHER_10000,482.0,21.0,,,,,483,21,,,,,482.5,0.0
0,134100,VOLCANIC_ROCK_VOUCHER_10000,483.0,13.0,,,,,484,13,,,,,483.5,0.0
0,134200,VOLCANIC_ROCK_VOUCHER_10000,485.0,17.0,,,,,486,17,,,,,485.5,0.0
0,134300,VOLCANIC_ROCK_VOUCHER_10000,482.0,15.0,,,,,483,15,,,,,482.5,0.0
0,134400,VOLCANIC_ROCK_VOUCHER_10000,481.0,16.0,,,,,482,16,,,,,481.5,0.0
0,134500,VOLCANIC_ROCK_VOUCHER_10000,479.0,11.0,,,,,480,11,,,,,479.5,0.0
0,134600,VOLCANIC_ROCK_VOUCHER_10000,478.0,13.0,,,,,479,13,,,,,478.5,0.0
0,134700,VOLCANIC_ROCK_VOUCHER_10000,479.0,11.0,,,,,480,11,,,,,479.5,0.0
0,134800,VOLCANIC_ROCK_VOUCHER_10000,477.0,22.0,,,,,478,22,,,,,477.5,0.0
0,134900,VOLCANIC_ROCK_VOUCHER_10000,474.0,21.0,,,,,475,21,,,,,474.5,0.0
0,135000,VOLCANIC_ROCK_VOUCHER_10000,474.0,12.0,,,,,475,12,,,,,474.5,0.0
0,135100,VOLCANIC_ROCK_VOUCHER_10000,474.0,16.0,,,,,475,16,,,,,474.5,0.0
0,135200,VOLCANIC_ROCK_VOUCHER_10000,477.0,18.0,,,,,478,18,,,,,477.5,0.0
0,135300,VOLCANIC_ROCK_VOUCHER_10000,477.0,19.0,,,,,478,19,,,,,477.5,0.0
0,135400,VOLCANIC_ROCK_VOUCHER_10000,477.0,12.0,,,,,478,12,,,,,477.5,0.0
0,135500,VOLCANIC_ROCK_VOUCHER_10000,474.0,15.0,,,,,475,15,,,,,474.5,0.0
0,135600,VOLCANIC_ROCK_VOUCHER_10000,474.0,14.0,,,,,475,14,,,,,474.5,0.0
0,135700,VOLCANIC_ROCK_VOUCHER_10000,465.0,15.0,,,,,466,15,,,,,465.5,0.0
0,135800,VOLCANIC_ROCK_VOUCHER_10000,457.0,18.0,,,,,458,18,,,,,457.5,0.0
0,135900,VOLCANIC_ROCK_VOUCHER_10000,454.0,17.0,,,,,455,17,,,,,454.5,0.0
0,136000,VOLCANIC_ROCK_VOUCHER_10000,446.0,14.0,,,,,447,14,,,,,446.5,0.0
0,136100,VOLCANIC_ROCK_VOUCHER_10000,443.0,16.0,,,,,444,16,,,,,443.5,0.0
0,136200,VOLCANIC_ROCK_VOUCHER_10000,449.0,10.0,,,,,450,10,,,,,449.5,0.0
0,136300,VOLCANIC_ROCK_VOUCHER_10000,449.0,11.0,,,,,450,11,,,,,449.5,0.0
0,136400,VOLCANIC_ROCK_VOUCHER_10000,452.0,18.0,,,,,453,18,,,,,452.5,0.0
0,136500,VOLCANIC_ROCK_VOUCHER_10000,455.0,19.0,,,,,456,19,,,,,455.5,0.0
0,136600,VOLCANIC_ROCK_VOUCHER_10000,457.0,11.0,,,,,458,11,,,,,457.5,0.0
0,136700,VOLCANIC_ROCK_VOUCHER_10000,461.0,12.0,,,,,462,12,,,,,461.5,0.0
0,136800,VOLCANIC_ROCK_VOUCHER_10000,465.0,10.0,,,,,466,10,,,,,465.5,0.0
0,136900,VOLCANIC_ROCK_VOUCHER_10000,460.0,20.0,,,,,461,20,,,,,460.5,0.0
0,137000,VOLCANIC_ROCK_VOUCHER_10000,460.0,15.0,,,,,461,15,,,,,460.5,0.0
0,137100,VOLCANIC_ROCK_VOUCHER_10000,462.0,4.0,,,,,463,15,,,,,462.5,0.0
0,137200,VOLCANIC_ROCK_VOUCHER_10000,462.0,20.0,,,,,464,20,,,,,463.0,0.0
0,137300,VOLCANIC_ROCK_VOUCHER_10000,459.0,14.0,,,,,460,14,,,,,459.5,0.0
0,137400,VOLCANIC_ROCK_VOUCHER_10000,457.0,11.0,,,,,458,11,,,,,457.5,0.0
0,137500,VOLCANIC_ROCK_VOUCHER_10000,459.0,19.0,,,,,460,19,,,,,459.5,0.0
0,137600,VOLCANIC_ROCK_VOUCHER_10000,459.0,11.0,,,,,460,11,,,,,459.5,0.0
0,137700,VOLCANIC_ROCK_VOUCHER_10000,460.0,21.0,,,,,462,21,,,,,461.0,0.0
0,137800,VOLCANIC_ROCK_VOUCHER_10000,449.0,22.0,,,,,450,22,,,,,449.5,0.0
0,137900,VOLCANIC_ROCK_VOUCHER_10000,446.0,15.0,,,,,447,15,,,,,446.5,0.0
0,138000,VOLCANIC_ROCK_VOUCHER_10000,442.0,18.0,,,,,443,18,,,,,442.5,0.0
