day,timestamp,product,bid_price_1,bid_volume_1,bid_price_2,bid_volume_2,bid_price_3,bid_volume_3,ask_price_1,ask_volume_1,ask_price_2,ask_volume_2,ask_price_3,ask_volume_3,mid_price,profit_and_loss
0,0,VOLCANIC_ROCK_VOUCHER_9500,1003.0,19.0,,,,,1004,19,,,,,1003.5,0.0
0,100,VOLCANIC_ROCK_VOUCHER_9500,1010.0,13.0,,,,,1011,13,,,,,1010.5,0.0
0,200,VOLCANIC_ROCK_VOUCHER_9500,1013.0,15.0,,,,,1014,15,,,,,1013.5,0.0
0,300,VOLCANIC_ROCK_VOUCHER_9500,1017.0,13.0,,,,,1019,13,,,,,1018.0,0.0
0,400,VOLCANIC_ROCK_VOUCHER_9500,1009.0,15.0,,,,,1011,15,,,,,1010.0,0.0
0,500,VOLCANIC_ROCK_VOUCHER_9500,1006.0,18.0,,,,,1007,18,,,,,1006.5,0.0
0,600,VOLCANIC_ROCK_VOUCHER_9500,1004.0,15.0,,,,,1005,15,,,,,1004.5,0.0
0,700,VOLCANIC_ROCK_VOUCHER_9500,1003.0,16.0,,,,,1004,16,,,,,1003.5,0.0
0,800,VOLCANIC_ROCK_VOUCHER_9500,997.0,10.0,,,,,998,10,,,,,997.5,0.0
0,900,VOLCANIC_ROCK_VOUCHER_9500,995.0,22.0,,,,,996,22,,,,,995.5,0.0
0,1000,VOLCANIC_ROCK_VOUCHER_9500,999.0,18.0,,,,,1000,18,,,,,999.5,0.0
0,1100,VOLCANIC_ROCK_VOUCHER_9500,1001.0,18.0,,,,,1002,18,,,,,1001.5,0.0
0,1200,VOLCANIC_ROCK_VOUCHER_9500,1005.0,2.0,1004.0,13.0,,,1006,15,,,,,1005.5,0.0
0,1300,VOLCANIC_ROCK_VOUCHER_9500,1010.0,15.0,,,,,1011,15,,,,,1010.5,0.0
0,1400,VOLCANIC_ROCK_VOUCHER_9500,1009.0,17.0,,,,,1011,17,,,,,1010.0,0.0
0,1500,VOLCANIC_ROCK_VOUCHER_9500,1004.0,20.0,,,,,1005,20,,,,,1004.5,0.0
0,1600,VOLCANIC_ROCK_VOUCHER_9500,1004.0,11.0,,,,,1006,11,,,,,1005.0,0.0
0,1700,VOLCANIC_ROCK_VOUCHER_9500,999.0,20.0,,,,,1000,20,,,,,999.5,0.0
0,1800,VOLCANIC_ROCK_VOUCHER_9500,997.0,14.0,,,,,998,14,,,,,997.5,0.0
0,1900,VOLCANIC_ROCK_VOUCHER_9500,993.0,19.0,,,,,994,19,,,,,993.5,0.0
0,2000,VOLCANIC_ROCK_VOUCHER_9500,993.0,2.0,,,,,994,15,,,,,993.5,0.0
0,2100,VOLCANIC_ROCK_VOUCHER_9500,988.0,13.0,,,,,989,13,,,,,988.5,0.0
0,2200,VOLCANIC_ROCK_VOUCHER_9500,985.0,17.0,,,,,986,17,,,,,985.5,0.0
0,2300,VOLCANIC_ROCK_VOUCHER_9500,991.0,20.0,,,,,992,20,,,,,991.5,0.0
0,2400,VOLCANIC_ROCK_VOUCHER_9500,986.0,15.0,,,,,987,15,,,,,986.5,0.0
0,2500,VOLCANIC_ROCK_VOUCHER_9500,980.0,16.0,,,,,981,16,,,,,980.5,0.0
0,2600,VOLCANIC_ROCK_VOUCHER_9500,975.0,5.0,,,,,976,15,,,,,975.5,0.0
0,2700,VOLCANIC_ROCK_VOUCHER_9500,964.0,18.0,,,,,966,18,,,,,965.0,0.0
0,2800,VOLCANIC_ROCK_VOUCHER_9500,972.0,20.0,,,,,973,20,,,,,972.5,0.0
0,2900,VOLCANIC_ROCK_VOUCHER_9500,973.0,20.0,,,,,974,20,,,,,973.5,0.0
0,3000,VOLCANIC_ROCK_VOUCHER_9500,978.0,15.0,,,,,979,15,,,,,978.5,0.0
0,3100,VOLCANIC_ROCK_VOUCHER_9500,973.0,11.0,,,,,974,14,,,,,973.5,0.0
0,3200,VOLCANIC_ROCK_VOUCHER_9500,979.0,14.0,,,,,980,14,,,,,979.5,0.0
0,3300,VOLCANIC_ROCK_VOUCHER_9500,979.0,12.0,,,,,980,12,,,,,979.5,0.0
0,3400,VOLCANIC_ROCK_VOUCHER_9500,980.0,12.0,,,,,981,12,,,,,980.5,0.0
0,3500,VOLCANIC_ROCK_VOUCHER_9500,989.0,12.0,,,,,990,12,,,,,989.5,0.0
0,3600,VOLCANIC_ROCK_VOUCHER_9500,984.0,16.0,,,,,985,16,,,,,984.5,0.0
0,3700,VOLCANIC_ROCK_VOUCHER_9500,983.0,12.0,,,,,984,12,,,,,983.5,0.0
0,3800,VOLCANIC_ROCK_VOUCHER_9500,983.0,12.0,,,,,984,12,,,,,983.5,0.0
0,3900,VOLCANIC_ROCK_VOUCHER_9500,982.0,10.0,,,,,983,10,,,,,982.5,0.0
0,4000,VOLCANIC_ROCK_VOUCHER_9500,976.0,15.0,,,,,977,15,,,,,976.5,0.0
0,4100,VOLCANIC_ROCK_VOUCHER_9500,972.0,20.0,,,,,974,20,,,,,973.0,0.0
0,4200,VOLCANIC_ROCK_VOUCHER_9500,,,,,,,966,4,967.0,14.0,,,966.0,0.0
0,4300,VOLCANIC_ROCK_VOUCHER_9500,964.0,12.0,,,,,966,12,,,,,965.0,0.0
0,4400,VOLCANIC_ROCK_VOUCHER_9500,958.0,19.0,,,,,960,19,,,,,959.0,0.0
0,4500,VOLCANIC_ROCK_VOUCHER_9500,958.0,10.0,,,,,959,10,,,,,958.5,0.0
0,4600,VOLCANIC_ROCK_VOUCHER_9500,951.0,13.0,,,,,952,13,,,,,951.5,0.0
0,4700,VOLCANIC_ROCK_VOUCHER_9500,958.0,19.0,,,,,959,19,,,,,958.5,0.0
0,4800,VOLCANIC_ROCK_VOUCHER_9500,964.0,16.0,,,,,965,16,,,,,964.5,0.0
0,4900,VOLCANIC_ROCK_VOUCHER_9500,964.0,10.0,,,,,966,10,,,,,965.0,0.0
0,5000,VOLCANIC_ROCK_VOUCHER_9500,962.0,12.0,,,,,964,12,,,,,963.0,0.0
0,5100,VOLCANIC_ROCK_VOUCHER_9500,953.0,15.0,,,,,954,15,,,,,953.5,0.0
0,5200,VOLCANIC_ROCK_VOUCHER_9500,955.0,5.0,,,,,956,17,,,,,955.5,0.0
0,5300,VOLCANIC_ROCK_VOUCHER_9500,951.0,14.0,,,,,952,14,,,,,951.5,0.0
0,5400,VOLCANIC_ROCK_VOUCHER_9500,950.0,20.0,,,,,951,20,,,,,950.5,0.0
0,5500,VOLCANIC_ROCK_VOUCHER_9500,941.0,20.0,,,,,942,20,,,,,941.5,0.0
0,5600,VOLCANIC_ROCK_VOUCHER_9500,945.0,13.0,,,,,947,13,,,,,946.0,0.0
0,5700,VOLCANIC_ROCK_VOUCHER_9500,944.0,14.0,,,,,945,14,,,,,944.5,0.0
0,5800,VOLCANIC_ROCK_VOUCHER_9500,939.0,12.0,,,,,940,12,,,,,939.5,0.0
0,5900,VOLCANIC_ROCK_VOUCHER_9500,931.0,17.0,,,,,933,17,,,,,932.0,0.0
0,6000,VOLCANIC_ROCK_VOUCHER_9500,945.0,13.0,,,,,946,13,,,,,945.5,0.0
0,6100,VOLCANIC_ROCK_VOUCHER_9500,940.0,12.0,,,,,941,12,,,,,940.5,0.0
0,6200,VOLCANIC_ROCK_VOUCHER_9500,947.0,14.0,,,,,948,14,,,,,947.5,0.0
0,6300,VOLCANIC_ROCK_VOUCHER_9500,941.0,7.0,940.0,18.0,,,942,18,,,,,941.5,0.0
0,6400,VOLCANIC_ROCK_VOUCHER_9500,942.0,16.0,,,,,943,13,944.0,16.0,,,942.5,0.0
0,6500,VOLCANIC_ROCK_VOUCHER_9500,943.0,20.0,,,,,944,20,,,,,943.5,0.0
0,6600,VOLCANIC_ROCK_VOUCHER_9500,940.0,15.0,,,,,941,15,,,,,940.5,0.0
0,6700,VOLCANIC_ROCK_VOUCHER_9500,926.0,20.0,,,,,927,20,,,,,926.5,0.0
0,6800,VOLCANIC_ROCK_VOUCHER_9500,932.0,18.0,,,,,933,18,,,,,932.5,0.0
0,6900,VOLCANIC_ROCK_VOUCHER_9500,933.0,13.0,,,,,934,20,,,,,933.5,0.0
0,7000,VOLCANIC_ROCK_VOUCHER_9500,931.0,12.0,,,,,932,12,,,,,931.5,0.0
0,7100,VOLCANIC_ROCK_VOUCHER_9500,935.0,14.0,,,,,936,14,,,,,935.5,0.0
0,7200,VOLCANIC_ROCK_VOUCHER_9500,938.0,28.0,,,,,939,13,,,,,938.5,0.0
0,7300,VOLCANIC_ROCK_VOUCHER_9500,937.0,20.0,,,,,938,20,,,,,937.5,0.0
0,7400,VOLCANIC_ROCK_VOUCHER_9500,938.0,12.0,,,,,940,12,,,,,939.0,0.0
0,7500,VOLCANIC_ROCK_VOUCHER_9500,941.0,11.0,,,,,943,11,,,,,942.0,0.0
0,7600,VOLCANIC_ROCK_VOUCHER_9500,941.0,12.0,,,,,943,12,,,,,942.0,0.0
0,7700,VOLCANIC_ROCK_VOUCHER_9500,936.0,15.0,,,,,937,15,,,,,936.5,0.0
0,7800,VOLCANIC_ROCK_VOUCHER_9500,940.0,13.0,,,,,942,13,,,,,941.0,0.0
0,7900,VOLCANIC_ROCK_VOUCHER_9500,947.0,6.0,,,,,948,1,949.0,15.0,,,947.5,0.0
0,8000,VOLCANIC_ROCK_VOUCHER_9500,943.0,7.0,,,,,944,17,,,,,943.5,0.0
0,8100,VOLCANIC_ROCK_VOUCHER_9500,947.0,27.0,,,,,948,15,,,,,947.5,0.0
0,8200,VOLCANIC_ROCK_VOUCHER_9500,951.0,11.0,,,,,952,11,,,,,951.5,0.0
0,8300,VOLCANIC_ROCK_VOUCHER_9500,941.0,18.0,,,,,942,18,,,,,941.5,0.0
0,8400,VOLCANIC_ROCK_VOUCHER_9500,944.0,17.0,,,,,946,17,,,,,945.0,0.0
0,8500,VOLCANIC_ROCK_VOUCHER_9500,947.0,11.0,,,,,948,11,,,,,947.5,0.0
0,8600,VOLCANIC_ROCK_VOUCHER_9500,941.0,13.0,,,,,942,13,,,,,941.5,0.0
0,8700,VOLCANIC_ROCK_VOUCHER_9500,936.0,14.0,,,,,937,14,,,,,936.5,0.0
0,8800,VOLCANIC_ROCK_VOUCHER_9500,932.0,15.0,,,,,933,15,,,,,932.5,0.0
0,8900,VOLCANIC_ROCK_VOUCHER_9500,931.0,12.0,,,,,932,12,,,,,931.5,0.0
0,9000,VOLCANIC_ROCK_VOUCHER_9500,932.0,10.0,,,,,933,10,,,,,932.5,0.0
0,9100,VOLCANIC_ROCK_VOUCHER_9500,924.0,20.0,,,,,925,20,,,,,924.5,0.0
0,9200,VOLCANIC_ROCK_VOUCHER_9500,924.0,20.0,,,,,925,20,,,,,924.5,0.0
0,9300,VOLCANIC_ROCK_VOUCHER_9500,922.0,10.0,,,,,923,10,,,,,922.5,0.0
0,9400,VOLCANIC_ROCK_VOUCHER_9500,925.0,17.0,,,,,926,17,,,,,925.5,0.0
0,9500,VOLCANIC_ROCK_VOUCHER_9500,925.0,15.0,,,,,926,15,,,,,925.5,0.0
0,9600,VOLCANIC_ROCK_VOUCHER_9500,932.0,12.0,,,,,933,12,,,,,932.5,0.0
0,9700,VOLCANIC_ROCK_VOUCHER_9500,926.0,18.0,,,,,927,18,,,,,926.5,0.0
0,9800,VOLCANIC_ROCK_VOUCHER_9500,928.0,13.0,,,,,929,13,,,,,928.5,0.0
0,9900,VOLCANIC_ROCK_VOUCHER_9500,927.0,13.0,,,,,928,13,,,,,927.5,0.0
0,10000,VOLCANIC_ROCK_VOUCHER_9500,919.0,21.0,,,,,921,21,,,,,920.0,0.0
0,10100,VOLCANIC_ROCK_VOUCHER_9500,925.0,22.0,,,,,926,10,,,,,925.5,0.0
0,10200,VOLCANIC_ROCK_VOUCHER_9500,921.0,13.0,,,,,922,13,,,,,921.5,0.0
0,10300,VOLCANIC_ROCK_VOUCHER_9500,922.0,20.0,,,,,923,20,,,,,922.5,0.0
0,10400,VOLCANIC_ROCK_VOUCHER_9500,925.0,16.0,,,,,926,16,,,,,925.5,0.0
0,10500,VOLCANIC_ROCK_VOUCHER_9500,927.0,20.0,,,,,928,20,,,,,927.5,0.0
0,10600,VOLCANIC_ROCK_VOUCHER_9500,931.0,18.0,,,,,932,18,,,,,931.5,0.0
0,10700,VOLCANIC_ROCK_VOUCHER_9500,928.0,14.0,,,,,929,14,,,,,928.5,0.0
0,10800,VOLCANIC_ROCK_VOUCHER_9500,934.0,18.0,,,,,935,18,,,,,934.5,0.0
0,10900,VOLCANIC_ROCK_VOUCHER_9500,939.0,12.0,,,,,940,12,,,,,939.5,0.0
0,11000,VOLCANIC_ROCK_VOUCHER_9500,947.0,15.0,,,,,949,15,,,,,948.0,0.0
0,11100,VOLCANIC_ROCK_VOUCHER_9500,939.0,20.0,,,,,940,20,,,,,939.5,0.0
0,11200,VOLCANIC_ROCK_VOUCHER_9500,948.0,12.0,,,,,949,12,,,,,948.5,0.0
0,11300,VOLCANIC_ROCK_VOUCHER_9500,943.0,11.0,,,,,944,11,,,,,943.5,0.0
0,11400,VOLCANIC_ROCK_VOUCHER_9500,949.0,15.0,,,,,950,15,,,,,949.5,0.0
0,11500,VOLCANIC_ROCK_VOUCHER_9500,947.0,18.0,,,,,948,18,,,,,947.5,0.0
0,11600,VOLCANIC_ROCK_VOUCHER_9500,944.0,12.0,,,,,945,12,,,,,944.5,0.0
0,11700,VOLCANIC_ROCK_VOUCHER_9500,939.0,15.0,,,,,940,15,,,,,939.5,0.0
0,11800,VOLCANIC_ROCK_VOUCHER_9500,935.0,19.0,,,,,937,19,,,,,936.0,0.0
0,11900,VOLCANIC_ROCK_VOUCHER_9500,928.0,17.0,,,,,929,17,,,,,928.5,0.0
0,12000,VOLCANIC_ROCK_VOUCHER_9500,930.0,13.0,,,,,932,13,,,,,931.0,0.0
0,12100,VOLCANIC_ROCK_VOUCHER_9500,930.0,20.0,,,,,931,20,,,,,930.5,0.0
0,12200,VOLCANIC_ROCK_VOUCHER_9500,,,,,,,928,6,929.0,14.0,,,928.0,0.0
0,12300,VOLCANIC_ROCK_VOUCHER_9500,934.0,15.0,,,,,935,15,,,,,934.5,0.0
0,12400,VOLCANIC_ROCK_VOUCHER_9500,936.0,12.0,,,,,937,12,,,,,936.5,0.0
0,12500,VOLCANIC_ROCK_VOUCHER_9500,932.0,18.0,,,,,933,18,,,,,932.5,0.0
0,12600,VOLCANIC_ROCK_VOUCHER_9500,923.0,13.0,,,,,925,13,,,,,924.0,0.0
0,12700,VOLCANIC_ROCK_VOUCHER_9500,926.0,22.0,,,,,928,22,,,,,927.0,0.0
0,12800,VOLCANIC_ROCK_VOUCHER_9500,931.0,14.0,,,,,932,14,,,,,931.5,0.0
0,12900,VOLCANIC_ROCK_VOUCHER_9500,926.0,15.0,,,,,927,15,,,,,926.5,0.0
0,13000,VOLCANIC_ROCK_VOUCHER_9500,927.0,11.0,,,,,928,11,,,,,927.5,0.0
0,13100,VOLCANIC_ROCK_VOUCHER_9500,923.0,22.0,,,,,924,22,,,,,923.5,0.0
0,13200,VOLCANIC_ROCK_VOUCHER_9500,915.0,16.0,,,,,916,16,,,,,915.5,0.0
0,13300,VOLCANIC_ROCK_VOUCHER_9500,914.0,17.0,,,,,915,17,,,,,914.5,0.0
0,13400,VOLCANIC_ROCK_VOUCHER_9500,915.0,1.0,914.0,14.0,,,916,15,,,,,915.5,0.0
0,13500,VOLCANIC_ROCK_VOUCHER_9500,911.0,17.0,,,,,912,17,,,,,911.5,0.0
0,13600,VOLCANIC_ROCK_VOUCHER_9500,906.0,19.0,,,,,907,19,,,,,906.5,0.0
0,13700,VOLCANIC_ROCK_VOUCHER_9500,906.0,21.0,,,,,907,21,,,,,906.5,0.0
0,13800,VOLCANIC_ROCK_VOUCHER_9500,881.0,13.0,,,,,883,13,,,,,882.0,0.0
0,13900,VOLCANIC_ROCK_VOUCHER_9500,892.0,20.0,,,,,893,20,,,,,892.5,0.0
0,14000,VOLCANIC_ROCK_VOUCHER_9500,879.0,14.0,,,,,881,14,,,,,880.0,0.0
0,14100,VOLCANIC_ROCK_VOUCHER_9500,893.0,22.0,,,,,895,22,,,,,894.0,0.0
0,14200,VOLCANIC_ROCK_VOUCHER_9500,907.0,12.0,,,,,908,12,,,,,907.5,0.0
0,14300,VOLCANIC_ROCK_VOUCHER_9500,896.0,22.0,,,,,897,22,,,,,896.5,0.0
0,14400,VOLCANIC_ROCK_VOUCHER_9500,904.0,17.0,,,,,905,17,,,,,904.5,0.0
0,14500,VOLCANIC_ROCK_VOUCHER_9500,906.0,7.0,905.0,15.0,,,907,15,,,,,906.5,0.0
0,14600,VOLCANIC_ROCK_VOUCHER_9500,905.0,31.0,,,,,906,11,,,,,905.5,0.0
0,14700,VOLCANIC_ROCK_VOUCHER_9500,917.0,13.0,,,,,918,13,,,,,917.5,0.0
0,14800,VOLCANIC_ROCK_VOUCHER_9500,910.0,35.0,,,,,911,16,,,,,910.5,0.0
0,14900,VOLCANIC_ROCK_VOUCHER_9500,914.0,17.0,,,,,915,17,,,,,914.5,0.0
0,15000,VOLCANIC_ROCK_VOUCHER_9500,925.0,14.0,,,,,926,14,,,,,925.5,0.0
0,15100,VOLCANIC_ROCK_VOUCHER_9500,928.0,28.0,,,,,929,15,,,,,928.5,0.0
0,15200,VOLCANIC_ROCK_VOUCHER_9500,933.0,13.0,,,,,934,13,,,,,933.5,0.0
0,15300,VOLCANIC_ROCK_VOUCHER_9500,938.0,16.0,,,,,939,16,,,,,938.5,0.0
0,15400,VOLCANIC_ROCK_VOUCHER_9500,939.0,35.0,,,,,940,22,,,,,939.5,0.0
0,15500,VOLCANIC_ROCK_VOUCHER_9500,940.0,15.0,,,,,941,15,,,,,940.5,0.0
0,15600,VOLCANIC_ROCK_VOUCHER_9500,945.0,19.0,,,,,946,19,,,,,945.5,0.0
0,15700,VOLCANIC_ROCK_VOUCHER_9500,946.0,14.0,,,,,947,14,,,,,946.5,0.0
0,15800,VOLCANIC_ROCK_VOUCHER_9500,,,,,,,957,6,958.0,12.0,,,957.0,0.0
0,15900,VOLCANIC_ROCK_VOUCHER_9500,969.0,20.0,,,,,970,20,,,,,969.5,0.0
0,16000,VOLCANIC_ROCK_VOUCHER_9500,961.0,18.0,,,,,962,18,,,,,961.5,0.0
0,16100,VOLCANIC_ROCK_VOUCHER_9500,957.0,15.0,,,,,959,15,,,,,958.0,0.0
0,16200,VOLCANIC_ROCK_VOUCHER_9500,970.0,10.0,,,,,972,10,,,,,971.0,0.0
0,16300,VOLCANIC_ROCK_VOUCHER_9500,966.0,18.0,,,,,967,18,,,,,966.5,0.0
0,16400,VOLCANIC_ROCK_VOUCHER_9500,964.0,16.0,,,,,965,16,,,,,964.5,0.0
0,16500,VOLCANIC_ROCK_VOUCHER_9500,970.0,38.0,,,,,971,22,,,,,970.5,0.0
0,16600,VOLCANIC_ROCK_VOUCHER_9500,969.0,19.0,,,,,970,19,,,,,969.5,0.0
0,16700,VOLCANIC_ROCK_VOUCHER_9500,974.0,17.0,,,,,975,17,,,,,974.5,0.0
0,16800,VOLCANIC_ROCK_VOUCHER_9500,978.0,16.0,,,,,979,16,,,,,978.5,0.0
0,16900,VOLCANIC_ROCK_VOUCHER_9500,982.0,20.0,,,,,983,20,,,,,982.5,0.0
0,17000,VOLCANIC_ROCK_VOUCHER_9500,976.0,20.0,,,,,977,20,,,,,976.5,0.0
0,17100,VOLCANIC_ROCK_VOUCHER_9500,983.0,15.0,,,,,984,15,,,,,983.5,0.0
0,17200,VOLCANIC_ROCK_VOUCHER_9500,980.0,12.0,,,,,981,12,,,,,980.5,0.0
0,17300,VOLCANIC_ROCK_VOUCHER_9500,983.0,11.0,,,,,984,11,,,,,983.5,0.0
0,17400,VOLCANIC_ROCK_VOUCHER_9500,981.0,14.0,,,,,982,14,,,,,981.5,0.0
0,17500,VOLCANIC_ROCK_VOUCHER_9500,981.0,12.0,,,,,982,12,,,,,981.5,0.0
0,17600,VOLCANIC_ROCK_VOUCHER_9500,975.0,20.0,,,,,976,20,,,,,975.5,0.0
0,17700,VOLCANIC_ROCK_VOUCHER_9500,976.0,13.0,,,,,977,13,,,,,976.5,0.0
0,17800,VOLCANIC_ROCK_VOUCHER_9500,975.0,15.0,,,,,976,15,,,,,975.5,0.0
0,17900,VOLCANIC_ROCK_VOUCHER_9500,,,,,,,970,5,971.0,14.0,,,970.0,0.0
0,18000,VOLCANIC_ROCK_VOUCHER_9500,966.0,15.0,,,,,967,15,,,,,966.5,0.0
0,18100,VOLCANIC_ROCK_VOUCHER_9500,955.0,10.0,,,,,956,10,,,,,955.5,0.0
0,18200,VOLCANIC_ROCK_VOUCHER_9500,963.0,12.0,,,,,964,12,,,,,963.5,0.0
0,18300,VOLCANIC_ROCK_VOUCHER_9500,964.0,28.0,,,,,965,12,,,,,964.5,0.0
0,18400,VOLCANIC_ROCK_VOUCHER_9500,970.0,14.0,,,,,971,14,,,,,970.5,0.0
0,18500,VOLCANIC_ROCK_VOUCHER_9500,970.0,20.0,,,,,971,20,,,,,970.5,0.0
0,18600,VOLCANIC_ROCK_VOUCHER_9500,967.0,14.0,,,,,968,14,,,,,967.5,0.0
0,18700,VOLCANIC_ROCK_VOUCHER_9500,960.0,18.0,,,,,961,18,,,,,960.5,0.0
0,18800,VOLCANIC_ROCK_VOUCHER_9500,963.0,19.0,,,,,964,19,,,,,963.5,0.0
0,18900,VOLCANIC_ROCK_VOUCHER_9500,969.0,18.0,,,,,970,18,,,,,969.5,0.0
0,19000,VOLCANIC_ROCK_VOUCHER_9500,969.0,16.0,,,,,970,16,,,,,969.5,0.0
0,19100,VOLCANIC_ROCK_VOUCHER_9500,968.0,17.0,,,,,969,17,,,,,968.5,0.0
0,19200,VOLCANIC_ROCK_VOUCHER_9500,964.0,11.0,,,,,966,11,,,,,965.0,0.0
0,19300,VOLCANIC_ROCK_VOUCHER_9500,967.0,19.0,,,,,969,19,,,,,968.0,0.0
0,19400,VOLCANIC_ROCK_VOUCHER_9500,967.0,17.0,,,,,968,17,,,,,967.5,0.0
0,19500,VOLCANIC_ROCK_VOUCHER_9500,969.0,12.0,,,,,970,12,,,,,969.5,0.0
0,19600,VOLCANIC_ROCK_VOUCHER_9500,967.0,22.0,,,,,968,22,,,,,967.5,0.0
0,19700,VOLCANIC_ROCK_VOUCHER_9500,961.0,17.0,,,,,962,17,,,,,961.5,0.0
0,19800,VOLCANIC_ROCK_VOUCHER_9500,963.0,9.0,,,,,964,19,,,,,963.5,0.0
0,19900,VOLCANIC_ROCK_VOUCHER_9500,961.0,20.0,,,,,963,20,,,,,962.0,0.0
0,20000,VOLCANIC_ROCK_VOUCHER_9500,956.0,15.0,,,,,957,15,,,,,956.5,0.0
0,20100,VOLCANIC_ROCK_VOUCHER_9500,948.0,13.0,,,,,949,13,,,,,948.5,0.0
0,20200,VOLCANIC_ROCK_VOUCHER_9500,941.0,14.0,,,,,942,14,,,,,941.5,0.0
0,20300,VOLCANIC_ROCK_VOUCHER_9500,936.0,17.0,,,,,937,17,,,,,936.5,0.0
0,20400,VOLCANIC_ROCK_VOUCHER_9500,947.0,15.0,,,,,948,15,,,,,947.5,0.0
0,20500,VOLCANIC_ROCK_VOUCHER_9500,949.0,11.0,,,,,950,11,,,,,949.5,0.0
0,20600,VOLCANIC_ROCK_VOUCHER_9500,952.0,15.0,,,,,953,15,,,,,952.5,0.0
0,20700,VOLCANIC_ROCK_VOUCHER_9500,951.0,13.0,,,,,952,13,,,,,951.5,0.0
0,20800,VOLCANIC_ROCK_VOUCHER_9500,957.0,37.0,,,,,958,22,,,,,957.5,0.0
0,20900,VOLCANIC_ROCK_VOUCHER_9500,955.0,12.0,,,,,956,12,,,,,955.5,0.0
0,21000,VOLCANIC_ROCK_VOUCHER_9500,950.0,19.0,,,,,951,19,,,,,950.5,0.0
0,21100,VOLCANIC_ROCK_VOUCHER_9500,,,,,,,952,3,953.0,13.0,,,952.0,0.0
0,21200,VOLCANIC_ROCK_VOUCHER_9500,955.0,5.0,,,,,956,17,,,,,955.5,0.0
0,21300,VOLCANIC_ROCK_VOUCHER_9500,960.0,14.0,,,,,961,14,,,,,960.5,0.0
0,21400,VOLCANIC_ROCK_VOUCHER_9500,961.0,15.0,,,,,962,15,,,,,961.5,0.0
0,21500,VOLCANIC_ROCK_VOUCHER_9500,958.0,23.0,,,,,959,13,,,,,958.5,0.0
0,21600,VOLCANIC_ROCK_VOUCHER_9500,957.0,16.0,,,,,958,16,,,,,957.5,0.0
0,21700,VOLCANIC_ROCK_VOUCHER_9500,955.0,21.0,,,,,956,21,,,,,955.5,0.0
0,21800,VOLCANIC_ROCK_VOUCHER_9500,957.0,11.0,,,,,958,11,,,,,957.5,0.0
0,21900,VOLCANIC_ROCK_VOUCHER_9500,956.0,18.0,,,,,957,18,,,,,956.5,0.0
0,22000,VOLCANIC_ROCK_VOUCHER_9500,956.0,21.0,,,,,957,21,,,,,956.5,0.0
0,22100,VOLCANIC_ROCK_VOUCHER_9500,958.0,12.0,,,,,960,12,,,,,959.0,0.0
0,22200,VOLCANIC_ROCK_VOUCHER_9500,958.0,14.0,,,,,959,14,,,,,958.5,0.0
0,22300,VOLCANIC_ROCK_VOUCHER_9500,952.0,12.0,,,,,953,12,,,,,952.5,0.0
0,22400,VOLCANIC_ROCK_VOUCHER_9500,952.0,13.0,,,,,953,13,,,,,952.5,0.0
0,22500,VOLCANIC_ROCK_VOUCHER_9500,956.0,12.0,,,,,957,12,,,,,956.5,0.0
0,22600,VOLCANIC_ROCK_VOUCHER_9500,962.0,14.0,,,,,963,14,,,,,962.5,0.0
0,22700,VOLCANIC_ROCK_VOUCHER_9500,973.0,11.0,,,,,974,11,,,,,973.5,0.0
0,22800,VOLCANIC_ROCK_VOUCHER_9500,980.0,11.0,,,,,981,11,,,,,980.5,0.0
0,22900,VOLCANIC_ROCK_VOUCHER_9500,976.0,14.0,,,,,977,14,,,,,976.5,0.0
0,23000,VOLCANIC_ROCK_VOUCHER_9500,984.0,22.0,,,,,985,22,,,,,984.5,0.0
0,23100,VOLCANIC_ROCK_VOUCHER_9500,978.0,13.0,,,,,979,13,,,,,978.5,0.0
0,23200,VOLCANIC_ROCK_VOUCHER_9500,974.0,18.0,,,,,975,18,,,,,974.5,0.0
0,23300,VOLCANIC_ROCK_VOUCHER_9500,975.0,10.0,,,,,976,10,,,,,975.5,0.0
0,23400,VOLCANIC_ROCK_VOUCHER_9500,973.0,18.0,,,,,974,18,,,,,973.5,0.0
0,23500,VOLCANIC_ROCK_VOUCHER_9500,972.0,25.0,,,,,973,15,,,,,972.5,0.0
0,23600,VOLCANIC_ROCK_VOUCHER_9500,978.0,19.0,,,,,979,19,,,,,978.5,0.0
0,23700,VOLCANIC_ROCK_VOUCHER_9500,981.0,14.0,,,,,982,14,,,,,981.5,0.0
0,23800,VOLCANIC_ROCK_VOUCHER_9500,979.0,39.0,,,,,981,22,,,,,980.0,0.0
0,23900,VOLCANIC_ROCK_VOUCHER_9500,978.0,16.0,,,,,979,16,,,,,978.5,0.0
0,24000,VOLCANIC_ROCK_VOUCHER_9500,979.0,14.0,,,,,980,14,,,,,979.5,0.0
0,24100,VOLCANIC_ROCK_VOUCHER_9500,974.0,22.0,,,,,975,22,,,,,974.5,0.0
0,24200,VOLCANIC_ROCK_VOUCHER_9500,972.0,21.0,,,,,973,21,,,,,972.5,0.0
0,24300,VOLCANIC_ROCK_VOUCHER_9500,974.0,12.0,,,,,975,12,,,,,974.5,0.0
0,24400,VOLCANIC_ROCK_VOUCHER_9500,974.0,10.0,,,,,976,10,,,,,975.0,0.0
0,24500,VOLCANIC_ROCK_VOUCHER_9500,967.0,15.0,,,,,968,15,,,,,967.5,0.0
0,24600,VOLCANIC_ROCK_VOUCHER_9500,965.0,20.0,,,,,966,20,,,,,965.5,0.0
0,24700,VOLCANIC_ROCK_VOUCHER_9500,959.0,15.0,,,,,960,15,,,,,959.5,0.0
0,24800,VOLCANIC_ROCK_VOUCHER_9500,962.0,22.0,,,,,964,22,,,,,963.0,0.0
0,24900,VOLCANIC_ROCK_VOUCHER_9500,963.0,22.0,,,,,964,22,,,,,963.5,0.0
0,25000,VOLCANIC_ROCK_VOUCHER_9500,967.0,17.0,,,,,968,17,,,,,967.5,0.0
0,25100,VOLCANIC_ROCK_VOUCHER_9500,971.0,14.0,,,,,972,14,,,,,971.5,0.0
0,25200,VOLCANIC_ROCK_VOUCHER_9500,971.0,3.0,,,,,972,22,,,,,971.5,0.0
0,25300,VOLCANIC_ROCK_VOUCHER_9500,967.0,14.0,,,,,969,14,,,,,968.0,0.0
0,25400,VOLCANIC_ROCK_VOUCHER_9500,965.0,15.0,,,,,967,15,,,,,966.0,0.0
0,25500,VOLCANIC_ROCK_VOUCHER_9500,966.0,21.0,,,,,967,21,,,,,966.5,0.0
0,25600,VOLCANIC_ROCK_VOUCHER_9500,963.0,5.0,,,,,964,17,,,,,963.5,0.0
0,25700,VOLCANIC_ROCK_VOUCHER_9500,965.0,15.0,964.0,11.0,,,966,11,,,,,965.5,0.0
0,25800,VOLCANIC_ROCK_VOUCHER_9500,965.0,11.0,,,,,967,11,,,,,966.0,0.0
0,25900,VOLCANIC_ROCK_VOUCHER_9500,962.0,12.0,,,,,963,12,,,,,962.5,0.0
0,26000,VOLCANIC_ROCK_VOUCHER_9500,966.0,20.0,,,,,967,20,,,,,966.5,0.0
0,26100,VOLCANIC_ROCK_VOUCHER_9500,960.0,2.0,,,,,961,14,,,,,960.5,0.0
0,26200,VOLCANIC_ROCK_VOUCHER_9500,959.0,11.0,,,,,961,11,,,,,960.0,0.0
0,26300,VOLCANIC_ROCK_VOUCHER_9500,956.0,13.0,,,,,958,13,,,,,957.0,0.0
0,26400,VOLCANIC_ROCK_VOUCHER_9500,963.0,12.0,,,,,964,12,,,,,963.5,0.0
0,26500,VOLCANIC_ROCK_VOUCHER_9500,961.0,17.0,,,,,962,17,,,,,961.5,0.0
0,26600,VOLCANIC_ROCK_VOUCHER_9500,961.0,6.0,,,,,962,21,,,,,961.5,0.0
0,26700,VOLCANIC_ROCK_VOUCHER_9500,964.0,15.0,,,,,965,15,,,,,964.5,0.0
0,26800,VOLCANIC_ROCK_VOUCHER_9500,967.0,35.0,,,,,969,20,,,,,968.0,0.0
0,26900,VOLCANIC_ROCK_VOUCHER_9500,963.0,11.0,,,,,964,11,,,,,963.5,0.0
0,27000,VOLCANIC_ROCK_VOUCHER_9500,958.0,16.0,,,,,959,16,,,,,958.5,0.0
0,27100,VOLCANIC_ROCK_VOUCHER_9500,958.0,12.0,,,,,959,12,,,,,958.5,0.0
0,27200,VOLCANIC_ROCK_VOUCHER_9500,964.0,14.0,,,,,965,14,,,,,964.5,0.0
0,27300,VOLCANIC_ROCK_VOUCHER_9500,962.0,18.0,,,,,963,18,,,,,962.5,0.0
0,27400,VOLCANIC_ROCK_VOUCHER_9500,960.0,20.0,,,,,961,20,,,,,960.5,0.0
0,27500,VOLCANIC_ROCK_VOUCHER_9500,957.0,21.0,,,,,958,21,,,,,957.5,0.0
0,27600,VOLCANIC_ROCK_VOUCHER_9500,954.0,14.0,,,,,955,14,,,,,954.5,0.0
0,27700,VOLCANIC_ROCK_VOUCHER_9500,950.0,13.0,,,,,951,13,,,,,950.5,0.0
0,27800,VOLCANIC_ROCK_VOUCHER_9500,938.0,14.0,,,,,939,14,,,,,938.5,0.0
0,27900,VOLCANIC_ROCK_VOUCHER_9500,942.0,19.0,,,,,943,19,,,,,942.5,0.0
0,28000,VOLCANIC_ROCK_VOUCHER_9500,943.0,15.0,,,,,944,15,,,,,943.5,0.0
0,28100,VOLCANIC_ROCK_VOUCHER_9500,941.0,10.0,,,,,943,10,,,,,942.0,0.0
0,28200,VOLCANIC_ROCK_VOUCHER_9500,944.0,14.0,,,,,945,14,,,,,944.5,0.0
0,28300,VOLCANIC_ROCK_VOUCHER_9500,933.0,18.0,,,,,934,18,,,,,933.5,0.0
0,28400,VOLCANIC_ROCK_VOUCHER_9500,940.0,13.0,,,,,941,13,,,,,940.5,0.0
0,28500,VOLCANIC_ROCK_VOUCHER_9500,940.0,18.0,,,,,941,18,,,,,940.5,0.0
0,28600,VOLCANIC_ROCK_VOUCHER_9500,937.0,18.0,,,,,938,18,,,,,937.5,0.0
0,28700,VOLCANIC_ROCK_VOUCHER_9500,942.0,12.0,,,,,943,12,,,,,942.5,0.0
0,28800,VOLCANIC_ROCK_VOUCHER_9500,940.0,22.0,,,,,941,22,,,,,940.5,0.0
0,28900,VOLCANIC_ROCK_VOUCHER_9500,946.0,14.0,,,,,947,14,,,,,946.5,0.0
0,29000,VOLCANIC_ROCK_VOUCHER_9500,945.0,15.0,,,,,946,15,,,,,945.5,0.0
0,29100,VOLCANIC_ROCK_VOUCHER_9500,941.0,12.0,,,,,943,12,,,,,942.0,0.0
0,29200,VOLCANIC_ROCK_VOUCHER_9500,943.0,18.0,,,,,944,18,,,,,943.5,0.0
0,29300,VOLCANIC_ROCK_VOUCHER_9500,949.0,19.0,,,,,950,19,,,,,949.5,0.0
0,29400,VOLCANIC_ROCK_VOUCHER_9500,949.0,12.0,,,,,950,12,,,,,949.5,0.0
0,29500,VOLCANIC_ROCK_VOUCHER_9500,945.0,22.0,,,,,946,22,,,,,945.5,0.0
0,29600,VOLCANIC_ROCK_VOUCHER_9500,940.0,18.0,,,,,941,18,,,,,940.5,0.0
0,29700,VOLCANIC_ROCK_VOUCHER_9500,940.0,19.0,,,,,941,19,,,,,940.5,0.0
0,29800,VOLCANIC_ROCK_VOUCHER_9500,944.0,30.0,,,,,945,18,,,,,944.5,0.0
0,29900,VOLCANIC_ROCK_VOUCHER_9500,943.0,17.0,,,,,944,17,,,,,943.5,0.0
0,30000,VOLCANIC_ROCK_VOUCHER_9500,944.0,4.0,,,,,945,18,,,,,944.5,0.0
0,30100,VOLCANIC_ROCK_VOUCHER_9500,941.0,19.0,,,,,942,19,,,,,941.5,0.0
0,30200,VOLCANIC_ROCK_VOUCHER_9500,933.0,4.0,,,,,935,18,,,,,934.0,0.0
0,30300,VOLCANIC_ROCK_VOUCHER_9500,935.0,14.0,,,,,936,14,,,,,935.5,0.0
0,30400,VOLCANIC_ROCK_VOUCHER_9500,931.0,22.0,,,,,933,22,,,,,932.0,0.0
0,30500,VOLCANIC_ROCK_VOUCHER_9500,,,,,,,932,1,933.0,13.0,,,932.0,0.0
0,30600,VOLCANIC_ROCK_VOUCHER_9500,,,,,,,927,2,928.0,10.0,,,927.0,0.0
0,30700,VOLCANIC_ROCK_VOUCHER_9500,925.0,13.0,,,,,927,13,,,,,926.0,0.0
0,30800,VOLCANIC_ROCK_VOUCHER_9500,925.0,17.0,,,,,926,17,,,,,925.5,0.0
0,30900,VOLCANIC_ROCK_VOUCHER_9500,930.0,18.0,,,,,931,18,,,,,930.5,0.0
0,31000,VOLCANIC_ROCK_VOUCHER_9500,927.0,10.0,,,,,928,10,,,,,927.5,0.0
0,31100,VOLCANIC_ROCK_VOUCHER_9500,927.0,12.0,,,,,928,12,,,,,927.5,0.0
0,31200,VOLCANIC_ROCK_VOUCHER_9500,931.0,15.0,,,,,932,15,,,,,931.5,0.0
0,31300,VOLCANIC_ROCK_VOUCHER_9500,923.0,15.0,,,,,924,15,,,,,923.5,0.0
0,31400,VOLCANIC_ROCK_VOUCHER_9500,925.0,14.0,,,,,927,14,,,,,926.0,0.0
0,31500,VOLCANIC_ROCK_VOUCHER_9500,926.0,11.0,,,,,927,11,,,,,926.5,0.0
0,31600,VOLCANIC_ROCK_VOUCHER_9500,929.0,22.0,,,,,930,22,,,,,929.5,0.0
0,31700,VOLCANIC_ROCK_VOUCHER_9500,930.0,17.0,,,,,931,17,,,,,930.5,0.0
0,31800,VOLCANIC_ROCK_VOUCHER_9500,932.0,10.0,,,,,933,10,,,,,932.5,0.0
0,31900,VOLCANIC_ROCK_VOUCHER_9500,932.0,22.0,,,,,933,22,,,,,932.5,0.0
0,32000,VOLCANIC_ROCK_VOUCHER_9500,933.0,21.0,,,,,934,21,,,,,933.5,0.0
0,32100,VOLCANIC_ROCK_VOUCHER_9500,929.0,16.0,,,,,930,16,,,,,929.5,0.0
0,32200,VOLCANIC_ROCK_VOUCHER_9500,,,,,,,927,7,928.0,12.0,,,927.0,0.0
0,32300,VOLCANIC_ROCK_VOUCHER_9500,928.0,8.0,,,,,929,19,,,,,928.5,0.0
0,32400,VOLCANIC_ROCK_VOUCHER_9500,931.0,18.0,,,,,933,18,,,,,932.0,0.0
0,32500,VOLCANIC_ROCK_VOUCHER_9500,930.0,17.0,,,,,932,17,,,,,931.0,0.0
0,32600,VOLCANIC_ROCK_VOUCHER_9500,937.0,14.0,,,,,938,14,,,,,937.5,0.0
0,32700,VOLCANIC_ROCK_VOUCHER_9500,939.0,13.0,,,,,940,13,,,,,939.5,0.0
0,32800,VOLCANIC_ROCK_VOUCHER_9500,939.0,19.0,,,,,940,19,,,,,939.5,0.0
0,32900,VOLCANIC_ROCK_VOUCHER_9500,940.0,21.0,,,,,942,21,,,,,941.0,0.0
0,33000,VOLCANIC_ROCK_VOUCHER_9500,940.0,17.0,,,,,941,17,,,,,940.5,0.0
0,33100,VOLCANIC_ROCK_VOUCHER_9500,937.0,16.0,,,,,938,16,,,,,937.5,0.0
0,33200,VOLCANIC_ROCK_VOUCHER_9500,935.0,20.0,,,,,936,20,,,,,935.5,0.0
0,33300,VOLCANIC_ROCK_VOUCHER_9500,938.0,16.0,,,,,940,16,,,,,939.0,0.0
0,33400,VOLCANIC_ROCK_VOUCHER_9500,938.0,19.0,,,,,939,19,,,,,938.5,0.0
0,33500,VOLCANIC_ROCK_VOUCHER_9500,936.0,32.0,,,,,937,17,,,,,936.5,0.0
0,33600,VOLCANIC_ROCK_VOUCHER_9500,933.0,18.0,,,,,935,18,,,,,934.0,0.0
0,33700,VOLCANIC_ROCK_VOUCHER_9500,925.0,14.0,,,,,926,14,,,,,925.5,0.0
0,33800,VOLCANIC_ROCK_VOUCHER_9500,934.0,13.0,,,,,935,13,,,,,934.5,0.0
0,33900,VOLCANIC_ROCK_VOUCHER_9500,934.0,13.0,,,,,935,13,,,,,934.5,0.0
0,34000,VOLCANIC_ROCK_VOUCHER_9500,935.0,17.0,,,,,936,17,,,,,935.5,0.0
0,34100,VOLCANIC_ROCK_VOUCHER_9500,935.0,13.0,,,,,936,13,,,,,935.5,0.0
0,34200,VOLCANIC_ROCK_VOUCHER_9500,929.0,13.0,,,,,930,13,,,,,929.5,0.0
0,34300,VOLCANIC_ROCK_VOUCHER_9500,930.0,13.0,,,,,931,13,,,,,930.5,0.0
0,34400,VOLCANIC_ROCK_VOUCHER_9500,928.0,14.0,,,,,929,14,,,,,928.5,0.0
0,34500,VOLCANIC_ROCK_VOUCHER_9500,938.0,12.0,,,,,939,12,,,,,938.5,0.0
0,34600,VOLCANIC_ROCK_VOUCHER_9500,938.0,10.0,,,,,939,10,,,,,938.5,0.0
0,34700,VOLCANIC_ROCK_VOUCHER_9500,935.0,20.0,,,,,936,20,,,,,935.5,0.0
0,34800,VOLCANIC_ROCK_VOUCHER_9500,937.0,18.0,,,,,939,18,,,,,938.0,0.0
0,34900,VOLCANIC_ROCK_VOUCHER_9500,938.0,21.0,,,,,939,21,,,,,938.5,0.0
0,35000,VOLCANIC_ROCK_VOUCHER_9500,937.0,33.0,,,,,938,19,,,,,937.5,0.0
0,35100,VOLCANIC_ROCK_VOUCHER_9500,940.0,11.0,,,,,941,11,,,,,940.5,0.0
0,35200,VOLCANIC_ROCK_VOUCHER_9500,939.0,13.0,,,,,940,13,,,,,939.5,0.0
0,35300,VOLCANIC_ROCK_VOUCHER_9500,942.0,13.0,,,,,944,13,,,,,943.0,0.0
0,35400,VOLCANIC_ROCK_VOUCHER_9500,943.0,17.0,,,,,944,17,,,,,943.5,0.0
0,35500,VOLCANIC_ROCK_VOUCHER_9500,943.0,18.0,,,,,945,18,,,,,944.0,0.0
0,35600,VOLCANIC_ROCK_VOUCHER_9500,950.0,12.0,,,,,951,12,,,,,950.5,0.0
0,35700,VOLCANIC_ROCK_VOUCHER_9500,947.0,13.0,,,,,948,1,949.0,12.0,,,947.5,0.0
0,35800,VOLCANIC_ROCK_VOUCHER_9500,946.0,21.0,,,,,947,21,,,,,946.5,0.0
0,35900,VOLCANIC_ROCK_VOUCHER_9500,942.0,21.0,,,,,943,21,,,,,942.5,0.0
0,36000,VOLCANIC_ROCK_VOUCHER_9500,941.0,17.0,,,,,942,17,,,,,941.5,0.0
0,36100,VOLCANIC_ROCK_VOUCHER_9500,942.0,14.0,,,,,943,14,,,,,942.5,0.0
0,36200,VOLCANIC_ROCK_VOUCHER_9500,943.0,18.0,,,,,944,18,,,,,943.5,0.0
0,36300,VOLCANIC_ROCK_VOUCHER_9500,942.0,14.0,,,,,943,14,,,,,942.5,0.0
0,36400,VOLCANIC_ROCK_VOUCHER_9500,952.0,16.0,,,,,953,16,,,,,952.5,0.0
0,36500,VOLCANIC_ROCK_VOUCHER_9500,945.0,15.0,,,,,946,15,,,,,945.5,0.0
0,36600,VOLCANIC_ROCK_VOUCHER_9500,947.0,14.0,,,,,948,14,,,,,947.5,0.0
0,36700,VOLCANIC_ROCK_VOUCHER_9500,949.0,16.0,,,,,951,16,,,,,950.0,0.0
0,36800,VOLCANIC_ROCK_VOUCHER_9500,946.0,1.0,945.0,17.0,,,947,18,,,,,946.5,0.0
0,36900,VOLCANIC_ROCK_VOUCHER_9500,946.0,14.0,,,,,947,14,,,,,946.5,0.0
0,37000,VOLCANIC_ROCK_VOUCHER_9500,948.0,14.0,,,,,949,14,,,,,948.5,0.0
0,37100,VOLCANIC_ROCK_VOUCHER_9500,955.0,15.0,,,,,956,15,,,,,955.5,0.0
0,37200,VOLCANIC_ROCK_VOUCHER_9500,949.0,10.0,,,,,950,10,,,,,949.5,0.0
0,37300,VOLCANIC_ROCK_VOUCHER_9500,951.0,12.0,,,,,952,12,,,,,951.5,0.0
0,37400,VOLCANIC_ROCK_VOUCHER_9500,956.0,15.0,,,,,957,15,,,,,956.5,0.0
0,37500,VOLCANIC_ROCK_VOUCHER_9500,957.0,12.0,,,,,958,12,,,,,957.5,0.0
0,37600,VOLCANIC_ROCK_VOUCHER_9500,957.0,21.0,,,,,958,21,,,,,957.5,0.0
0,37700,VOLCANIC_ROCK_VOUCHER_9500,957.0,21.0,,,,,958,21,,,,,957.5,0.0
0,37800,VOLCANIC_ROCK_VOUCHER_9500,955.0,22.0,,,,,956,22,,,,,955.5,0.0
0,37900,VOLCANIC_ROCK_VOUCHER_9500,951.0,12.0,,,,,953,12,,,,,952.0,0.0
0,38000,VOLCANIC_ROCK_VOUCHER_9500,950.0,15.0,,,,,951,15,,,,,950.5,0.0
0,38100,VOLCANIC_ROCK_VOUCHER_9500,948.0,20.0,,,,,949,20,,,,,948.5,0.0
0,38200,VOLCANIC_ROCK_VOUCHER_9500,945.0,20.0,,,,,946,20,,,,,945.5,0.0
0,38300,VOLCANIC_ROCK_VOUCHER_9500,951.0,20.0,,,,,952,20,,,,,951.5,0.0
0,38400,VOLCANIC_ROCK_VOUCHER_9500,952.0,10.0,,,,,953,10,,,,,952.5,0.0
0,38500,VOLCANIC_ROCK_VOUCHER_9500,953.0,19.0,,,,,954,19,,,,,953.5,0.0
0,38600,VOLCANIC_ROCK_VOUCHER_9500,947.0,13.0,,,,,948,13,,,,,947.5,0.0
0,38700,VOLCANIC_ROCK_VOUCHER_9500,947.0,36.0,,,,,948,21,,,,,947.5,0.0
0,38800,VOLCANIC_ROCK_VOUCHER_9500,946.0,14.0,,,,,947,14,,,,,946.5,0.0
0,38900,VOLCANIC_ROCK_VOUCHER_9500,944.0,21.0,,,,,946,21,,,,,945.0,0.0
0,39000,VOLCANIC_ROCK_VOUCHER_9500,941.0,10.0,,,,,943,10,,,,,942.0,0.0
0,39100,VOLCANIC_ROCK_VOUCHER_9500,946.0,20.0,,,,,947,20,,,,,946.5,0.0
0,39200,VOLCANIC_ROCK_VOUCHER_9500,952.0,19.0,,,,,954,19,,,,,953.0,0.0
0,39300,VOLCANIC_ROCK_VOUCHER_9500,957.0,16.0,956.0,14.0,,,958,14,,,,,957.5,0.0
0,39400,VOLCANIC_ROCK_VOUCHER_9500,955.0,34.0,,,,,956,18,,,,,955.5,0.0
0,39500,VOLCANIC_ROCK_VOUCHER_9500,954.0,13.0,,,,,955,13,,,,,954.5,0.0
0,39600,VOLCANIC_ROCK_VOUCHER_9500,953.0,26.0,,,,,954,11,,,,,953.5,0.0
0,39700,VOLCANIC_ROCK_VOUCHER_9500,953.0,10.0,,,,,955,10,,,,,954.0,0.0
0,39800,VOLCANIC_ROCK_VOUCHER_9500,948.0,12.0,,,,,949,12,,,,,948.5,0.0
0,39900,VOLCANIC_ROCK_VOUCHER_9500,950.0,22.0,,,,,952,22,,,,,951.0,0.0
0,40000,VOLCANIC_ROCK_VOUCHER_9500,949.0,28.0,,,,,950,14,,,,,949.5,0.0
0,40100,VOLCANIC_ROCK_VOUCHER_9500,948.0,16.0,,,,,949,16,,,,,948.5,0.0
0,40200,VOLCANIC_ROCK_VOUCHER_9500,948.0,3.0,,,,,949,15,,,,,948.5,0.0
0,40300,VOLCANIC_ROCK_VOUCHER_9500,944.0,17.0,,,,,946,17,,,,,945.0,0.0
0,40400,VOLCANIC_ROCK_VOUCHER_9500,945.0,16.0,,,,,946,16,,,,,945.5,0.0
0,40500,VOLCANIC_ROCK_VOUCHER_9500,941.0,17.0,,,,,942,17,,,,,941.5,0.0
0,40600,VOLCANIC_ROCK_VOUCHER_9500,937.0,10.0,,,,,938,21,,,,,937.5,0.0
0,40700,VOLCANIC_ROCK_VOUCHER_9500,937.0,21.0,,,,,938,21,,,,,937.5,0.0
0,40800,VOLCANIC_ROCK_VOUCHER_9500,935.0,15.0,,,,,936,15,,,,,935.5,0.0
0,40900,VOLCANIC_ROCK_VOUCHER_9500,,,,,,,934,3,935.0,13.0,,,934.0,0.0
0,41000,VOLCANIC_ROCK_VOUCHER_9500,937.0,18.0,,,,,938,18,,,,,937.5,0.0
0,41100,VOLCANIC_ROCK_VOUCHER_9500,,,,,,,931,1,932.0,19.0,,,931.0,0.0
0,41200,VOLCANIC_ROCK_VOUCHER_9500,931.0,14.0,,,,,932,14,,,,,931.5,0.0
0,41300,VOLCANIC_ROCK_VOUCHER_9500,930.0,12.0,,,,,931,12,,,,,930.5,0.0
0,41400,VOLCANIC_ROCK_VOUCHER_9500,,,,,,,935,4,937.0,15.0,,,935.0,0.0
0,41500,VOLCANIC_ROCK_VOUCHER_9500,937.0,16.0,,,,,938,16,,,,,937.5,0.0
0,41600,VOLCANIC_ROCK_VOUCHER_9500,931.0,15.0,,,,,933,15,,,,,932.0,0.0
0,41700,VOLCANIC_ROCK_VOUCHER_9500,933.0,3.0,,,,,934,15,,,,,933.5,0.0
0,41800,VOLCANIC_ROCK_VOUCHER_9500,931.0,17.0,,,,,932,17,,,,,931.5,0.0
0,41900,VOLCANIC_ROCK_VOUCHER_9500,925.0,16.0,,,,,926,16,,,,,925.5,0.0
0,42000,VOLCANIC_ROCK_VOUCHER_9500,928.0,12.0,,,,,929,16,930.0,14.0,,,928.5,0.0
0,42100,VOLCANIC_ROCK_VOUCHER_9500,923.0,14.0,,,,,924,14,,,,,923.5,0.0
0,42200,VOLCANIC_ROCK_VOUCHER_9500,921.0,23.0,,,,,923,10,,,,,922.0,0.0
0,42300,VOLCANIC_ROCK_VOUCHER_9500,924.0,19.0,,,,,925,19,,,,,924.5,0.0
0,42400,VOLCANIC_ROCK_VOUCHER_9500,924.0,3.0,,,,,925,15,,,,,924.5,0.0
0,42500,VOLCANIC_ROCK_VOUCHER_9500,925.0,12.0,,,,,926,12,,,,,925.5,0.0
0,42600,VOLCANIC_ROCK_VOUCHER_9500,919.0,12.0,,,,,920,12,,,,,919.5,0.0
0,42700,VOLCANIC_ROCK_VOUCHER_9500,914.0,12.0,,,,,915,2,916.0,10.0,,,914.5,0.0
0,42800,VOLCANIC_ROCK_VOUCHER_9500,913.0,13.0,,,,,914,13,,,,,913.5,0.0
0,42900,VOLCANIC_ROCK_VOUCHER_9500,914.0,19.0,,,,,915,19,,,,,914.5,0.0
0,43000,VOLCANIC_ROCK_VOUCHER_9500,914.0,16.0,,,,,915,16,,,,,914.5,0.0
0,43100,VOLCANIC_ROCK_VOUCHER_9500,914.0,15.0,,,,,915,15,,,,,914.5,0.0
0,43200,VOLCANIC_ROCK_VOUCHER_9500,916.0,14.0,,,,,917,14,,,,,916.5,0.0
0,43300,VOLCANIC_ROCK_VOUCHER_9500,918.0,17.0,,,,,919,17,,,,,918.5,0.0
0,43400,VOLCANIC_ROCK_VOUCHER_9500,915.0,12.0,,,,,917,12,,,,,916.0,0.0
0,43500,VOLCANIC_ROCK_VOUCHER_9500,916.0,15.0,,,,,917,15,,,,,916.5,0.0
0,43600,VOLCANIC_ROCK_VOUCHER_9500,917.0,10.0,,,,,919,10,,,,,918.0,0.0
0,43700,VOLCANIC_ROCK_VOUCHER_9500,919.0,15.0,,,,,920,15,,,,,919.5,0.0
0,43800,VOLCANIC_ROCK_VOUCHER_9500,917.0,18.0,,,,,918,18,,,,,917.5,0.0
0,43900,VOLCANIC_ROCK_VOUCHER_9500,919.0,14.0,,,,,920,14,,,,,919.5,0.0
0,44000,VOLCANIC_ROCK_VOUCHER_9500,924.0,16.0,,,,,925,16,,,,,924.5,0.0
0,44100,VOLCANIC_ROCK_VOUCHER_9500,919.0,22.0,,,,,920,22,,,,,919.5,0.0
0,44200,VOLCANIC_ROCK_VOUCHER_9500,913.0,13.0,,,,,914,13,,,,,913.5,0.0
0,44300,VOLCANIC_ROCK_VOUCHER_9500,918.0,11.0,,,,,919,11,,,,,918.5,0.0
0,44400,VOLCANIC_ROCK_VOUCHER_9500,919.0,20.0,,,,,920,20,,,,,919.5,0.0
0,44500,VOLCANIC_ROCK_VOUCHER_9500,925.0,12.0,,,,,926,12,,,,,925.5,0.0
0,44600,VOLCANIC_ROCK_VOUCHER_9500,924.0,12.0,,,,,925,12,,,,,924.5,0.0
0,44700,VOLCANIC_ROCK_VOUCHER_9500,921.0,21.0,,,,,922,21,,,,,921.5,0.0
0,44800,VOLCANIC_ROCK_VOUCHER_9500,920.0,18.0,,,,,921,18,,,,,920.5,0.0
0,44900,VOLCANIC_ROCK_VOUCHER_9500,920.0,14.0,,,,,921,14,,,,,920.5,0.0
0,45000,VOLCANIC_ROCK_VOUCHER_9500,918.0,19.0,,,,,919,19,,,,,918.5,0.0
0,45100,VOLCANIC_ROCK_VOUCHER_9500,917.0,22.0,,,,,918,22,,,,,917.5,0.0
0,45200,VOLCANIC_ROCK_VOUCHER_9500,924.0,19.0,,,,,925,19,,,,,924.5,0.0
0,45300,VOLCANIC_ROCK_VOUCHER_9500,923.0,11.0,,,,,924,11,,,,,923.5,0.0
0,45400,VOLCANIC_ROCK_VOUCHER_9500,917.0,21.0,,,,,918,21,,,,,917.5,0.0
0,45500,VOLCANIC_ROCK_VOUCHER_9500,919.0,16.0,,,,,920,16,,,,,919.5,0.0
0,45600,VOLCANIC_ROCK_VOUCHER_9500,922.0,18.0,,,,,923,18,,,,,922.5,0.0
0,45700,VOLCANIC_ROCK_VOUCHER_9500,917.0,20.0,,,,,919,20,,,,,918.0,0.0
0,45800,VOLCANIC_ROCK_VOUCHER_9500,920.0,13.0,,,,,921,13,,,,,920.5,0.0
0,45900,VOLCANIC_ROCK_VOUCHER_9500,919.0,15.0,,,,,920,15,,,,,919.5,0.0
0,46000,VOLCANIC_ROCK_VOUCHER_9500,917.0,20.0,,,,,918,20,,,,,917.5,0.0
0,46100,VOLCANIC_ROCK_VOUCHER_9500,920.0,15.0,,,,,921,16,922.0,15.0,,,920.5,0.0
0,46200,VOLCANIC_ROCK_VOUCHER_9500,917.0,16.0,,,,,918,16,,,,,917.5,0.0
0,46300,VOLCANIC_ROCK_VOUCHER_9500,919.0,19.0,,,,,920,19,,,,,919.5,0.0
0,46400,VOLCANIC_ROCK_VOUCHER_9500,921.0,14.0,,,,,922,14,,,,,921.5,0.0
0,46500,VOLCANIC_ROCK_VOUCHER_9500,923.0,14.0,,,,,924,14,,,,,923.5,0.0
0,46600,VOLCANIC_ROCK_VOUCHER_9500,933.0,18.0,,,,,934,18,,,,,933.5,0.0
0,46700,VOLCANIC_ROCK_VOUCHER_9500,930.0,1.0,,,,,931,17,,,,,930.5,0.0
0,46800,VOLCANIC_ROCK_VOUCHER_9500,926.0,21.0,,,,,927,21,,,,,926.5,0.0
0,46900,VOLCANIC_ROCK_VOUCHER_9500,920.0,18.0,,,,,921,18,,,,,920.5,0.0
0,47000,VOLCANIC_ROCK_VOUCHER_9500,919.0,18.0,,,,,920,18,,,,,919.5,0.0
0,47100,VOLCANIC_ROCK_VOUCHER_9500,918.0,18.0,,,,,919,18,,,,,918.5,0.0
0,47200,VOLCANIC_ROCK_VOUCHER_9500,918.0,19.0,,,,,919,19,,,,,918.5,0.0
0,47300,VOLCANIC_ROCK_VOUCHER_9500,916.0,11.0,,,,,918,11,,,,,917.0,0.0
0,47400,VOLCANIC_ROCK_VOUCHER_9500,918.0,15.0,,,,,919,15,,,,,918.5,0.0
0,47500,VOLCANIC_ROCK_VOUCHER_9500,917.0,19.0,,,,,918,19,,,,,917.5,0.0
0,47600,VOLCANIC_ROCK_VOUCHER_9500,913.0,15.0,,,,,915,15,,,,,914.0,0.0
0,47700,VOLCANIC_ROCK_VOUCHER_9500,916.0,15.0,,,,,917,15,,,,,916.5,0.0
0,47800,VOLCANIC_ROCK_VOUCHER_9500,914.0,11.0,,,,,915,11,,,,,914.5,0.0
0,47900,VOLCANIC_ROCK_VOUCHER_9500,911.0,11.0,,,,,912,11,,,,,911.5,0.0
0,48000,VOLCANIC_ROCK_VOUCHER_9500,912.0,20.0,,,,,913,20,,,,,912.5,0.0
0,48100,VOLCANIC_ROCK_VOUCHER_9500,901.0,12.0,,,,,903,12,,,,,902.0,0.0
0,48200,VOLCANIC_ROCK_VOUCHER_9500,900.0,18.0,,,,,901,18,,,,,900.5,0.0
0,48300,VOLCANIC_ROCK_VOUCHER_9500,,,,,,,906,5,907.0,15.0,,,906.0,0.0
0,48400,VOLCANIC_ROCK_VOUCHER_9500,908.0,10.0,,,,,909,10,,,,,908.5,0.0
0,48500,VOLCANIC_ROCK_VOUCHER_9500,907.0,16.0,,,,,908,16,,,,,907.5,0.0
0,48600,VOLCANIC_ROCK_VOUCHER_9500,904.0,14.0,,,,,905,16,906.0,14.0,,,904.5,0.0
0,48700,VOLCANIC_ROCK_VOUCHER_9500,902.0,11.0,,,,,903,11,,,,,902.5,0.0
0,48800,VOLCANIC_ROCK_VOUCHER_9500,897.0,12.0,,,,,898,12,,,,,897.5,0.0
0,48900,VOLCANIC_ROCK_VOUCHER_9500,894.0,15.0,,,,,895,15,,,,,894.5,0.0
0,49000,VOLCANIC_ROCK_VOUCHER_9500,892.0,11.0,,,,,893,11,,,,,892.5,0.0
0,49100,VOLCANIC_ROCK_VOUCHER_9500,887.0,15.0,,,,,888,15,,,,,887.5,0.0
0,49200,VOLCANIC_ROCK_VOUCHER_9500,899.0,18.0,,,,,900,18,,,,,899.5,0.0
0,49300,VOLCANIC_ROCK_VOUCHER_9500,900.0,16.0,,,,,901,16,,,,,900.5,0.0
0,49400,VOLCANIC_ROCK_VOUCHER_9500,896.0,14.0,,,,,897,14,,,,,896.5,0.0
0,49500,VOLCANIC_ROCK_VOUCHER_9500,893.0,10.0,,,,,894,10,,,,,893.5,0.0
0,49600,VOLCANIC_ROCK_VOUCHER_9500,891.0,20.0,,,,,893,20,,,,,892.0,0.0
0,49700,VOLCANIC_ROCK_VOUCHER_9500,891.0,18.0,,,,,892,18,,,,,891.5,0.0
0,49800,VOLCANIC_ROCK_VOUCHER_9500,881.0,18.0,,,,,883,18,,,,,882.0,0.0
0,49900,VOLCANIC_ROCK_VOUCHER_9500,890.0,15.0,,,,,892,15,,,,,891.0,0.0
0,50000,VOLCANIC_ROCK_VOUCHER_9500,888.0,13.0,,,,,889,13,,,,,888.5,0.0
0,50100,VOLCANIC_ROCK_VOUCHER_9500,884.0,21.0,,,,,885,21,,,,,884.5,0.0
0,50200,VOLCANIC_ROCK_VOUCHER_9500,882.0,12.0,,,,,883,12,,,,,882.5,0.0
0,50300,VOLCANIC_ROCK_VOUCHER_9500,881.0,13.0,,,,,882,13,,,,,881.5,0.0
0,50400,VOLCANIC_ROCK_VOUCHER_9500,886.0,33.0,,,,,887,17,,,,,886.5,0.0
0,50500,VOLCANIC_ROCK_VOUCHER_9500,889.0,20.0,,,,,890,20,,,,,889.5,0.0
0,50600,VOLCANIC_ROCK_VOUCHER_9500,885.0,13.0,,,,,886,13,,,,,885.5,0.0
0,50700,VOLCANIC_ROCK_VOUCHER_9500,891.0,15.0,,,,,892,15,,,,,891.5,0.0
0,50800,VOLCANIC_ROCK_VOUCHER_9500,902.0,16.0,,,,,904,16,,,,,903.0,0.0
0,50900,VOLCANIC_ROCK_VOUCHER_9500,901.0,21.0,,,,,902,21,,,,,901.5,0.0
0,51000,VOLCANIC_ROCK_VOUCHER_9500,902.0,21.0,,,,,903,21,,,,,902.5,0.0
0,51100,VOLCANIC_ROCK_VOUCHER_9500,906.0,19.0,,,,,907,19,,,,,906.5,0.0
0,51200,VOLCANIC_ROCK_VOUCHER_9500,915.0,19.0,,,,,916,19,,,,,915.5,0.0
0,51300,VOLCANIC_ROCK_VOUCHER_9500,911.0,21.0,,,,,913,21,,,,,912.0,0.0
0,51400,VOLCANIC_ROCK_VOUCHER_9500,912.0,17.0,,,,,913,17,,,,,912.5,0.0
0,51500,VOLCANIC_ROCK_VOUCHER_9500,904.0,2.0,903.0,13.0,,,905,15,,,,,904.5,0.0
0,51600,VOLCANIC_ROCK_VOUCHER_9500,905.0,20.0,,,,,906,20,,,,,905.5,0.0
0,51700,VOLCANIC_ROCK_VOUCHER_9500,913.0,1.0,,,,,914,19,,,,,913.5,0.0
0,51800,VOLCANIC_ROCK_VOUCHER_9500,917.0,31.0,,,,,918,17,,,,,917.5,0.0
0,51900,VOLCANIC_ROCK_VOUCHER_9500,914.0,13.0,,,,,916,13,,,,,915.0,0.0
0,52000,VOLCANIC_ROCK_VOUCHER_9500,908.0,21.0,,,,,909,21,,,,,908.5,0.0
0,52100,VOLCANIC_ROCK_VOUCHER_9500,915.0,14.0,,,,,916,14,,,,,915.5,0.0
0,52200,VOLCANIC_ROCK_VOUCHER_9500,917.0,11.0,,,,,919,11,,,,,918.0,0.0
0,52300,VOLCANIC_ROCK_VOUCHER_9500,914.0,16.0,,,,,915,16,,,,,914.5,0.0
0,52400,VOLCANIC_ROCK_VOUCHER_9500,903.0,13.0,,,,,904,13,,,,,903.5,0.0
0,52500,VOLCANIC_ROCK_VOUCHER_9500,906.0,21.0,,,,,908,21,,,,,907.0,0.0
0,52600,VOLCANIC_ROCK_VOUCHER_9500,907.0,19.0,,,,,908,19,,,,,907.5,0.0
0,52700,VOLCANIC_ROCK_VOUCHER_9500,906.0,12.0,,,,,907,12,,,,,906.5,0.0
0,52800,VOLCANIC_ROCK_VOUCHER_9500,908.0,12.0,,,,,909,12,,,,,908.5,0.0
0,52900,VOLCANIC_ROCK_VOUCHER_9500,902.0,15.0,,,,,903,15,,,,,902.5,0.0
0,53000,VOLCANIC_ROCK_VOUCHER_9500,898.0,18.0,,,,,899,18,,,,,898.5,0.0
0,53100,VOLCANIC_ROCK_VOUCHER_9500,896.0,15.0,,,,,897,15,,,,,896.5,0.0
0,53200,VOLCANIC_ROCK_VOUCHER_9500,895.0,17.0,,,,,896,17,,,,,895.5,0.0
0,53300,VOLCANIC_ROCK_VOUCHER_9500,894.0,1.0,893.0,10.0,,,895,11,,,,,894.5,0.0
0,53400,VOLCANIC_ROCK_VOUCHER_9500,892.0,18.0,,,,,893,18,,,,,892.5,0.0
0,53500,VOLCANIC_ROCK_VOUCHER_9500,891.0,14.0,,,,,893,14,,,,,892.0,0.0
0,53600,VOLCANIC_ROCK_VOUCHER_9500,887.0,13.0,,,,,888,13,,,,,887.5,0.0
0,53700,VOLCANIC_ROCK_VOUCHER_9500,889.0,21.0,,,,,890,21,,,,,889.5,0.0
0,53800,VOLCANIC_ROCK_VOUCHER_9500,896.0,13.0,,,,,898,13,,,,,897.0,0.0
0,53900,VOLCANIC_ROCK_VOUCHER_9500,896.0,17.0,,,,,897,17,,,,,896.5,0.0
0,54000,VOLCANIC_ROCK_VOUCHER_9500,896.0,15.0,,,,,897,15,,,,,896.5,0.0
0,54100,VOLCANIC_ROCK_VOUCHER_9500,896.0,23.0,,,,,897,11,,,,,896.5,0.0
0,54200,VOLCANIC_ROCK_VOUCHER_9500,896.0,13.0,,,,,897,13,,,,,896.5,0.0
0,54300,VOLCANIC_ROCK_VOUCHER_9500,906.0,15.0,,,,,907,15,,,,,906.5,0.0
0,54400,VOLCANIC_ROCK_VOUCHER_9500,906.0,17.0,,,,,907,17,,,,,906.5,0.0
0,54500,VOLCANIC_ROCK_VOUCHER_9500,906.0,4.0,,,,,907,15,,,,,906.5,0.0
0,54600,VOLCANIC_ROCK_VOUCHER_9500,904.0,14.0,,,,,905,14,,,,,904.5,0.0
0,54700,VOLCANIC_ROCK_VOUCHER_9500,897.0,17.0,,,,,898,17,,,,,897.5,0.0
0,54800,VOLCANIC_ROCK_VOUCHER_9500,895.0,26.0,,,,,896,14,,,,,895.5,0.0
0,54900,VOLCANIC_ROCK_VOUCHER_9500,893.0,12.0,,,,,894,12,,,,,893.5,0.0
0,55000,VOLCANIC_ROCK_VOUCHER_9500,893.0,13.0,,,,,894,13,,,,,893.5,0.0
0,55100,VOLCANIC_ROCK_VOUCHER_9500,892.0,20.0,,,,,893,20,,,,,892.5,0.0
0,55200,VOLCANIC_ROCK_VOUCHER_9500,891.0,12.0,,,,,892,12,,,,,891.5,0.0
0,55300,VOLCANIC_ROCK_VOUCHER_9500,887.0,16.0,,,,,888,16,,,,,887.5,0.0
0,55400,VOLCANIC_ROCK_VOUCHER_9500,888.0,20.0,,,,,889,20,,,,,888.5,0.0
0,55500,VOLCANIC_ROCK_VOUCHER_9500,894.0,15.0,,,,,895,15,,,,,894.5,0.0
0,55600,VOLCANIC_ROCK_VOUCHER_9500,891.0,17.0,,,,,892,17,,,,,891.5,0.0
0,55700,VOLCANIC_ROCK_VOUCHER_9500,891.0,20.0,,,,,892,20,,,,,891.5,0.0
0,55800,VOLCANIC_ROCK_VOUCHER_9500,889.0,18.0,,,,,890,18,,,,,889.5,0.0
0,55900,VOLCANIC_ROCK_VOUCHER_9500,884.0,13.0,,,,,885,13,,,,,884.5,0.0
0,56000,VOLCANIC_ROCK_VOUCHER_9500,886.0,16.0,,,,,888,16,,,,,887.0,0.0
0,56100,VOLCANIC_ROCK_VOUCHER_9500,888.0,15.0,,,,,889,15,,,,,888.5,0.0
0,56200,VOLCANIC_ROCK_VOUCHER_9500,882.0,18.0,,,,,883,18,,,,,882.5,0.0
0,56300,VOLCANIC_ROCK_VOUCHER_9500,882.0,20.0,,,,,884,20,,,,,883.0,0.0
0,56400,VOLCANIC_ROCK_VOUCHER_9500,885.0,18.0,,,,,886,18,,,,,885.5,0.0
0,56500,VOLCANIC_ROCK_VOUCHER_9500,888.0,16.0,,,,,889,16,,,,,888.5,0.0
0,56600,VOLCANIC_ROCK_VOUCHER_9500,881.0,31.0,,,,,882,17,,,,,881.5,0.0
0,56700,VOLCANIC_ROCK_VOUCHER_9500,877.0,15.0,,,,,878,15,,,,,877.5,0.0
0,56800,VOLCANIC_ROCK_VOUCHER_9500,872.0,14.0,,,,,873,14,,,,,872.5,0.0
0,56900,VOLCANIC_ROCK_VOUCHER_9500,872.0,14.0,,,,,873,14,,,,,872.5,0.0
0,57000,VOLCANIC_ROCK_VOUCHER_9500,873.0,26.0,,,,,874,12,,,,,873.5,0.0
0,57100,VOLCANIC_ROCK_VOUCHER_9500,879.0,20.0,,,,,881,20,,,,,880.0,0.0
0,57200,VOLCANIC_ROCK_VOUCHER_9500,880.0,12.0,,,,,881,12,,,,,880.5,0.0
0,57300,VOLCANIC_ROCK_VOUCHER_9500,880.0,22.0,,,,,881,11,,,,,880.5,0.0
0,57400,VOLCANIC_ROCK_VOUCHER_9500,878.0,16.0,,,,,880,16,,,,,879.0,0.0
0,57500,VOLCANIC_ROCK_VOUCHER_9500,885.0,11.0,,,,,886,11,,,,,885.5,0.0
0,57600,VOLCANIC_ROCK_VOUCHER_9500,892.0,16.0,,,,,893,16,,,,,892.5,0.0
0,57700,VOLCANIC_ROCK_VOUCHER_9500,896.0,17.0,,,,,897,17,,,,,896.5,0.0
0,57800,VOLCANIC_ROCK_VOUCHER_9500,891.0,14.0,,,,,892,14,,,,,891.5,0.0
0,57900,VOLCANIC_ROCK_VOUCHER_9500,892.0,12.0,,,,,893,12,,,,,892.5,0.0
0,58000,VOLCANIC_ROCK_VOUCHER_9500,886.0,14.0,,,,,887,14,,,,,886.5,0.0
0,58100,VOLCANIC_ROCK_VOUCHER_9500,889.0,20.0,,,,,890,20,,,,,889.5,0.0
0,58200,VOLCANIC_ROCK_VOUCHER_9500,889.0,17.0,,,,,890,17,,,,,889.5,0.0
0,58300,VOLCANIC_ROCK_VOUCHER_9500,888.0,17.0,,,,,889,17,,,,,888.5,0.0
0,58400,VOLCANIC_ROCK_VOUCHER_9500,890.0,6.0,,,,,891,20,,,,,890.5,0.0
0,58500,VOLCANIC_ROCK_VOUCHER_9500,887.0,18.0,,,,,888,18,,,,,887.5,0.0
0,58600,VOLCANIC_ROCK_VOUCHER_9500,884.0,20.0,,,,,885,20,,,,,884.5,0.0
0,58700,VOLCANIC_ROCK_VOUCHER_9500,885.0,17.0,,,,,886,17,,,,,885.5,0.0
0,58800,VOLCANIC_ROCK_VOUCHER_9500,889.0,24.0,,,,,890,12,,,,,889.5,0.0
0,58900,VOLCANIC_ROCK_VOUCHER_9500,889.0,16.0,,,,,890,16,,,,,889.5,0.0
0,59000,VOLCANIC_ROCK_VOUCHER_9500,887.0,11.0,,,,,889,11,,,,,888.0,0.0
0,59100,VOLCANIC_ROCK_VOUCHER_9500,892.0,10.0,,,,,893,10,,,,,892.5,0.0
0,59200,VOLCANIC_ROCK_VOUCHER_9500,901.0,19.0,,,,,902,19,,,,,901.5,0.0
0,59300,VOLCANIC_ROCK_VOUCHER_9500,898.0,22.0,,,,,899,22,,,,,898.5,0.0
0,59400,VOLCANIC_ROCK_VOUCHER_9500,896.0,11.0,,,,,897,11,,,,,896.5,0.0
0,59500,VOLCANIC_ROCK_VOUCHER_9500,897.0,19.0,,,,,898,19,,,,,897.5,0.0
0,59600,VOLCANIC_ROCK_VOUCHER_9500,898.0,11.0,,,,,899,11,,,,,898.5,0.0
0,59700,VOLCANIC_ROCK_VOUCHER_9500,896.0,17.0,,,,,897,17,,,,,896.5,0.0
0,59800,VOLCANIC_ROCK_VOUCHER_9500,900.0,1.0,,,,,901,20,,,,,900.5,0.0
0,59900,VOLCANIC_ROCK_VOUCHER_9500,898.0,13.0,,,,,899,13,,,,,898.5,0.0
0,60000,VOLCANIC_ROCK_VOUCHER_9500,895.0,21.0,,,,,896,21,,,,,895.5,0.0
0,60100,VOLCANIC_ROCK_VOUCHER_9500,892.0,19.0,,,,,893,19,,,,,892.5,0.0
0,60200,VOLCANIC_ROCK_VOUCHER_9500,895.0,21.0,,,,,896,21,,,,,895.5,0.0
0,60300,VOLCANIC_ROCK_VOUCHER_9500,902.0,21.0,,,,,903,21,,,,,902.5,0.0
0,60400,VOLCANIC_ROCK_VOUCHER_9500,904.0,16.0,,,,,905,16,,,,,904.5,0.0
0,60500,VOLCANIC_ROCK_VOUCHER_9500,906.0,15.0,,,,,907,15,,,,,906.5,0.0
0,60600,VOLCANIC_ROCK_VOUCHER_9500,908.0,18.0,,,,,910,18,,,,,909.0,0.0
0,60700,VOLCANIC_ROCK_VOUCHER_9500,907.0,13.0,,,,,908,13,,,,,907.5,0.0
0,60800,VOLCANIC_ROCK_VOUCHER_9500,909.0,17.0,,,,,911,17,,,,,910.0,0.0
0,60900,VOLCANIC_ROCK_VOUCHER_9500,915.0,18.0,,,,,916,18,,,,,915.5,0.0
0,61000,VOLCANIC_ROCK_VOUCHER_9500,911.0,14.0,,,,,912,14,,,,,911.5,0.0
0,61100,VOLCANIC_ROCK_VOUCHER_9500,907.0,19.0,,,,,908,13,,,,,907.5,0.0
0,61200,VOLCANIC_ROCK_VOUCHER_9500,903.0,18.0,,,,,904,18,,,,,903.5,0.0
0,61300,VOLCANIC_ROCK_VOUCHER_9500,904.0,18.0,,,,,906,18,,,,,905.0,0.0
0,61400,VOLCANIC_ROCK_VOUCHER_9500,908.0,12.0,,,,,909,12,,,,,908.5,0.0
0,61500,VOLCANIC_ROCK_VOUCHER_9500,914.0,15.0,,,,,915,15,,,,,914.5,0.0
0,61600,VOLCANIC_ROCK_VOUCHER_9500,907.0,11.0,,,,,909,11,,,,,908.0,0.0
0,61700,VOLCANIC_ROCK_VOUCHER_9500,903.0,3.0,,,,,904,1,905.0,12.0,,,903.5,0.0
0,61800,VOLCANIC_ROCK_VOUCHER_9500,905.0,18.0,,,,,907,18,,,,,906.0,0.0
0,61900,VOLCANIC_ROCK_VOUCHER_9500,901.0,15.0,,,,,902,15,,,,,901.5,0.0
0,62000,VOLCANIC_ROCK_VOUCHER_9500,905.0,3.0,,,,,906,20,,,,,905.5,0.0
0,62100,VOLCANIC_ROCK_VOUCHER_9500,907.0,21.0,,,,,908,21,,,,,907.5,0.0
0,62200,VOLCANIC_ROCK_VOUCHER_9500,902.0,19.0,,,,,904,19,,,,,903.0,0.0
0,62300,VOLCANIC_ROCK_VOUCHER_9500,902.0,16.0,,,,,903,16,,,,,902.5,0.0
0,62400,VOLCANIC_ROCK_VOUCHER_9500,898.0,18.0,,,,,899,18,,,,,898.5,0.0
0,62500,VOLCANIC_ROCK_VOUCHER_9500,899.0,22.0,,,,,900,22,,,,,899.5,0.0
0,62600,VOLCANIC_ROCK_VOUCHER_9500,907.0,2.0,,,,,908,12,,,,,907.5,0.0
0,62700,VOLCANIC_ROCK_VOUCHER_9500,914.0,14.0,,,,,915,14,,,,,914.5,0.0
0,62800,VOLCANIC_ROCK_VOUCHER_9500,913.0,14.0,,,,,914,14,,,,,913.5,0.0
0,62900,VOLCANIC_ROCK_VOUCHER_9500,912.0,14.0,,,,,913,14,,,,,912.5,0.0
0,63000,VOLCANIC_ROCK_VOUCHER_9500,904.0,20.0,,,,,905,20,,,,,904.5,0.0
0,63100,VOLCANIC_ROCK_VOUCHER_9500,909.0,19.0,,,,,911,19,,,,,910.0,0.0
0,63200,VOLCANIC_ROCK_VOUCHER_9500,908.0,15.0,,,,,909,15,,,,,908.5,0.0
0,63300,VOLCANIC_ROCK_VOUCHER_9500,909.0,20.0,,,,,910,20,,,,,909.5,0.0
0,63400,VOLCANIC_ROCK_VOUCHER_9500,,,,,,,908,3,909.0,11.0,,,908.0,0.0
0,63500,VOLCANIC_ROCK_VOUCHER_9500,910.0,14.0,,,,,911,14,,,,,910.5,0.0
0,63600,VOLCANIC_ROCK_VOUCHER_9500,906.0,35.0,,,,,907,17,,,,,906.5,0.0
0,63700,VOLCANIC_ROCK_VOUCHER_9500,909.0,18.0,,,,,910,18,,,,,909.5,0.0
0,63800,VOLCANIC_ROCK_VOUCHER_9500,905.0,16.0,,,,,906,16,,,,,905.5,0.0
0,63900,VOLCANIC_ROCK_VOUCHER_9500,907.0,13.0,,,,,909,13,,,,,908.0,0.0
0,64000,VOLCANIC_ROCK_VOUCHER_9500,911.0,18.0,,,,,913,18,,,,,912.0,0.0
0,64100,VOLCANIC_ROCK_VOUCHER_9500,909.0,11.0,,,,,910,11,,,,,909.5,0.0
0,64200,VOLCANIC_ROCK_VOUCHER_9500,895.0,12.0,,,,,896,12,,,,,895.5,0.0
0,64300,VOLCANIC_ROCK_VOUCHER_9500,890.0,37.0,,,,,891,19,,,,,890.5,0.0
0,64400,VOLCANIC_ROCK_VOUCHER_9500,896.0,17.0,,,,,897,17,,,,,896.5,0.0
0,64500,VOLCANIC_ROCK_VOUCHER_9500,897.0,12.0,,,,,898,12,,,,,897.5,0.0
0,64600,VOLCANIC_ROCK_VOUCHER_9500,898.0,20.0,,,,,899,20,,,,,898.5,0.0
0,64700,VOLCANIC_ROCK_VOUCHER_9500,892.0,13.0,,,,,893,13,,,,,892.5,0.0
0,64800,VOLCANIC_ROCK_VOUCHER_9500,888.0,12.0,,,,,889,12,,,,,888.5,0.0
0,64900,VOLCANIC_ROCK_VOUCHER_9500,883.0,15.0,,,,,885,15,,,,,884.0,0.0
0,65000,VOLCANIC_ROCK_VOUCHER_9500,890.0,16.0,,,,,891,16,,,,,890.5,0.0
0,65100,VOLCANIC_ROCK_VOUCHER_9500,887.0,21.0,,,,,888,21,,,,,887.5,0.0
0,65200,VOLCANIC_ROCK_VOUCHER_9500,893.0,12.0,,,,,894,12,,,,,893.5,0.0
0,65300,VOLCANIC_ROCK_VOUCHER_9500,892.0,7.0,,,,,893,21,,,,,892.5,0.0
0,65400,VOLCANIC_ROCK_VOUCHER_9500,887.0,18.0,,,,,888,18,,,,,887.5,0.0
0,65500,VOLCANIC_ROCK_VOUCHER_9500,892.0,20.0,,,,,893,20,,,,,892.5,0.0
0,65600,VOLCANIC_ROCK_VOUCHER_9500,888.0,18.0,,,,,889,18,,,,,888.5,0.0
0,65700,VOLCANIC_ROCK_VOUCHER_9500,886.0,12.0,,,,,887,12,,,,,886.5,0.0
0,65800,VOLCANIC_ROCK_VOUCHER_9500,885.0,10.0,,,,,886,10,,,,,885.5,0.0
0,65900,VOLCANIC_ROCK_VOUCHER_9500,,,,,,,895,4,896.0,12.0,,,895.0,0.0
0,66000,VOLCANIC_ROCK_VOUCHER_9500,893.0,20.0,,,,,894,20,,,,,893.5,0.0
0,66100,VOLCANIC_ROCK_VOUCHER_9500,892.0,12.0,,,,,893,12,,,,,892.5,0.0
0,66200,VOLCANIC_ROCK_VOUCHER_9500,890.0,20.0,,,,,891,20,,,,,890.5,0.0
0,66300,VOLCANIC_ROCK_VOUCHER_9500,889.0,18.0,,,,,890,18,,,,,889.5,0.0
0,66400,VOLCANIC_ROCK_VOUCHER_9500,892.0,17.0,,,,,893,17,,,,,892.5,0.0
0,66500,VOLCANIC_ROCK_VOUCHER_9500,895.0,16.0,,,,,896,16,,,,,895.5,0.0
0,66600,VOLCANIC_ROCK_VOUCHER_9500,895.0,16.0,,,,,896,16,,,,,895.5,0.0
0,66700,VOLCANIC_ROCK_VOUCHER_9500,894.0,21.0,,,,,895,10,,,,,894.5,0.0
0,66800,VOLCANIC_ROCK_VOUCHER_9500,903.0,12.0,,,,,905,12,,,,,904.0,0.0
0,66900,VOLCANIC_ROCK_VOUCHER_9500,907.0,20.0,,,,,908,20,,,,,907.5,0.0
0,67000,VOLCANIC_ROCK_VOUCHER_9500,910.0,12.0,,,,,912,12,,,,,911.0,0.0
0,67100,VOLCANIC_ROCK_VOUCHER_9500,913.0,13.0,,,,,914,13,,,,,913.5,0.0
0,67200,VOLCANIC_ROCK_VOUCHER_9500,918.0,13.0,,,,,920,13,,,,,919.0,0.0
0,67300,VOLCANIC_ROCK_VOUCHER_9500,921.0,33.0,,,,,922,18,,,,,921.5,0.0
0,67400,VOLCANIC_ROCK_VOUCHER_9500,922.0,14.0,,,,,923,14,,,,,922.5,0.0
0,67500,VOLCANIC_ROCK_VOUCHER_9500,920.0,21.0,,,,,921,21,,,,,920.5,0.0
0,67600,VOLCANIC_ROCK_VOUCHER_9500,918.0,21.0,,,,,919,12,,,,,918.5,0.0
0,67700,VOLCANIC_ROCK_VOUCHER_9500,914.0,13.0,,,,,915,13,,,,,914.5,0.0
0,67800,VOLCANIC_ROCK_VOUCHER_9500,911.0,14.0,,,,,912,14,,,,,911.5,0.0
0,67900,VOLCANIC_ROCK_VOUCHER_9500,916.0,21.0,,,,,917,21,,,,,916.5,0.0
0,68000,VOLCANIC_ROCK_VOUCHER_9500,915.0,15.0,,,,,916,15,,,,,915.5,0.0
0,68100,VOLCANIC_ROCK_VOUCHER_9500,911.0,14.0,,,,,912,14,,,,,911.5,0.0
0,68200,VOLCANIC_ROCK_VOUCHER_9500,906.0,21.0,,,,,907,21,,,,,906.5,0.0
0,68300,VOLCANIC_ROCK_VOUCHER_9500,906.0,21.0,,,,,907,21,,,,,906.5,0.0
0,68400,VOLCANIC_ROCK_VOUCHER_9500,911.0,10.0,,,,,912,10,,,,,911.5,0.0
0,68500,VOLCANIC_ROCK_VOUCHER_9500,908.0,12.0,,,,,909,12,,,,,908.5,0.0
0,68600,VOLCANIC_ROCK_VOUCHER_9500,912.0,20.0,,,,,913,20,,,,,912.5,0.0
0,68700,VOLCANIC_ROCK_VOUCHER_9500,913.0,16.0,,,,,914,16,,,,,913.5,0.0
0,68800,VOLCANIC_ROCK_VOUCHER_9500,918.0,14.0,,,,,919,14,,,,,918.5,0.0
0,68900,VOLCANIC_ROCK_VOUCHER_9500,929.0,15.0,,,,,930,15,,,,,929.5,0.0
0,69000,VOLCANIC_ROCK_VOUCHER_9500,927.0,21.0,,,,,928,21,,,,,927.5,0.0
0,69100,VOLCANIC_ROCK_VOUCHER_9500,934.0,12.0,,,,,935,12,,,,,934.5,0.0
0,69200,VOLCANIC_ROCK_VOUCHER_9500,934.0,12.0,,,,,935,12,,,,,934.5,0.0
0,69300,VOLCANIC_ROCK_VOUCHER_9500,929.0,13.0,,,,,930,13,,,,,929.5,0.0
0,69400,VOLCANIC_ROCK_VOUCHER_9500,935.0,20.0,,,,,936,20,,,,,935.5,0.0
0,69500,VOLCANIC_ROCK_VOUCHER_9500,928.0,3.0,,,,,929,14,,,,,928.5,0.0
0,69600,VOLCANIC_ROCK_VOUCHER_9500,929.0,11.0,,,,,930,11,,,,,929.5,0.0
0,69700,VOLCANIC_ROCK_VOUCHER_9500,932.0,22.0,,,,,933,22,,,,,932.5,0.0
0,69800,VOLCANIC_ROCK_VOUCHER_9500,930.0,2.0,,,,,931,17,,,,,930.5,0.0
0,69900,VOLCANIC_ROCK_VOUCHER_9500,940.0,18.0,,,,,941,18,,,,,940.5,0.0
0,70000,VOLCANIC_ROCK_VOUCHER_9500,946.0,19.0,,,,,947,19,,,,,946.5,0.0
0,70100,VOLCANIC_ROCK_VOUCHER_9500,943.0,18.0,,,,,945,18,,,,,944.0,0.0
0,70200,VOLCANIC_ROCK_VOUCHER_9500,942.0,13.0,,,,,943,13,,,,,942.5,0.0
0,70300,VOLCANIC_ROCK_VOUCHER_9500,944.0,20.0,,,,,945,20,,,,,944.5,0.0
0,70400,VOLCANIC_ROCK_VOUCHER_9500,944.0,19.0,,,,,945,19,,,,,944.5,0.0
0,70500,VOLCANIC_ROCK_VOUCHER_9500,942.0,14.0,,,,,944,14,,,,,943.0,0.0
0,70600,VOLCANIC_ROCK_VOUCHER_9500,944.0,13.0,,,,,945,13,,,,,944.5,0.0
0,70700,VOLCANIC_ROCK_VOUCHER_9500,944.0,10.0,,,,,945,10,,,,,944.5,0.0
0,70800,VOLCANIC_ROCK_VOUCHER_9500,947.0,17.0,,,,,948,17,,,,,947.5,0.0
0,70900,VOLCANIC_ROCK_VOUCHER_9500,958.0,13.0,,,,,959,13,,,,,958.5,0.0
0,71000,VOLCANIC_ROCK_VOUCHER_9500,962.0,22.0,,,,,963,22,,,,,962.5,0.0
0,71100,VOLCANIC_ROCK_VOUCHER_9500,972.0,27.0,,,,,973,14,,,,,972.5,0.0
0,71200,VOLCANIC_ROCK_VOUCHER_9500,967.0,12.0,,,,,968,12,,,,,967.5,0.0
0,71300,VOLCANIC_ROCK_VOUCHER_9500,966.0,12.0,,,,,967,12,,,,,966.5,0.0
0,71400,VOLCANIC_ROCK_VOUCHER_9500,964.0,18.0,,,,,965,18,,,,,964.5,0.0
0,71500,VOLCANIC_ROCK_VOUCHER_9500,970.0,19.0,,,,,971,19,,,,,970.5,0.0
0,71600,VOLCANIC_ROCK_VOUCHER_9500,961.0,11.0,,,,,963,11,,,,,962.0,0.0
0,71700,VOLCANIC_ROCK_VOUCHER_9500,964.0,17.0,,,,,966,17,,,,,965.0,0.0
0,71800,VOLCANIC_ROCK_VOUCHER_9500,967.0,14.0,,,,,968,14,,,,,967.5,0.0
0,71900,VOLCANIC_ROCK_VOUCHER_9500,973.0,22.0,,,,,974,22,,,,,973.5,0.0
0,72000,VOLCANIC_ROCK_VOUCHER_9500,965.0,20.0,,,,,966,13,,,,,965.5,0.0
0,72100,VOLCANIC_ROCK_VOUCHER_9500,974.0,13.0,,,,,975,13,,,,,974.5,0.0
0,72200,VOLCANIC_ROCK_VOUCHER_9500,973.0,17.0,,,,,974,17,,,,,973.5,0.0
0,72300,VOLCANIC_ROCK_VOUCHER_9500,972.0,20.0,,,,,973,20,,,,,972.5,0.0
0,72400,VOLCANIC_ROCK_VOUCHER_9500,973.0,19.0,,,,,974,19,,,,,973.5,0.0
0,72500,VOLCANIC_ROCK_VOUCHER_9500,975.0,17.0,,,,,976,17,,,,,975.5,0.0
0,72600,VOLCANIC_ROCK_VOUCHER_9500,971.0,20.0,,,,,972,20,,,,,971.5,0.0
0,72700,VOLCANIC_ROCK_VOUCHER_9500,,,,,,,969,8,971.0,12.0,,,969.0,0.0
0,72800,VOLCANIC_ROCK_VOUCHER_9500,974.0,14.0,,,,,975,14,,,,,974.5,0.0
0,72900,VOLCANIC_ROCK_VOUCHER_9500,969.0,17.0,,,,,970,17,,,,,969.5,0.0
0,73000,VOLCANIC_ROCK_VOUCHER_9500,969.0,22.0,,,,,970,22,,,,,969.5,0.0
0,73100,VOLCANIC_ROCK_VOUCHER_9500,967.0,16.0,,,,,968,16,,,,,967.5,0.0
0,73200,VOLCANIC_ROCK_VOUCHER_9500,966.0,1.0,,,,,968,21,,,,,967.0,0.0
0,73300,VOLCANIC_ROCK_VOUCHER_9500,969.0,15.0,,,,,971,15,,,,,970.0,0.0
0,73400,VOLCANIC_ROCK_VOUCHER_9500,973.0,20.0,,,,,974,20,,,,,973.5,0.0
0,73500,VOLCANIC_ROCK_VOUCHER_9500,979.0,15.0,,,,,980,15,,,,,979.5,0.0
0,73600,VOLCANIC_ROCK_VOUCHER_9500,978.0,10.0,,,,,979,10,,,,,978.5,0.0
0,73700,VOLCANIC_ROCK_VOUCHER_9500,981.0,19.0,,,,,982,19,,,,,981.5,0.0
0,73800,VOLCANIC_ROCK_VOUCHER_9500,971.0,20.0,,,,,973,20,,,,,972.0,0.0
0,73900,VOLCANIC_ROCK_VOUCHER_9500,964.0,20.0,,,,,965,20,,,,,964.5,0.0
0,74000,VOLCANIC_ROCK_VOUCHER_9500,962.0,27.0,,,,,963,15,,,,,962.5,0.0
0,74100,VOLCANIC_ROCK_VOUCHER_9500,962.0,16.0,,,,,964,16,,,,,963.0,0.0
0,74200,VOLCANIC_ROCK_VOUCHER_9500,965.0,28.0,,,,,966,10,,,,,965.5,0.0
0,74300,VOLCANIC_ROCK_VOUCHER_9500,958.0,13.0,,,,,960,13,,,,,959.0,0.0
0,74400,VOLCANIC_ROCK_VOUCHER_9500,957.0,10.0,,,,,958,10,,,,,957.5,0.0
0,74500,VOLCANIC_ROCK_VOUCHER_9500,959.0,27.0,,,,,960,17,,,,,959.5,0.0
0,74600,VOLCANIC_ROCK_VOUCHER_9500,964.0,13.0,,,,,965,13,,,,,964.5,0.0
0,74700,VOLCANIC_ROCK_VOUCHER_9500,961.0,18.0,,,,,963,18,,,,,962.0,0.0
0,74800,VOLCANIC_ROCK_VOUCHER_9500,961.0,17.0,,,,,963,17,,,,,962.0,0.0
0,74900,VOLCANIC_ROCK_VOUCHER_9500,972.0,18.0,,,,,973,18,,,,,972.5,0.0
0,75000,VOLCANIC_ROCK_VOUCHER_9500,969.0,14.0,,,,,970,14,,,,,969.5,0.0
0,75100,VOLCANIC_ROCK_VOUCHER_9500,966.0,31.0,,,,,967,12,,,,,966.5,0.0
0,75200,VOLCANIC_ROCK_VOUCHER_9500,965.0,21.0,,,,,966,1,967.0,20.0,,,965.5,0.0
0,75300,VOLCANIC_ROCK_VOUCHER_9500,971.0,17.0,,,,,972,17,,,,,971.5,0.0
0,75400,VOLCANIC_ROCK_VOUCHER_9500,966.0,21.0,,,,,967,21,,,,,966.5,0.0
0,75500,VOLCANIC_ROCK_VOUCHER_9500,969.0,16.0,,,,,970,16,,,,,969.5,0.0
0,75600,VOLCANIC_ROCK_VOUCHER_9500,967.0,19.0,,,,,968,19,,,,,967.5,0.0
0,75700,VOLCANIC_ROCK_VOUCHER_9500,967.0,24.0,,,,,968,10,,,,,967.5,0.0
0,75800,VOLCANIC_ROCK_VOUCHER_9500,969.0,20.0,,,,,970,20,,,,,969.5,0.0
0,75900,VOLCANIC_ROCK_VOUCHER_9500,971.0,12.0,,,,,972,12,,,,,971.5,0.0
0,76000,VOLCANIC_ROCK_VOUCHER_9500,975.0,20.0,,,,,976,20,,,,,975.5,0.0
0,76100,VOLCANIC_ROCK_VOUCHER_9500,974.0,19.0,,,,,975,19,,,,,974.5,0.0
0,76200,VOLCANIC_ROCK_VOUCHER_9500,986.0,17.0,,,,,988,17,,,,,987.0,0.0
0,76300,VOLCANIC_ROCK_VOUCHER_9500,993.0,9.0,,,,,994,20,,,,,993.5,0.0
0,76400,VOLCANIC_ROCK_VOUCHER_9500,985.0,19.0,,,,,986,19,,,,,985.5,0.0
0,76500,VOLCANIC_ROCK_VOUCHER_9500,984.0,12.0,,,,,985,12,,,,,984.5,0.0
0,76600,VOLCANIC_ROCK_VOUCHER_9500,989.0,16.0,,,,,990,16,,,,,989.5,0.0
0,76700,VOLCANIC_ROCK_VOUCHER_9500,984.0,15.0,,,,,985,15,,,,,984.5,0.0
0,76800,VOLCANIC_ROCK_VOUCHER_9500,981.0,16.0,,,,,982,16,,,,,981.5,0.0
0,76900,VOLCANIC_ROCK_VOUCHER_9500,976.0,15.0,,,,,977,15,,,,,976.5,0.0
0,77000,VOLCANIC_ROCK_VOUCHER_9500,976.0,12.0,,,,,977,2,978.0,10.0,,,976.5,0.0
0,77100,VOLCANIC_ROCK_VOUCHER_9500,975.0,19.0,,,,,976,19,,,,,975.5,0.0
0,77200,VOLCANIC_ROCK_VOUCHER_9500,975.0,21.0,,,,,976,21,,,,,975.5,0.0
0,77300,VOLCANIC_ROCK_VOUCHER_9500,975.0,14.0,,,,,977,14,,,,,976.0,0.0
0,77400,VOLCANIC_ROCK_VOUCHER_9500,977.0,20.0,,,,,978,20,,,,,977.5,0.0
0,77500,VOLCANIC_ROCK_VOUCHER_9500,,,,,,,973,2,974.0,14.0,,,973.0,0.0
0,77600,VOLCANIC_ROCK_VOUCHER_9500,972.0,11.0,,,,,973,11,,,,,972.5,0.0
0,77700,VOLCANIC_ROCK_VOUCHER_9500,976.0,7.0,,,,,977,14,,,,,976.5,0.0
0,77800,VOLCANIC_ROCK_VOUCHER_9500,974.0,15.0,,,,,976,15,,,,,975.0,0.0
0,77900,VOLCANIC_ROCK_VOUCHER_9500,974.0,12.0,,,,,975,12,,,,,974.5,0.0
0,78000,VOLCANIC_ROCK_VOUCHER_9500,969.0,19.0,,,,,970,1,971.0,18.0,,,969.5,0.0
0,78100,VOLCANIC_ROCK_VOUCHER_9500,,,,,,,980,5,981.0,11.0,,,980.0,0.0
0,78200,VOLCANIC_ROCK_VOUCHER_9500,976.0,19.0,,,,,977,19,,,,,976.5,0.0
0,78300,VOLCANIC_ROCK_VOUCHER_9500,975.0,13.0,,,,,976,13,,,,,975.5,0.0
0,78400,VOLCANIC_ROCK_VOUCHER_9500,977.0,16.0,,,,,978,16,,,,,977.5,0.0
0,78500,VOLCANIC_ROCK_VOUCHER_9500,980.0,12.0,,,,,981,12,,,,,980.5,0.0
0,78600,VOLCANIC_ROCK_VOUCHER_9500,973.0,21.0,,,,,974,21,,,,,973.5,0.0
0,78700,VOLCANIC_ROCK_VOUCHER_9500,969.0,11.0,,,,,970,11,,,,,969.5,0.0
0,78800,VOLCANIC_ROCK_VOUCHER_9500,970.0,13.0,,,,,971,13,,,,,970.5,0.0
0,78900,VOLCANIC_ROCK_VOUCHER_9500,965.0,13.0,,,,,966,13,,,,,965.5,0.0
0,79000,VOLCANIC_ROCK_VOUCHER_9500,969.0,20.0,,,,,970,20,,,,,969.5,0.0
0,79100,VOLCANIC_ROCK_VOUCHER_9500,964.0,11.0,,,,,965,11,,,,,964.5,0.0
0,79200,VOLCANIC_ROCK_VOUCHER_9500,959.0,20.0,,,,,960,20,,,,,959.5,0.0
0,79300,VOLCANIC_ROCK_VOUCHER_9500,962.0,13.0,,,,,963,13,,,,,962.5,0.0
0,79400,VOLCANIC_ROCK_VOUCHER_9500,959.0,18.0,,,,,960,18,961.0,19.0,,,959.5,0.0
0,79500,VOLCANIC_ROCK_VOUCHER_9500,968.0,15.0,,,,,970,15,,,,,969.0,0.0
0,79600,VOLCANIC_ROCK_VOUCHER_9500,968.0,16.0,,,,,969,16,,,,,968.5,0.0
0,79700,VOLCANIC_ROCK_VOUCHER_9500,961.0,22.0,,,,,962,22,,,,,961.5,0.0
0,79800,VOLCANIC_ROCK_VOUCHER_9500,959.0,18.0,,,,,960,18,,,,,959.5,0.0
0,79900,VOLCANIC_ROCK_VOUCHER_9500,960.0,14.0,,,,,962,14,,,,,961.0,0.0
0,80000,VOLCANIC_ROCK_VOUCHER_9500,959.0,21.0,,,,,960,21,,,,,959.5,0.0
0,80100,VOLCANIC_ROCK_VOUCHER_9500,959.0,11.0,,,,,960,11,,,,,959.5,0.0
0,80200,VOLCANIC_ROCK_VOUCHER_9500,956.0,19.0,,,,,957,19,,,,,956.5,0.0
0,80300,VOLCANIC_ROCK_VOUCHER_9500,955.0,17.0,,,,,956,17,,,,,955.5,0.0
0,80400,VOLCANIC_ROCK_VOUCHER_9500,954.0,12.0,,,,,955,12,,,,,954.5,0.0
0,80500,VOLCANIC_ROCK_VOUCHER_9500,,,,,,,946,1,947.0,14.0,,,946.0,0.0
0,80600,VOLCANIC_ROCK_VOUCHER_9500,951.0,20.0,,,,,952,20,,,,,951.5,0.0
0,80700,VOLCANIC_ROCK_VOUCHER_9500,946.0,15.0,,,,,947,15,,,,,946.5,0.0
0,80800,VOLCANIC_ROCK_VOUCHER_9500,946.0,12.0,,,,,947,12,,,,,946.5,0.0
0,80900,VOLCANIC_ROCK_VOUCHER_9500,947.0,15.0,,,,,948,15,,,,,947.5,0.0
0,81000,VOLCANIC_ROCK_VOUCHER_9500,953.0,15.0,,,,,954,15,,,,,953.5,0.0
0,81100,VOLCANIC_ROCK_VOUCHER_9500,953.0,16.0,,,,,954,16,,,,,953.5,0.0
0,81200,VOLCANIC_ROCK_VOUCHER_9500,959.0,13.0,,,,,961,13,,,,,960.0,0.0
0,81300,VOLCANIC_ROCK_VOUCHER_9500,961.0,13.0,,,,,962,13,,,,,961.5,0.0
0,81400,VOLCANIC_ROCK_VOUCHER_9500,958.0,20.0,,,,,959,20,,,,,958.5,0.0
0,81500,VOLCANIC_ROCK_VOUCHER_9500,960.0,16.0,,,,,961,16,,,,,960.5,0.0
0,81600,VOLCANIC_ROCK_VOUCHER_9500,965.0,16.0,,,,,966,16,,,,,965.5,0.0
0,81700,VOLCANIC_ROCK_VOUCHER_9500,970.0,3.0,,,,,971,18,,,,,970.5,0.0
0,81800,VOLCANIC_ROCK_VOUCHER_9500,970.0,19.0,,,,,971,19,,,,,970.5,0.0
0,81900,VOLCANIC_ROCK_VOUCHER_9500,970.0,34.0,,,,,971,21,,,,,970.5,0.0
0,82000,VOLCANIC_ROCK_VOUCHER_9500,968.0,19.0,,,,,969,19,,,,,968.5,0.0
0,82100,VOLCANIC_ROCK_VOUCHER_9500,970.0,14.0,,,,,971,14,,,,,970.5,0.0
0,82200,VOLCANIC_ROCK_VOUCHER_9500,970.0,15.0,,,,,971,15,,,,,970.5,0.0
0,82300,VOLCANIC_ROCK_VOUCHER_9500,972.0,19.0,,,,,973,19,,,,,972.5,0.0
0,82400,VOLCANIC_ROCK_VOUCHER_9500,982.0,17.0,,,,,984,17,,,,,983.0,0.0
0,82500,VOLCANIC_ROCK_VOUCHER_9500,980.0,15.0,,,,,981,15,,,,,980.5,0.0
0,82600,VOLCANIC_ROCK_VOUCHER_9500,978.0,13.0,,,,,979,13,,,,,978.5,0.0
0,82700,VOLCANIC_ROCK_VOUCHER_9500,975.0,21.0,,,,,976,21,,,,,975.5,0.0
0,82800,VOLCANIC_ROCK_VOUCHER_9500,979.0,15.0,,,,,980,15,,,,,979.5,0.0
0,82900,VOLCANIC_ROCK_VOUCHER_9500,980.0,18.0,,,,,981,18,,,,,980.5,0.0
0,83000,VOLCANIC_ROCK_VOUCHER_9500,985.0,13.0,,,,,986,13,,,,,985.5,0.0
0,83100,VOLCANIC_ROCK_VOUCHER_9500,988.0,20.0,,,,,989,19,990.0,20.0,,,988.5,0.0
0,83200,VOLCANIC_ROCK_VOUCHER_9500,995.0,12.0,,,,,996,12,,,,,995.5,0.0
0,83300,VOLCANIC_ROCK_VOUCHER_9500,988.0,16.0,,,,,989,16,,,,,988.5,0.0
0,83400,VOLCANIC_ROCK_VOUCHER_9500,990.0,15.0,,,,,991,1,992.0,14.0,,,990.5,0.0
0,83500,VOLCANIC_ROCK_VOUCHER_9500,995.0,18.0,,,,,997,18,,,,,996.0,0.0
0,83600,VOLCANIC_ROCK_VOUCHER_9500,993.0,11.0,,,,,994,11,,,,,993.5,0.0
0,83700,VOLCANIC_ROCK_VOUCHER_9500,990.0,14.0,,,,,991,14,,,,,990.5,0.0
0,83800,VOLCANIC_ROCK_VOUCHER_9500,997.0,12.0,,,,,999,12,,,,,998.0,0.0
0,83900,VOLCANIC_ROCK_VOUCHER_9500,996.0,12.0,,,,,997,12,,,,,996.5,0.0
0,84000,VOLCANIC_ROCK_VOUCHER_9500,992.0,12.0,,,,,994,12,,,,,993.0,0.0
0,84100,VOLCANIC_ROCK_VOUCHER_9500,985.0,18.0,,,,,986,18,,,,,985.5,0.0
0,84200,VOLCANIC_ROCK_VOUCHER_9500,990.0,15.0,,,,,991,15,,,,,990.5,0.0
0,84300,VOLCANIC_ROCK_VOUCHER_9500,987.0,20.0,,,,,988,20,,,,,987.5,0.0
0,84400,VOLCANIC_ROCK_VOUCHER_9500,992.0,16.0,,,,,993,16,,,,,992.5,0.0
0,84500,VOLCANIC_ROCK_VOUCHER_9500,1001.0,16.0,,,,,1002,16,,,,,1001.5,0.0
0,84600,VOLCANIC_ROCK_VOUCHER_9500,998.0,16.0,,,,,999,16,,,,,998.5,0.0
0,84700,VOLCANIC_ROCK_VOUCHER_9500,997.0,20.0,,,,,998,20,,,,,997.5,0.0
0,84800,VOLCANIC_ROCK_VOUCHER_9500,,,,,,,993,4,994.0,14.0,,,993.0,0.0
0,84900,VOLCANIC_ROCK_VOUCHER_9500,993.0,13.0,,,,,994,13,,,,,993.5,0.0
0,85000,VOLCANIC_ROCK_VOUCHER_9500,988.0,14.0,,,,,989,14,,,,,988.5,0.0
0,85100,VOLCANIC_ROCK_VOUCHER_9500,986.0,13.0,,,,,987,13,,,,,986.5,0.0
0,85200,VOLCANIC_ROCK_VOUCHER_9500,989.0,17.0,,,,,990,17,,,,,989.5,0.0
0,85300,VOLCANIC_ROCK_VOUCHER_9500,993.0,15.0,,,,,994,15,,,,,993.5,0.0
0,85400,VOLCANIC_ROCK_VOUCHER_9500,991.0,17.0,,,,,992,17,,,,,991.5,0.0
0,85500,VOLCANIC_ROCK_VOUCHER_9500,992.0,19.0,,,,,993,19,,,,,992.5,0.0
0,85600,VOLCANIC_ROCK_VOUCHER_9500,995.0,21.0,,,,,996,21,,,,,995.5,0.0
0,85700,VOLCANIC_ROCK_VOUCHER_9500,992.0,17.0,,,,,994,17,,,,,993.0,0.0
0,85800,VOLCANIC_ROCK_VOUCHER_9500,994.0,17.0,,,,,995,17,,,,,994.5,0.0
0,85900,VOLCANIC_ROCK_VOUCHER_9500,1003.0,28.0,,,,,1005,13,,,,,1004.0,0.0
0,86000,VOLCANIC_ROCK_VOUCHER_9500,1004.0,14.0,,,,,1005,14,,,,,1004.5,0.0
0,86100,VOLCANIC_ROCK_VOUCHER_9500,999.0,19.0,,,,,1000,19,,,,,999.5,0.0
0,86200,VOLCANIC_ROCK_VOUCHER_9500,1000.0,10.0,,,,,1001,10,,,,,1000.5,0.0
0,86300,VOLCANIC_ROCK_VOUCHER_9500,1002.0,21.0,,,,,1003,21,,,,,1002.5,0.0
0,86400,VOLCANIC_ROCK_VOUCHER_9500,1007.0,12.0,,,,,1008,12,,,,,1007.5,0.0
0,86500,VOLCANIC_ROCK_VOUCHER_9500,1009.0,12.0,,,,,1010,12,,,,,1009.5,0.0
0,86600,VOLCANIC_ROCK_VOUCHER_9500,1009.0,13.0,,,,,1010,13,,,,,1009.5,0.0
0,86700,VOLCANIC_ROCK_VOUCHER_9500,1012.0,15.0,,,,,1013,15,,,,,1012.5,0.0
0,86800,VOLCANIC_ROCK_VOUCHER_9500,1014.0,12.0,,,,,1015,12,,,,,1014.5,0.0
0,86900,VOLCANIC_ROCK_VOUCHER_9500,1015.0,12.0,,,,,1016,12,,,,,1015.5,0.0
0,87000,VOLCANIC_ROCK_VOUCHER_9500,1011.0,16.0,,,,,1012,16,,,,,1011.5,0.0
0,87100,VOLCANIC_ROCK_VOUCHER_9500,1011.0,13.0,,,,,1012,13,,,,,1011.5,0.0
0,87200,VOLCANIC_ROCK_VOUCHER_9500,1013.0,16.0,,,,,1014,16,,,,,1013.5,0.0
0,87300,VOLCANIC_ROCK_VOUCHER_9500,1012.0,16.0,,,,,1013,16,,,,,1012.5,0.0
0,87400,VOLCANIC_ROCK_VOUCHER_9500,1011.0,10.0,,,,,1012,10,,,,,1011.5,0.0
0,87500,VOLCANIC_ROCK_VOUCHER_9500,1017.0,10.0,,,,,1019,10,,,,,1018.0,0.0
0,87600,VOLCANIC_ROCK_VOUCHER_9500,1016.0,20.0,,,,,1018,20,,,,,1017.0,0.0
0,87700,VOLCANIC_ROCK_VOUCHER_9500,1014.0,12.0,,,,,1015,12,,,,,1014.5,0.0
0,87800,VOLCANIC_ROCK_VOUCHER_9500,1014.0,22.0,,,,,1016,22,,,,,1015.0,0.0
0,87900,VOLCANIC_ROCK_VOUCHER_9500,1013.0,15.0,,,,,1014,15,,,,,1013.5,0.0
0,88000,VOLCANIC_ROCK_VOUCHER_9500,1011.0,20.0,,,,,1012,20,,,,,1011.5,0.0
0,88100,VOLCANIC_ROCK_VOUCHER_9500,1010.0,15.0,,,,,1011,15,,,,,1010.5,0.0
0,88200,VOLCANIC_ROCK_VOUCHER_9500,1006.0,10.0,,,,,1007,10,,,,,1006.5,0.0
0,88300,VOLCANIC_ROCK_VOUCHER_9500,1009.0,12.0,,,,,1010,12,,,,,1009.5,0.0
0,88400,VOLCANIC_ROCK_VOUCHER_9500,1013.0,17.0,,,,,1014,17,,,,,1013.5,0.0
0,88500,VOLCANIC_ROCK_VOUCHER_9500,1016.0,22.0,,,,,1017,22,,,,,1016.5,0.0
0,88600,VOLCANIC_ROCK_VOUCHER_9500,1013.0,20.0,,,,,1014,20,,,,,1013.5,0.0
0,88700,VOLCANIC_ROCK_VOUCHER_9500,1010.0,13.0,,,,,1011,13,,,,,1010.5,0.0
0,88800,VOLCANIC_ROCK_VOUCHER_9500,1006.0,27.0,,,,,1007,17,,,,,1006.5,0.0
0,88900,VOLCANIC_ROCK_VOUCHER_9500,1000.0,20.0,,,,,1001,20,,,,,1000.5,0.0
0,89000,VOLCANIC_ROCK_VOUCHER_9500,999.0,22.0,,,,,1000,22,,,,,999.5,0.0
0,89100,VOLCANIC_ROCK_VOUCHER_9500,997.0,10.0,,,,,998,10,,,,,997.5,0.0
0,89200,VOLCANIC_ROCK_VOUCHER_9500,994.0,18.0,,,,,995,18,,,,,994.5,0.0
0,89300,VOLCANIC_ROCK_VOUCHER_9500,1000.0,16.0,,,,,1002,16,,,,,1001.0,0.0
0,89400,VOLCANIC_ROCK_VOUCHER_9500,1000.0,20.0,,,,,1001,20,,,,,1000.5,0.0
0,89500,VOLCANIC_ROCK_VOUCHER_9500,1001.0,14.0,,,,,1002,14,,,,,1001.5,0.0
0,89600,VOLCANIC_ROCK_VOUCHER_9500,1004.0,4.0,,,,,1005,19,,,,,1004.5,0.0
0,89700,VOLCANIC_ROCK_VOUCHER_9500,1001.0,17.0,,,,,1002,17,,,,,1001.5,0.0
0,89800,VOLCANIC_ROCK_VOUCHER_9500,1003.0,21.0,,,,,1005,21,,,,,1004.0,0.0
0,89900,VOLCANIC_ROCK_VOUCHER_9500,1005.0,20.0,,,,,1006,20,,,,,1005.5,0.0
0,90000,VOLCANIC_ROCK_VOUCHER_9500,1002.0,14.0,,,,,1003,14,,,,,1002.5,0.0
0,90100,VOLCANIC_ROCK_VOUCHER_9500,1000.0,23.0,,,,,1001,13,,,,,1000.5,0.0
0,90200,VOLCANIC_ROCK_VOUCHER_9500,1002.0,19.0,,,,,1003,19,,,,,1002.5,0.0
0,90300,VOLCANIC_ROCK_VOUCHER_9500,1002.0,19.0,,,,,1003,19,,,,,1002.5,0.0
0,90400,VOLCANIC_ROCK_VOUCHER_9500,,,,,,,1000,5,1001.0,11.0,,,1000.0,0.0
0,90500,VOLCANIC_ROCK_VOUCHER_9500,996.0,13.0,,,,,997,13,,,,,996.5,0.0
0,90600,VOLCANIC_ROCK_VOUCHER_9500,990.0,11.0,,,,,991,11,,,,,990.5,0.0
0,90700,VOLCANIC_ROCK_VOUCHER_9500,989.0,19.0,,,,,991,19,,,,,990.0,0.0
0,90800,VOLCANIC_ROCK_VOUCHER_9500,,,,,,,983,6,984.0,12.0,,,983.0,0.0
0,90900,VOLCANIC_ROCK_VOUCHER_9500,981.0,11.0,,,,,982,11,,,,,981.5,0.0
0,91000,VOLCANIC_ROCK_VOUCHER_9500,982.0,20.0,,,,,983,20,,,,,982.5,0.0
0,91100,VOLCANIC_ROCK_VOUCHER_9500,979.0,21.0,,,,,980,21,,,,,979.5,0.0
0,91200,VOLCANIC_ROCK_VOUCHER_9500,977.0,21.0,,,,,978,21,,,,,977.5,0.0
0,91300,VOLCANIC_ROCK_VOUCHER_9500,979.0,13.0,,,,,980,13,,,,,979.5,0.0
0,91400,VOLCANIC_ROCK_VOUCHER_9500,978.0,20.0,,,,,979,20,,,,,978.5,0.0
0,91500,VOLCANIC_ROCK_VOUCHER_9500,981.0,14.0,,,,,982,14,,,,,981.5,0.0
0,91600,VOLCANIC_ROCK_VOUCHER_9500,989.0,16.0,,,,,990,16,,,,,989.5,0.0
0,91700,VOLCANIC_ROCK_VOUCHER_9500,989.0,20.0,,,,,990,20,,,,,989.5,0.0
0,91800,VOLCANIC_ROCK_VOUCHER_9500,985.0,12.0,,,,,986,12,,,,,985.5,0.0
0,91900,VOLCANIC_ROCK_VOUCHER_9500,985.0,14.0,,,,,986,14,,,,,985.5,0.0
0,92000,VOLCANIC_ROCK_VOUCHER_9500,989.0,15.0,,,,,990,15,,,,,989.5,0.0
0,92100,VOLCANIC_ROCK_VOUCHER_9500,989.0,15.0,,,,,990,15,,,,,989.5,0.0
0,92200,VOLCANIC_ROCK_VOUCHER_9500,983.0,2.0,982.0,16.0,,,984,18,,,,,983.5,0.0
0,92300,VOLCANIC_ROCK_VOUCHER_9500,983.0,6.0,,,,,984,16,,,,,983.5,0.0
0,92400,VOLCANIC_ROCK_VOUCHER_9500,,,,,,,987,5,989.0,12.0,,,987.0,0.0
0,92500,VOLCANIC_ROCK_VOUCHER_9500,986.0,12.0,,,,,988,12,,,,,987.0,0.0
0,92600,VOLCANIC_ROCK_VOUCHER_9500,987.0,13.0,,,,,988,13,,,,,987.5,0.0
0,92700,VOLCANIC_ROCK_VOUCHER_9500,986.0,17.0,,,,,988,17,,,,,987.0,0.0
0,92800,VOLCANIC_ROCK_VOUCHER_9500,986.0,11.0,,,,,987,11,,,,,986.5,0.0
0,92900,VOLCANIC_ROCK_VOUCHER_9500,985.0,18.0,,,,,986,19,987.0,18.0,,,985.5,0.0
0,93000,VOLCANIC_ROCK_VOUCHER_9500,986.0,14.0,,,,,988,14,,,,,987.0,0.0
0,93100,VOLCANIC_ROCK_VOUCHER_9500,993.0,22.0,,,,,994,22,,,,,993.5,0.0
0,93200,VOLCANIC_ROCK_VOUCHER_9500,993.0,20.0,,,,,994,20,,,,,993.5,0.0
0,93300,VOLCANIC_ROCK_VOUCHER_9500,989.0,19.0,,,,,990,19,,,,,989.5,0.0
0,93400,VOLCANIC_ROCK_VOUCHER_9500,983.0,14.0,,,,,984,14,,,,,983.5,0.0
0,93500,VOLCANIC_ROCK_VOUCHER_9500,984.0,15.0,,,,,985,15,,,,,984.5,0.0
0,93600,VOLCANIC_ROCK_VOUCHER_9500,985.0,21.0,,,,,986,21,,,,,985.5,0.0
0,93700,VOLCANIC_ROCK_VOUCHER_9500,987.0,11.0,,,,,988,13,,,,,987.5,0.0
0,93800,VOLCANIC_ROCK_VOUCHER_9500,985.0,5.0,,,,,986,20,,,,,985.5,0.0
0,93900,VOLCANIC_ROCK_VOUCHER_9500,,,,,,,991,3,992.0,14.0,,,991.0,0.0
0,94000,VOLCANIC_ROCK_VOUCHER_9500,991.0,21.0,,,,,992,21,,,,,991.5,0.0
0,94100,VOLCANIC_ROCK_VOUCHER_9500,990.0,10.0,,,,,991,10,,,,,990.5,0.0
0,94200,VOLCANIC_ROCK_VOUCHER_9500,989.0,17.0,,,,,990,17,,,,,989.5,0.0
0,94300,VOLCANIC_ROCK_VOUCHER_9500,990.0,15.0,,,,,991,15,,,,,990.5,0.0
0,94400,VOLCANIC_ROCK_VOUCHER_9500,993.0,19.0,,,,,995,19,,,,,994.0,0.0
0,94500,VOLCANIC_ROCK_VOUCHER_9500,992.0,17.0,,,,,994,17,,,,,993.0,0.0
0,94600,VOLCANIC_ROCK_VOUCHER_9500,986.0,11.0,,,,,987,11,,,,,986.5,0.0
0,94700,VOLCANIC_ROCK_VOUCHER_9500,987.0,16.0,,,,,988,16,,,,,987.5,0.0
0,94800,VOLCANIC_ROCK_VOUCHER_9500,989.0,14.0,,,,,990,14,,,,,989.5,0.0
0,94900,VOLCANIC_ROCK_VOUCHER_9500,994.0,21.0,,,,,995,21,,,,,994.5,0.0
0,95000,VOLCANIC_ROCK_VOUCHER_9500,991.0,16.0,,,,,992,16,,,,,991.5,0.0
0,95100,VOLCANIC_ROCK_VOUCHER_9500,996.0,1.0,995.0,16.0,,,997,17,,,,,996.5,0.0
0,95200,VOLCANIC_ROCK_VOUCHER_9500,995.0,12.0,,,,,997,12,,,,,996.0,0.0
0,95300,VOLCANIC_ROCK_VOUCHER_9500,995.0,21.0,,,,,997,21,,,,,996.0,0.0
0,95400,VOLCANIC_ROCK_VOUCHER_9500,996.0,12.0,,,,,998,12,,,,,997.0,0.0
0,95500,VOLCANIC_ROCK_VOUCHER_9500,995.0,17.0,,,,,997,17,,,,,996.0,0.0
0,95600,VOLCANIC_ROCK_VOUCHER_9500,1000.0,11.0,,,,,1001,11,,,,,1000.5,0.0
0,95700,VOLCANIC_ROCK_VOUCHER_9500,994.0,22.0,,,,,995,22,,,,,994.5,0.0
0,95800,VOLCANIC_ROCK_VOUCHER_9500,991.0,15.0,,,,,992,15,,,,,991.5,0.0
0,95900,VOLCANIC_ROCK_VOUCHER_9500,986.0,19.0,,,,,987,19,,,,,986.5,0.0
0,96000,VOLCANIC_ROCK_VOUCHER_9500,982.0,19.0,,,,,983,19,,,,,982.5,0.0
0,96100,VOLCANIC_ROCK_VOUCHER_9500,975.0,19.0,,,,,977,19,,,,,976.0,0.0
0,96200,VOLCANIC_ROCK_VOUCHER_9500,980.0,12.0,,,,,981,12,,,,,980.5,0.0
0,96300,VOLCANIC_ROCK_VOUCHER_9500,977.0,20.0,,,,,978,20,,,,,977.5,0.0
0,96400,VOLCANIC_ROCK_VOUCHER_9500,974.0,19.0,,,,,976,19,,,,,975.0,0.0
0,96500,VOLCANIC_ROCK_VOUCHER_9500,979.0,19.0,,,,,980,19,,,,,979.5,0.0
0,96600,VOLCANIC_ROCK_VOUCHER_9500,980.0,30.0,,,,,981,14,,,,,980.5,0.0
0,96700,VOLCANIC_ROCK_VOUCHER_9500,979.0,16.0,,,,,980,16,,,,,979.5,0.0
0,96800,VOLCANIC_ROCK_VOUCHER_9500,977.0,16.0,,,,,978,16,,,,,977.5,0.0
0,96900,VOLCANIC_ROCK_VOUCHER_9500,981.0,18.0,,,,,982,18,,,,,981.5,0.0
0,97000,VOLCANIC_ROCK_VOUCHER_9500,981.0,2.0,980.0,20.0,,,982,22,,,,,981.5,0.0
0,97100,VOLCANIC_ROCK_VOUCHER_9500,983.0,19.0,,,,,984,19,,,,,983.5,0.0
0,97200,VOLCANIC_ROCK_VOUCHER_9500,977.0,14.0,,,,,979,14,,,,,978.0,0.0
0,97300,VOLCANIC_ROCK_VOUCHER_9500,976.0,17.0,,,,,977,17,,,,,976.5,0.0
0,97400,VOLCANIC_ROCK_VOUCHER_9500,981.0,22.0,,,,,982,22,,,,,981.5,0.0
0,97500,VOLCANIC_ROCK_VOUCHER_9500,981.0,20.0,,,,,982,20,,,,,981.5,0.0
0,97600,VOLCANIC_ROCK_VOUCHER_9500,980.0,10.0,,,,,981,10,,,,,980.5,0.0
0,97700,VOLCANIC_ROCK_VOUCHER_9500,979.0,17.0,,,,,980,17,,,,,979.5,0.0
0,97800,VOLCANIC_ROCK_VOUCHER_9500,980.0,15.0,,,,,981,15,,,,,980.5,0.0
0,97900,VOLCANIC_ROCK_VOUCHER_9500,975.0,18.0,,,,,976,18,,,,,975.5,0.0
0,98000,VOLCANIC_ROCK_VOUCHER_9500,971.0,12.0,970.0,13.0,,,972,13,,,,,971.5,0.0
0,98100,VOLCANIC_ROCK_VOUCHER_9500,969.0,14.0,,,,,970,14,,,,,969.5,0.0
0,98200,VOLCANIC_ROCK_VOUCHER_9500,964.0,17.0,,,,,965,17,,,,,964.5,0.0
0,98300,VOLCANIC_ROCK_VOUCHER_9500,964.0,33.0,,,,,965,20,,,,,964.5,0.0
0,98400,VOLCANIC_ROCK_VOUCHER_9500,962.0,12.0,,,,,964,12,,,,,963.0,0.0
0,98500,VOLCANIC_ROCK_VOUCHER_9500,964.0,17.0,,,,,965,17,,,,,964.5,0.0
0,98600,VOLCANIC_ROCK_VOUCHER_9500,966.0,18.0,,,,,967,18,,,,,966.5,0.0
0,98700,VOLCANIC_ROCK_VOUCHER_9500,968.0,21.0,,,,,969,2,970.0,19.0,,,968.5,0.0
0,98800,VOLCANIC_ROCK_VOUCHER_9500,963.0,16.0,,,,,964,16,,,,,963.5,0.0
0,98900,VOLCANIC_ROCK_VOUCHER_9500,963.0,18.0,,,,,964,18,,,,,963.5,0.0
0,99000,VOLCANIC_ROCK_VOUCHER_9500,959.0,41.0,,,,,960,2,961.0,19.0,,,959.5,0.0
0,99100,VOLCANIC_ROCK_VOUCHER_9500,963.0,22.0,,,,,964,22,,,,,963.5,0.0
0,99200,VOLCANIC_ROCK_VOUCHER_9500,958.0,16.0,,,,,959,16,,,,,958.5,0.0
0,99300,VOLCANIC_ROCK_VOUCHER_9500,953.0,18.0,,,,,954,18,,,,,953.5,0.0
0,99400,VOLCANIC_ROCK_VOUCHER_9500,952.0,20.0,,,,,953,20,,,,,952.5,0.0
0,99500,VOLCANIC_ROCK_VOUCHER_9500,950.0,16.0,,,,,951,16,,,,,950.5,0.0
0,99600,VOLCANIC_ROCK_VOUCHER_9500,950.0,13.0,,,,,951,13,,,,,950.5,0.0
0,99700,VOLCANIC_ROCK_VOUCHER_9500,950.0,15.0,,,,,951,15,,,,,950.5,0.0
0,99800,VOLCANIC_ROCK_VOUCHER_9500,949.0,16.0,,,,,950,16,,,,,949.5,0.0
0,99900,VOLCANIC_ROCK_VOUCHER_9500,949.0,12.0,,,,,950,12,,,,,949.5,0.0
0,100000,VOLCANIC_ROCK_VOUCHER_9500,948.0,20.0,,,,,949,20,,,,,948.5,0.0
0,100100,VOLCANIC_ROCK_VOUCHER_9500,955.0,10.0,,,,,957,19,,,,,956.0,0.0
0,100200,VOLCANIC_ROCK_VOUCHER_9500,956.0,16.0,,,,,957,16,,,,,956.5,0.0
0,100300,VOLCANIC_ROCK_VOUCHER_9500,952.0,16.0,,,,,954,16,,,,,953.0,0.0
0,100400,VOLCANIC_ROCK_VOUCHER_9500,952.0,11.0,,,,,953,11,,,,,952.5,0.0
0,100500,VOLCANIC_ROCK_VOUCHER_9500,954.0,12.0,,,,,955,12,,,,,954.5,0.0
0,100600,VOLCANIC_ROCK_VOUCHER_9500,952.0,13.0,,,,,953,13,,,,,952.5,0.0
0,100700,VOLCANIC_ROCK_VOUCHER_9500,953.0,13.0,,,,,954,13,,,,,953.5,0.0
0,100800,VOLCANIC_ROCK_VOUCHER_9500,955.0,15.0,,,,,956,15,,,,,955.5,0.0
0,100900,VOLCANIC_ROCK_VOUCHER_9500,953.0,13.0,,,,,954,13,,,,,953.5,0.0
0,101000,VOLCANIC_ROCK_VOUCHER_9500,952.0,3.0,,,,,953,21,,,,,952.5,0.0
0,101100,VOLCANIC_ROCK_VOUCHER_9500,953.0,20.0,,,,,954,20,,,,,953.5,0.0
0,101200,VOLCANIC_ROCK_VOUCHER_9500,953.0,19.0,,,,,955,19,,,,,954.0,0.0
0,101300,VOLCANIC_ROCK_VOUCHER_9500,953.0,14.0,,,,,954,14,,,,,953.5,0.0
0,101400,VOLCANIC_ROCK_VOUCHER_9500,956.0,10.0,,,,,958,10,,,,,957.0,0.0
0,101500,VOLCANIC_ROCK_VOUCHER_9500,963.0,12.0,,,,,964,12,,,,,963.5,0.0
0,101600,VOLCANIC_ROCK_VOUCHER_9500,959.0,21.0,,,,,960,21,,,,,959.5,0.0
0,101700,VOLCANIC_ROCK_VOUCHER_9500,962.0,20.0,,,,,963,20,,,,,962.5,0.0
0,101800,VOLCANIC_ROCK_VOUCHER_9500,957.0,18.0,,,,,958,18,,,,,957.5,0.0
0,101900,VOLCANIC_ROCK_VOUCHER_9500,962.0,17.0,,,,,964,17,,,,,963.0,0.0
0,102000,VOLCANIC_ROCK_VOUCHER_9500,962.0,20.0,,,,,963,20,,,,,962.5,0.0
0,102100,VOLCANIC_ROCK_VOUCHER_9500,964.0,12.0,,,,,965,12,,,,,964.5,0.0
0,102200,VOLCANIC_ROCK_VOUCHER_9500,971.0,2.0,,,,,972,21,,,,,971.5,0.0
0,102300,VOLCANIC_ROCK_VOUCHER_9500,977.0,11.0,,,,,978,11,,,,,977.5,0.0
0,102400,VOLCANIC_ROCK_VOUCHER_9500,980.0,12.0,,,,,981,12,,,,,980.5,0.0
0,102500,VOLCANIC_ROCK_VOUCHER_9500,991.0,16.0,,,,,992,16,,,,,991.5,0.0
0,102600,VOLCANIC_ROCK_VOUCHER_9500,987.0,12.0,,,,,989,12,,,,,988.0,0.0
0,102700,VOLCANIC_ROCK_VOUCHER_9500,985.0,11.0,,,,,986,11,,,,,985.5,0.0
0,102800,VOLCANIC_ROCK_VOUCHER_9500,975.0,20.0,,,,,976,20,,,,,975.5,0.0
0,102900,VOLCANIC_ROCK_VOUCHER_9500,969.0,19.0,,,,,970,19,,,,,969.5,0.0
0,103000,VOLCANIC_ROCK_VOUCHER_9500,966.0,4.0,,,,,967,16,,,,,966.5,0.0
0,103100,VOLCANIC_ROCK_VOUCHER_9500,965.0,15.0,,,,,966,15,,,,,965.5,0.0
0,103200,VOLCANIC_ROCK_VOUCHER_9500,966.0,18.0,,,,,967,18,,,,,966.5,0.0
0,103300,VOLCANIC_ROCK_VOUCHER_9500,967.0,14.0,,,,,968,14,,,,,967.5,0.0
0,103400,VOLCANIC_ROCK_VOUCHER_9500,963.0,19.0,,,,,965,19,,,,,964.0,0.0
0,103500,VOLCANIC_ROCK_VOUCHER_9500,963.0,16.0,,,,,964,16,,,,,963.5,0.0
0,103600,VOLCANIC_ROCK_VOUCHER_9500,964.0,15.0,,,,,965,15,,,,,964.5,0.0
0,103700,VOLCANIC_ROCK_VOUCHER_9500,967.0,13.0,,,,,968,13,,,,,967.5,0.0
0,103800,VOLCANIC_ROCK_VOUCHER_9500,968.0,17.0,,,,,969,17,,,,,968.5,0.0
0,103900,VOLCANIC_ROCK_VOUCHER_9500,963.0,17.0,,,,,964,17,,,,,963.5,0.0
0,104000,VOLCANIC_ROCK_VOUCHER_9500,962.0,32.0,,,,,963,18,,,,,962.5,0.0
0,104100,VOLCANIC_ROCK_VOUCHER_9500,967.0,11.0,,,,,969,11,,,,,968.0,0.0
0,104200,VOLCANIC_ROCK_VOUCHER_9500,967.0,17.0,,,,,968,17,,,,,967.5,0.0
0,104300,VOLCANIC_ROCK_VOUCHER_9500,961.0,19.0,,,,,962,19,,,,,961.5,0.0
0,104400,VOLCANIC_ROCK_VOUCHER_9500,960.0,20.0,,,,,961,20,,,,,960.5,0.0
0,104500,VOLCANIC_ROCK_VOUCHER_9500,955.0,20.0,,,,,956,20,,,,,955.5,0.0
0,104600,VOLCANIC_ROCK_VOUCHER_9500,952.0,20.0,,,,,953,20,,,,,952.5,0.0
0,104700,VOLCANIC_ROCK_VOUCHER_9500,949.0,18.0,,,,,950,18,,,,,949.5,0.0
0,104800,VOLCANIC_ROCK_VOUCHER_9500,950.0,11.0,,,,,951,11,,,,,950.5,0.0
0,104900,VOLCANIC_ROCK_VOUCHER_9500,949.0,16.0,,,,,950,16,,,,,949.5,0.0
0,105000,VOLCANIC_ROCK_VOUCHER_9500,952.0,16.0,,,,,953,16,,,,,952.5,0.0
0,105100,VOLCANIC_ROCK_VOUCHER_9500,954.0,19.0,,,,,955,19,,,,,954.5,0.0
0,105200,VOLCANIC_ROCK_VOUCHER_9500,959.0,19.0,,,,,961,19,,,,,960.0,0.0
0,105300,VOLCANIC_ROCK_VOUCHER_9500,958.0,2.0,,,,,959,20,,,,,958.5,0.0
0,105400,VOLCANIC_ROCK_VOUCHER_9500,960.0,17.0,,,,,961,17,,,,,960.5,0.0
0,105500,VOLCANIC_ROCK_VOUCHER_9500,960.0,11.0,,,,,961,19,,,,,960.5,0.0
0,105600,VOLCANIC_ROCK_VOUCHER_9500,956.0,11.0,,,,,957,11,,,,,956.5,0.0
0,105700,VOLCANIC_ROCK_VOUCHER_9500,955.0,15.0,,,,,956,15,,,,,955.5,0.0
0,105800,VOLCANIC_ROCK_VOUCHER_9500,959.0,20.0,,,,,960,20,,,,,959.5,0.0
0,105900,VOLCANIC_ROCK_VOUCHER_9500,959.0,10.0,,,,,960,10,,,,,959.5,0.0
0,106000,VOLCANIC_ROCK_VOUCHER_9500,959.0,21.0,,,,,960,21,,,,,959.5,0.0
0,106100,VOLCANIC_ROCK_VOUCHER_9500,961.0,13.0,,,,,962,13,,,,,961.5,0.0
0,106200,VOLCANIC_ROCK_VOUCHER_9500,960.0,18.0,,,,,961,18,,,,,960.5,0.0
0,106300,VOLCANIC_ROCK_VOUCHER_9500,956.0,12.0,,,,,957,12,,,,,956.5,0.0
0,106400,VOLCANIC_ROCK_VOUCHER_9500,950.0,22.0,949.0,11.0,,,951,13,,,,,950.5,0.0
0,106500,VOLCANIC_ROCK_VOUCHER_9500,952.0,17.0,,,,,953,17,,,,,952.5,0.0
0,106600,VOLCANIC_ROCK_VOUCHER_9500,954.0,13.0,,,,,955,13,,,,,954.5,0.0
0,106700,VOLCANIC_ROCK_VOUCHER_9500,954.0,12.0,,,,,955,12,,,,,954.5,0.0
0,106800,VOLCANIC_ROCK_VOUCHER_9500,953.0,18.0,,,,,954,18,,,,,953.5,0.0
0,106900,VOLCANIC_ROCK_VOUCHER_9500,,,,,,,955,5,956.0,15.0,,,955.0,0.0
0,107000,VOLCANIC_ROCK_VOUCHER_9500,952.0,15.0,,,,,953,15,,,,,952.5,0.0
0,107100,VOLCANIC_ROCK_VOUCHER_9500,955.0,18.0,,,,,956,18,,,,,955.5,0.0
0,107200,VOLCANIC_ROCK_VOUCHER_9500,953.0,17.0,,,,,954,17,,,,,953.5,0.0
0,107300,VOLCANIC_ROCK_VOUCHER_9500,954.0,11.0,,,,,955,11,,,,,954.5,0.0
0,107400,VOLCANIC_ROCK_VOUCHER_9500,951.0,20.0,,,,,952,15,,,,,951.5,0.0
0,107500,VOLCANIC_ROCK_VOUCHER_9500,953.0,13.0,,,,,955,13,,,,,954.0,0.0
0,107600,VOLCANIC_ROCK_VOUCHER_9500,955.0,16.0,,,,,957,16,,,,,956.0,0.0
0,107700,VOLCANIC_ROCK_VOUCHER_9500,951.0,19.0,,,,,952,19,,,,,951.5,0.0
0,107800,VOLCANIC_ROCK_VOUCHER_9500,959.0,27.0,,,,,960,13,,,,,959.5,0.0
0,107900,VOLCANIC_ROCK_VOUCHER_9500,957.0,15.0,,,,,958,15,,,,,957.5,0.0
0,108000,VOLCANIC_ROCK_VOUCHER_9500,957.0,19.0,,,,,958,19,,,,,957.5,0.0
0,108100,VOLCANIC_ROCK_VOUCHER_9500,954.0,20.0,,,,,955,20,,,,,954.5,0.0
0,108200,VOLCANIC_ROCK_VOUCHER_9500,956.0,12.0,,,,,957,12,,,,,956.5,0.0
0,108300,VOLCANIC_ROCK_VOUCHER_9500,954.0,15.0,,,,,955,15,,,,,954.5,0.0
0,108400,VOLCANIC_ROCK_VOUCHER_9500,,,,,,,953,3,954.0,15.0,,,953.0,0.0
0,108500,VOLCANIC_ROCK_VOUCHER_9500,951.0,34.0,,,,,952,14,,,,,951.5,0.0
0,108600,VOLCANIC_ROCK_VOUCHER_9500,953.0,11.0,,,,,954,11,,,,,953.5,0.0
0,108700,VOLCANIC_ROCK_VOUCHER_9500,,,,,,,952,1,953.0,13.0,,,952.0,0.0
0,108800,VOLCANIC_ROCK_VOUCHER_9500,952.0,17.0,,,,,953,17,,,,,952.5,0.0
0,108900,VOLCANIC_ROCK_VOUCHER_9500,955.0,18.0,,,,,957,18,,,,,956.0,0.0
0,109000,VOLCANIC_ROCK_VOUCHER_9500,953.0,11.0,,,,,954,11,,,,,953.5,0.0
0,109100,VOLCANIC_ROCK_VOUCHER_9500,,,,,,,954,7,955.0,13.0,,,954.0,0.0
0,109200,VOLCANIC_ROCK_VOUCHER_9500,958.0,11.0,,,,,959,11,,,,,958.5,0.0
0,109300,VOLCANIC_ROCK_VOUCHER_9500,,,,,,,958,5,959.0,13.0,,,958.0,0.0
0,109400,VOLCANIC_ROCK_VOUCHER_9500,960.0,19.0,,,,,961,19,,,,,960.5,0.0
0,109500,VOLCANIC_ROCK_VOUCHER_9500,964.0,16.0,,,,,965,16,,,,,964.5,0.0
0,109600,VOLCANIC_ROCK_VOUCHER_9500,963.0,15.0,,,,,964,15,,,,,963.5,0.0
0,109700,VOLCANIC_ROCK_VOUCHER_9500,958.0,12.0,,,,,959,12,,,,,958.5,0.0
0,109800,VOLCANIC_ROCK_VOUCHER_9500,957.0,15.0,,,,,958,15,,,,,957.5,0.0
0,109900,VOLCANIC_ROCK_VOUCHER_9500,952.0,16.0,,,,,953,16,,,,,952.5,0.0
0,110000,VOLCANIC_ROCK_VOUCHER_9500,953.0,17.0,,,,,954,17,,,,,953.5,0.0
0,110100,VOLCANIC_ROCK_VOUCHER_9500,954.0,19.0,,,,,955,19,,,,,954.5,0.0
0,110200,VOLCANIC_ROCK_VOUCHER_9500,956.0,18.0,,,,,957,18,,,,,956.5,0.0
0,110300,VOLCANIC_ROCK_VOUCHER_9500,961.0,1.0,960.0,15.0,,,962,16,,,,,961.5,0.0
0,110400,VOLCANIC_ROCK_VOUCHER_9500,958.0,14.0,,,,,959,14,,,,,958.5,0.0
0,110500,VOLCANIC_ROCK_VOUCHER_9500,959.0,14.0,,,,,960,14,,,,,959.5,0.0
0,110600,VOLCANIC_ROCK_VOUCHER_9500,958.0,17.0,,,,,959,17,,,,,958.5,0.0
0,110700,VOLCANIC_ROCK_VOUCHER_9500,958.0,16.0,,,,,959,16,,,,,958.5,0.0
0,110800,VOLCANIC_ROCK_VOUCHER_9500,953.0,32.0,,,,,954,21,,,,,953.5,0.0
0,110900,VOLCANIC_ROCK_VOUCHER_9500,957.0,4.0,,,,,959,15,,,,,958.0,0.0
0,111000,VOLCANIC_ROCK_VOUCHER_9500,957.0,18.0,,,,,958,18,,,,,957.5,0.0
0,111100,VOLCANIC_ROCK_VOUCHER_9500,955.0,11.0,,,,,956,11,,,,,955.5,0.0
0,111200,VOLCANIC_ROCK_VOUCHER_9500,953.0,16.0,,,,,954,16,,,,,953.5,0.0
0,111300,VOLCANIC_ROCK_VOUCHER_9500,956.0,13.0,,,,,957,13,,,,,956.5,0.0
0,111400,VOLCANIC_ROCK_VOUCHER_9500,961.0,11.0,,,,,962,11,,,,,961.5,0.0
0,111500,VOLCANIC_ROCK_VOUCHER_9500,971.0,12.0,,,,,972,12,,,,,971.5,0.0
0,111600,VOLCANIC_ROCK_VOUCHER_9500,969.0,21.0,,,,,970,21,,,,,969.5,0.0
0,111700,VOLCANIC_ROCK_VOUCHER_9500,968.0,4.0,,,,,969,18,,,,,968.5,0.0
0,111800,VOLCANIC_ROCK_VOUCHER_9500,966.0,14.0,,,,,967,14,,,,,966.5,0.0
0,111900,VOLCANIC_ROCK_VOUCHER_9500,966.0,19.0,,,,,967,19,,,,,966.5,0.0
0,112000,VOLCANIC_ROCK_VOUCHER_9500,961.0,21.0,,,,,962,21,,,,,961.5,0.0
0,112100,VOLCANIC_ROCK_VOUCHER_9500,961.0,18.0,,,,,962,18,,,,,961.5,0.0
0,112200,VOLCANIC_ROCK_VOUCHER_9500,963.0,11.0,,,,,964,11,,,,,963.5,0.0
0,112300,VOLCANIC_ROCK_VOUCHER_9500,966.0,40.0,,,,,967,22,,,,,966.5,0.0
0,112400,VOLCANIC_ROCK_VOUCHER_9500,966.0,10.0,,,,,968,10,,,,,967.0,0.0
0,112500,VOLCANIC_ROCK_VOUCHER_9500,968.0,17.0,,,,,969,17,,,,,968.5,0.0
0,112600,VOLCANIC_ROCK_VOUCHER_9500,968.0,19.0,,,,,969,19,,,,,968.5,0.0
0,112700,VOLCANIC_ROCK_VOUCHER_9500,967.0,11.0,,,,,968,1,969.0,10.0,,,967.5,0.0
0,112800,VOLCANIC_ROCK_VOUCHER_9500,964.0,20.0,,,,,965,20,,,,,964.5,0.0
0,112900,VOLCANIC_ROCK_VOUCHER_9500,964.0,15.0,,,,,965,15,,,,,964.5,0.0
0,113000,VOLCANIC_ROCK_VOUCHER_9500,965.0,21.0,,,,,966,21,,,,,965.5,0.0
0,113100,VOLCANIC_ROCK_VOUCHER_9500,967.0,20.0,,,,,968,20,,,,,967.5,0.0
0,113200,VOLCANIC_ROCK_VOUCHER_9500,970.0,21.0,,,,,971,21,,,,,970.5,0.0
0,113300,VOLCANIC_ROCK_VOUCHER_9500,972.0,20.0,,,,,973,20,,,,,972.5,0.0
0,113400,VOLCANIC_ROCK_VOUCHER_9500,971.0,15.0,,,,,972,15,,,,,971.5,0.0
0,113500,VOLCANIC_ROCK_VOUCHER_9500,970.0,13.0,,,,,971,13,,,,,970.5,0.0
0,113600,VOLCANIC_ROCK_VOUCHER_9500,972.0,17.0,,,,,973,17,,,,,972.5,0.0
0,113700,VOLCANIC_ROCK_VOUCHER_9500,972.0,20.0,,,,,973,20,,,,,972.5,0.0
0,113800,VOLCANIC_ROCK_VOUCHER_9500,973.0,20.0,,,,,974,20,,,,,973.5,0.0
0,113900,VOLCANIC_ROCK_VOUCHER_9500,973.0,11.0,,,,,974,11,,,,,973.5,0.0
0,114000,VOLCANIC_ROCK_VOUCHER_9500,973.0,19.0,,,,,974,19,,,,,973.5,0.0
0,114100,VOLCANIC_ROCK_VOUCHER_9500,979.0,21.0,,,,,980,21,,,,,979.5,0.0
0,114200,VOLCANIC_ROCK_VOUCHER_9500,981.0,13.0,,,,,982,13,,,,,981.5,0.0
0,114300,VOLCANIC_ROCK_VOUCHER_9500,979.0,12.0,,,,,980,12,,,,,979.5,0.0
0,114400,VOLCANIC_ROCK_VOUCHER_9500,978.0,14.0,,,,,979,14,,,,,978.5,0.0
0,114500,VOLCANIC_ROCK_VOUCHER_9500,979.0,17.0,,,,,981,17,,,,,980.0,0.0
0,114600,VOLCANIC_ROCK_VOUCHER_9500,978.0,18.0,,,,,979,18,,,,,978.5,0.0
0,114700,VOLCANIC_ROCK_VOUCHER_9500,977.0,19.0,,,,,978,19,,,,,977.5,0.0
0,114800,VOLCANIC_ROCK_VOUCHER_9500,977.0,14.0,,,,,979,14,,,,,978.0,0.0
0,114900,VOLCANIC_ROCK_VOUCHER_9500,982.0,12.0,,,,,983,12,,,,,982.5,0.0
0,115000,VOLCANIC_ROCK_VOUCHER_9500,978.0,15.0,,,,,979,15,,,,,978.5,0.0
0,115100,VOLCANIC_ROCK_VOUCHER_9500,978.0,15.0,,,,,979,15,,,,,978.5,0.0
0,115200,VOLCANIC_ROCK_VOUCHER_9500,979.0,20.0,,,,,980,20,,,,,979.5,0.0
0,115300,VOLCANIC_ROCK_VOUCHER_9500,975.0,14.0,,,,,976,14,,,,,975.5,0.0
0,115400,VOLCANIC_ROCK_VOUCHER_9500,979.0,16.0,,,,,981,16,,,,,980.0,0.0
0,115500,VOLCANIC_ROCK_VOUCHER_9500,979.0,17.0,,,,,980,17,,,,,979.5,0.0
0,115600,VOLCANIC_ROCK_VOUCHER_9500,983.0,18.0,,,,,984,18,,,,,983.5,0.0
0,115700,VOLCANIC_ROCK_VOUCHER_9500,982.0,19.0,,,,,983,19,,,,,982.5,0.0
0,115800,VOLCANIC_ROCK_VOUCHER_9500,983.0,13.0,,,,,984,13,,,,,983.5,0.0
0,115900,VOLCANIC_ROCK_VOUCHER_9500,986.0,11.0,,,,,987,11,,,,,986.5,0.0
0,116000,VOLCANIC_ROCK_VOUCHER_9500,983.0,20.0,,,,,984,20,,,,,983.5,0.0
0,116100,VOLCANIC_ROCK_VOUCHER_9500,983.0,13.0,,,,,984,13,,,,,983.5,0.0
0,116200,VOLCANIC_ROCK_VOUCHER_9500,982.0,13.0,,,,,983,13,,,,,982.5,0.0
0,116300,VOLCANIC_ROCK_VOUCHER_9500,982.0,14.0,,,,,983,14,,,,,982.5,0.0
0,116400,VOLCANIC_ROCK_VOUCHER_9500,982.0,21.0,,,,,983,21,,,,,982.5,0.0
0,116500,VOLCANIC_ROCK_VOUCHER_9500,980.0,12.0,,,,,981,12,,,,,980.5,0.0
0,116600,VOLCANIC_ROCK_VOUCHER_9500,975.0,18.0,974.0,16.0,,,976,16,,,,,975.5,0.0
0,116700,VOLCANIC_ROCK_VOUCHER_9500,977.0,21.0,,,,,978,21,,,,,977.5,0.0
0,116800,VOLCANIC_ROCK_VOUCHER_9500,977.0,18.0,,,,,978,18,,,,,977.5,0.0
0,116900,VOLCANIC_ROCK_VOUCHER_9500,979.0,17.0,,,,,980,17,,,,,979.5,0.0
0,117000,VOLCANIC_ROCK_VOUCHER_9500,976.0,20.0,,,,,977,20,,,,,976.5,0.0
0,117100,VOLCANIC_ROCK_VOUCHER_9500,979.0,14.0,,,,,980,14,,,,,979.5,0.0
0,117200,VOLCANIC_ROCK_VOUCHER_9500,976.0,13.0,,,,,977,13,,,,,976.5,0.0
0,117300,VOLCANIC_ROCK_VOUCHER_9500,974.0,3.0,,,,,975,13,,,,,974.5,0.0
0,117400,VOLCANIC_ROCK_VOUCHER_9500,969.0,21.0,,,,,970,21,,,,,969.5,0.0
0,117500,VOLCANIC_ROCK_VOUCHER_9500,972.0,20.0,,,,,973,20,,,,,972.5,0.0
0,117600,VOLCANIC_ROCK_VOUCHER_9500,970.0,20.0,,,,,971,20,,,,,970.5,0.0
0,117700,VOLCANIC_ROCK_VOUCHER_9500,961.0,16.0,,,,,962,16,,,,,961.5,0.0
0,117800,VOLCANIC_ROCK_VOUCHER_9500,961.0,12.0,,,,,963,12,,,,,962.0,0.0
0,117900,VOLCANIC_ROCK_VOUCHER_9500,963.0,15.0,,,,,965,15,,,,,964.0,0.0
0,118000,VOLCANIC_ROCK_VOUCHER_9500,965.0,11.0,,,,,966,11,,,,,965.5,0.0
0,118100,VOLCANIC_ROCK_VOUCHER_9500,960.0,11.0,,,,,962,11,,,,,961.0,0.0
0,118200,VOLCANIC_ROCK_VOUCHER_9500,961.0,15.0,,,,,962,15,,,,,961.5,0.0
0,118300,VOLCANIC_ROCK_VOUCHER_9500,965.0,11.0,,,,,966,11,,,,,965.5,0.0
0,118400,VOLCANIC_ROCK_VOUCHER_9500,968.0,21.0,,,,,969,21,,,,,968.5,0.0
0,118500,VOLCANIC_ROCK_VOUCHER_9500,965.0,22.0,,,,,966,12,,,,,965.5,0.0
0,118600,VOLCANIC_ROCK_VOUCHER_9500,968.0,4.0,,,,,969,15,,,,,968.5,0.0
0,118700,VOLCANIC_ROCK_VOUCHER_9500,964.0,15.0,,,,,965,15,,,,,964.5,0.0
0,118800,VOLCANIC_ROCK_VOUCHER_9500,974.0,14.0,,,,,975,14,,,,,974.5,0.0
0,118900,VOLCANIC_ROCK_VOUCHER_9500,971.0,11.0,,,,,972,11,,,,,971.5,0.0
0,119000,VOLCANIC_ROCK_VOUCHER_9500,971.0,14.0,,,,,972,14,,,,,971.5,0.0
0,119100,VOLCANIC_ROCK_VOUCHER_9500,973.0,15.0,,,,,974,15,,,,,973.5,0.0
0,119200,VOLCANIC_ROCK_VOUCHER_9500,977.0,21.0,,,,,978,21,,,,,977.5,0.0
0,119300,VOLCANIC_ROCK_VOUCHER_9500,983.0,20.0,,,,,984,20,,,,,983.5,0.0
0,119400,VOLCANIC_ROCK_VOUCHER_9500,981.0,20.0,,,,,982,20,,,,,981.5,0.0
0,119500,VOLCANIC_ROCK_VOUCHER_9500,979.0,15.0,978.0,20.0,,,980,20,,,,,979.5,0.0
0,119600,VOLCANIC_ROCK_VOUCHER_9500,975.0,17.0,,,,,977,17,,,,,976.0,0.0
0,119700,VOLCANIC_ROCK_VOUCHER_9500,973.0,13.0,,,,,974,13,,,,,973.5,0.0
0,119800,VOLCANIC_ROCK_VOUCHER_9500,973.0,17.0,,,,,975,17,,,,,974.0,0.0
0,119900,VOLCANIC_ROCK_VOUCHER_9500,971.0,22.0,,,,,972,22,,,,,971.5,0.0
0,120000,VOLCANIC_ROCK_VOUCHER_9500,971.0,15.0,,,,,972,15,,,,,971.5,0.0
0,120100,VOLCANIC_ROCK_VOUCHER_9500,963.0,22.0,,,,,964,2,965.0,20.0,,,963.5,0.0
0,120200,VOLCANIC_ROCK_VOUCHER_9500,966.0,18.0,,,,,967,18,,,,,966.5,0.0
0,120300,VOLCANIC_ROCK_VOUCHER_9500,963.0,18.0,,,,,964,18,,,,,963.5,0.0
0,120400,VOLCANIC_ROCK_VOUCHER_9500,968.0,15.0,,,,,969,15,,,,,968.5,0.0
0,120500,VOLCANIC_ROCK_VOUCHER_9500,967.0,17.0,,,,,968,17,,,,,967.5,0.0
0,120600,VOLCANIC_ROCK_VOUCHER_9500,966.0,21.0,,,,,967,21,,,,,966.5,0.0
0,120700,VOLCANIC_ROCK_VOUCHER_9500,962.0,13.0,,,,,963,13,,,,,962.5,0.0
0,120800,VOLCANIC_ROCK_VOUCHER_9500,960.0,13.0,,,,,961,13,,,,,960.5,0.0
0,120900,VOLCANIC_ROCK_VOUCHER_9500,960.0,14.0,,,,,961,14,,,,,960.5,0.0
0,121000,VOLCANIC_ROCK_VOUCHER_9500,960.0,21.0,,,,,961,21,,,,,960.5,0.0
0,121100,VOLCANIC_ROCK_VOUCHER_9500,,,,,,,962,1,963.0,13.0,,,962.0,0.0
0,121200,VOLCANIC_ROCK_VOUCHER_9500,962.0,15.0,,,,,963,15,,,,,962.5,0.0
0,121300,VOLCANIC_ROCK_VOUCHER_9500,961.0,12.0,,,,,962,12,,,,,961.5,0.0
0,121400,VOLCANIC_ROCK_VOUCHER_9500,961.0,16.0,,,,,963,16,,,,,962.0,0.0
0,121500,VOLCANIC_ROCK_VOUCHER_9500,963.0,18.0,,,,,964,18,,,,,963.5,0.0
0,121600,VOLCANIC_ROCK_VOUCHER_9500,960.0,7.0,,,,,962,20,,,,,961.0,0.0
0,121700,VOLCANIC_ROCK_VOUCHER_9500,958.0,1.0,,,,,959,21,,,,,958.5,0.0
0,121800,VOLCANIC_ROCK_VOUCHER_9500,962.0,13.0,,,,,963,13,,,,,962.5,0.0
0,121900,VOLCANIC_ROCK_VOUCHER_9500,963.0,12.0,,,,,964,12,,,,,963.5,0.0
0,122000,VOLCANIC_ROCK_VOUCHER_9500,962.0,17.0,,,,,964,17,,,,,963.0,0.0
0,122100,VOLCANIC_ROCK_VOUCHER_9500,963.0,37.0,,,,,964,19,,,,,963.5,0.0
0,122200,VOLCANIC_ROCK_VOUCHER_9500,967.0,20.0,,,,,968,20,,,,,967.5,0.0
0,122300,VOLCANIC_ROCK_VOUCHER_9500,967.0,17.0,,,,,968,17,,,,,967.5,0.0
0,122400,VOLCANIC_ROCK_VOUCHER_9500,971.0,11.0,,,,,972,11,,,,,971.5,0.0
0,122500,VOLCANIC_ROCK_VOUCHER_9500,973.0,12.0,,,,,974,12,,,,,973.5,0.0
0,122600,VOLCANIC_ROCK_VOUCHER_9500,973.0,13.0,,,,,974,13,,,,,973.5,0.0
0,122700,VOLCANIC_ROCK_VOUCHER_9500,979.0,11.0,,,,,981,11,,,,,980.0,0.0
0,122800,VOLCANIC_ROCK_VOUCHER_9500,975.0,12.0,,,,,976,12,,,,,975.5,0.0
0,122900,VOLCANIC_ROCK_VOUCHER_9500,976.0,19.0,,,,,977,19,,,,,976.5,0.0
0,123000,VOLCANIC_ROCK_VOUCHER_9500,970.0,10.0,,,,,971,10,,,,,970.5,0.0
0,123100,VOLCANIC_ROCK_VOUCHER_9500,968.0,18.0,,,,,969,18,,,,,968.5,0.0
0,123200,VOLCANIC_ROCK_VOUCHER_9500,967.0,16.0,,,,,968,2,969.0,14.0,,,967.5,0.0
0,123300,VOLCANIC_ROCK_VOUCHER_9500,,,,,,,967,6,968.0,14.0,,,967.0,0.0
0,123400,VOLCANIC_ROCK_VOUCHER_9500,972.0,1.0,971.0,14.0,,,973,15,,,,,972.5,0.0
0,123500,VOLCANIC_ROCK_VOUCHER_9500,972.0,21.0,,,,,973,21,,,,,972.5,0.0
0,123600,VOLCANIC_ROCK_VOUCHER_9500,977.0,17.0,,,,,979,17,,,,,978.0,0.0
0,123700,VOLCANIC_ROCK_VOUCHER_9500,976.0,12.0,,,,,977,12,,,,,976.5,0.0
0,123800,VOLCANIC_ROCK_VOUCHER_9500,982.0,19.0,,,,,983,19,,,,,982.5,0.0
0,123900,VOLCANIC_ROCK_VOUCHER_9500,980.0,20.0,,,,,981,20,,,,,980.5,0.0
0,124000,VOLCANIC_ROCK_VOUCHER_9500,978.0,10.0,,,,,979,10,,,,,978.5,0.0
0,124100,VOLCANIC_ROCK_VOUCHER_9500,,,,,,,976,18,977.0,10.0,,,976.0,0.0
0,124200,VOLCANIC_ROCK_VOUCHER_9500,981.0,19.0,,,,,982,19,,,,,981.5,0.0
0,124300,VOLCANIC_ROCK_VOUCHER_9500,980.0,13.0,,,,,982,13,,,,,981.0,0.0
0,124400,VOLCANIC_ROCK_VOUCHER_9500,980.0,16.0,,,,,981,16,,,,,980.5,0.0
0,124500,VOLCANIC_ROCK_VOUCHER_9500,982.0,19.0,981.0,12.0,,,983,14,,,,,982.5,0.0
0,124600,VOLCANIC_ROCK_VOUCHER_9500,980.0,15.0,,,,,981,15,,,,,980.5,0.0
0,124700,VOLCANIC_ROCK_VOUCHER_9500,979.0,13.0,,,,,980,13,,,,,979.5,0.0
0,124800,VOLCANIC_ROCK_VOUCHER_9500,980.0,18.0,,,,,981,18,,,,,980.5,0.0
0,124900,VOLCANIC_ROCK_VOUCHER_9500,980.0,24.0,,,,,981,14,,,,,980.5,0.0
0,125000,VOLCANIC_ROCK_VOUCHER_9500,981.0,13.0,,,,,982,13,,,,,981.5,0.0
0,125100,VOLCANIC_ROCK_VOUCHER_9500,983.0,20.0,,,,,984,20,,,,,983.5,0.0
0,125200,VOLCANIC_ROCK_VOUCHER_9500,982.0,15.0,,,,,983,15,,,,,982.5,0.0
0,125300,VOLCANIC_ROCK_VOUCHER_9500,983.0,17.0,,,,,984,17,,,,,983.5,0.0
0,125400,VOLCANIC_ROCK_VOUCHER_9500,983.0,34.0,,,,,984,21,,,,,983.5,0.0
0,125500,VOLCANIC_ROCK_VOUCHER_9500,981.0,10.0,,,,,982,10,,,,,981.5,0.0
0,125600,VOLCANIC_ROCK_VOUCHER_9500,978.0,26.0,,,,,979,11,,,,,978.5,0.0
0,125700,VOLCANIC_ROCK_VOUCHER_9500,974.0,16.0,,,,,975,16,,,,,974.5,0.0
0,125800,VOLCANIC_ROCK_VOUCHER_9500,974.0,16.0,,,,,975,16,,,,,974.5,0.0
0,125900,VOLCANIC_ROCK_VOUCHER_9500,,,,,,,975,8,976.0,12.0,,,975.0,0.0
0,126000,VOLCANIC_ROCK_VOUCHER_9500,977.0,14.0,,,,,978,15,,,,,977.5,0.0
0,126100,VOLCANIC_ROCK_VOUCHER_9500,,,,,,,978,2,979.0,18.0,,,978.0,0.0
0,126200,VOLCANIC_ROCK_VOUCHER_9500,978.0,18.0,,,,,979,18,,,,,978.5,0.0
0,126300,VOLCANIC_ROCK_VOUCHER_9500,975.0,14.0,,,,,977,14,,,,,976.0,0.0
0,126400,VOLCANIC_ROCK_VOUCHER_9500,978.0,18.0,,,,,979,18,,,,,978.5,0.0
0,126500,VOLCANIC_ROCK_VOUCHER_9500,983.0,12.0,,,,,984,12,,,,,983.5,0.0
0,126600,VOLCANIC_ROCK_VOUCHER_9500,984.0,12.0,,,,,985,12,,,,,984.5,0.0
0,126700,VOLCANIC_ROCK_VOUCHER_9500,983.0,12.0,,,,,984,12,,,,,983.5,0.0
0,126800,VOLCANIC_ROCK_VOUCHER_9500,980.0,11.0,,,,,981,11,,,,,980.5,0.0
0,126900,VOLCANIC_ROCK_VOUCHER_9500,977.0,20.0,,,,,979,20,,,,,978.0,0.0
0,127000,VOLCANIC_ROCK_VOUCHER_9500,973.0,14.0,,,,,974,14,,,,,973.5,0.0
0,127100,VOLCANIC_ROCK_VOUCHER_9500,976.0,15.0,,,,,977,15,,,,,976.5,0.0
0,127200,VOLCANIC_ROCK_VOUCHER_9500,979.0,18.0,,,,,980,18,,,,,979.5,0.0
0,127300,VOLCANIC_ROCK_VOUCHER_9500,979.0,20.0,,,,,981,20,,,,,980.0,0.0
0,127400,VOLCANIC_ROCK_VOUCHER_9500,982.0,13.0,,,,,984,13,,,,,983.0,0.0
0,127500,VOLCANIC_ROCK_VOUCHER_9500,981.0,22.0,,,,,982,22,,,,,981.5,0.0
0,127600,VOLCANIC_ROCK_VOUCHER_9500,973.0,21.0,,,,,974,21,,,,,973.5,0.0
0,127700,VOLCANIC_ROCK_VOUCHER_9500,971.0,22.0,,,,,972,22,,,,,971.5,0.0
0,127800,VOLCANIC_ROCK_VOUCHER_9500,972.0,22.0,,,,,973,22,,,,,972.5,0.0
0,127900,VOLCANIC_ROCK_VOUCHER_9500,970.0,10.0,,,,,971,10,,,,,970.5,0.0
0,128000,VOLCANIC_ROCK_VOUCHER_9500,970.0,10.0,,,,,971,10,,,,,970.5,0.0
0,128100,VOLCANIC_ROCK_VOUCHER_9500,967.0,15.0,,,,,968,15,,,,,967.5,0.0
0,128200,VOLCANIC_ROCK_VOUCHER_9500,971.0,21.0,,,,,972,21,,,,,971.5,0.0
0,128300,VOLCANIC_ROCK_VOUCHER_9500,971.0,32.0,,,,,972,21,,,,,971.5,0.0
0,128400,VOLCANIC_ROCK_VOUCHER_9500,970.0,13.0,,,,,972,13,,,,,971.0,0.0
0,128500,VOLCANIC_ROCK_VOUCHER_9500,973.0,21.0,,,,,974,21,,,,,973.5,0.0
0,128600,VOLCANIC_ROCK_VOUCHER_9500,979.0,15.0,,,,,980,1,981.0,14.0,,,979.5,0.0
0,128700,VOLCANIC_ROCK_VOUCHER_9500,980.0,21.0,,,,,981,21,,,,,980.5,0.0
0,128800,VOLCANIC_ROCK_VOUCHER_9500,976.0,15.0,,,,,978,15,,,,,977.0,0.0
0,128900,VOLCANIC_ROCK_VOUCHER_9500,978.0,11.0,,,,,979,11,,,,,978.5,0.0
0,129000,VOLCANIC_ROCK_VOUCHER_9500,981.0,14.0,,,,,983,14,,,,,982.0,0.0
0,129100,VOLCANIC_ROCK_VOUCHER_9500,982.0,16.0,,,,,983,16,,,,,982.5,0.0
0,129200,VOLCANIC_ROCK_VOUCHER_9500,982.0,20.0,,,,,984,20,,,,,983.0,0.0
0,129300,VOLCANIC_ROCK_VOUCHER_9500,983.0,14.0,,,,,985,14,,,,,984.0,0.0
0,129400,VOLCANIC_ROCK_VOUCHER_9500,976.0,18.0,,,,,977,11,,,,,976.5,0.0
0,129500,VOLCANIC_ROCK_VOUCHER_9500,975.0,16.0,,,,,976,16,,,,,975.5,0.0
0,129600,VOLCANIC_ROCK_VOUCHER_9500,975.0,18.0,,,,,976,18,,,,,975.5,0.0
0,129700,VOLCANIC_ROCK_VOUCHER_9500,977.0,22.0,,,,,978,22,,,,,977.5,0.0
0,129800,VOLCANIC_ROCK_VOUCHER_9500,975.0,14.0,,,,,976,14,,,,,975.5,0.0
0,129900,VOLCANIC_ROCK_VOUCHER_9500,973.0,15.0,,,,,975,15,,,,,974.0,0.0
0,130000,VOLCANIC_ROCK_VOUCHER_9500,972.0,15.0,,,,,973,15,,,,,972.5,0.0
0,130100,VOLCANIC_ROCK_VOUCHER_9500,970.0,17.0,,,,,971,17,,,,,970.5,0.0
0,130200,VOLCANIC_ROCK_VOUCHER_9500,964.0,19.0,,,,,965,19,,,,,964.5,0.0
0,130300,VOLCANIC_ROCK_VOUCHER_9500,958.0,14.0,,,,,960,14,,,,,959.0,0.0
0,130400,VOLCANIC_ROCK_VOUCHER_9500,959.0,18.0,,,,,961,18,,,,,960.0,0.0
0,130500,VOLCANIC_ROCK_VOUCHER_9500,963.0,17.0,,,,,964,17,,,,,963.5,0.0
0,130600,VOLCANIC_ROCK_VOUCHER_9500,963.0,16.0,,,,,964,16,,,,,963.5,0.0
0,130700,VOLCANIC_ROCK_VOUCHER_9500,960.0,19.0,,,,,961,19,,,,,960.5,0.0
0,130800,VOLCANIC_ROCK_VOUCHER_9500,964.0,19.0,,,,,965,19,,,,,964.5,0.0
0,130900,VOLCANIC_ROCK_VOUCHER_9500,963.0,12.0,,,,,964,12,,,,,963.5,0.0
0,131000,VOLCANIC_ROCK_VOUCHER_9500,966.0,16.0,,,,,967,16,,,,,966.5,0.0
0,131100,VOLCANIC_ROCK_VOUCHER_9500,967.0,14.0,,,,,968,14,,,,,967.5,0.0
0,131200,VOLCANIC_ROCK_VOUCHER_9500,967.0,15.0,,,,,968,15,,,,,967.5,0.0
0,131300,VOLCANIC_ROCK_VOUCHER_9500,,,,,,,966,7,967.0,10.0,,,966.0,0.0
0,131400,VOLCANIC_ROCK_VOUCHER_9500,969.0,20.0,,,,,970,20,,,,,969.5,0.0
0,131500,VOLCANIC_ROCK_VOUCHER_9500,965.0,18.0,,,,,966,18,,,,,965.5,0.0
0,131600,VOLCANIC_ROCK_VOUCHER_9500,970.0,11.0,,,,,971,11,,,,,970.5,0.0
0,131700,VOLCANIC_ROCK_VOUCHER_9500,975.0,12.0,,,,,976,12,,,,,975.5,0.0
0,131800,VOLCANIC_ROCK_VOUCHER_9500,975.0,14.0,,,,,976,14,,,,,975.5,0.0
0,131900,VOLCANIC_ROCK_VOUCHER_9500,975.0,21.0,,,,,976,21,,,,,975.5,0.0
0,132000,VOLCANIC_ROCK_VOUCHER_9500,977.0,13.0,,,,,978,13,,,,,977.5,0.0
0,132100,VOLCANIC_ROCK_VOUCHER_9500,980.0,18.0,,,,,981,18,,,,,980.5,0.0
0,132200,VOLCANIC_ROCK_VOUCHER_9500,979.0,17.0,,,,,980,17,,,,,979.5,0.0
0,132300,VOLCANIC_ROCK_VOUCHER_9500,977.0,17.0,,,,,978,17,,,,,977.5,0.0
0,132400,VOLCANIC_ROCK_VOUCHER_9500,973.0,20.0,,,,,974,20,,,,,973.5,0.0
0,132500,VOLCANIC_ROCK_VOUCHER_9500,974.0,14.0,,,,,975,14,,,,,974.5,0.0
0,132600,VOLCANIC_ROCK_VOUCHER_9500,972.0,14.0,,,,,973,14,,,,,972.5,0.0
0,132700,VOLCANIC_ROCK_VOUCHER_9500,971.0,21.0,,,,,972,21,,,,,971.5,0.0
0,132800,VOLCANIC_ROCK_VOUCHER_9500,970.0,18.0,,,,,971,18,,,,,970.5,0.0
0,132900,VOLCANIC_ROCK_VOUCHER_9500,972.0,14.0,,,,,973,14,,,,,972.5,0.0
0,133000,VOLCANIC_ROCK_VOUCHER_9500,978.0,13.0,,,,,979,13,,,,,978.5,0.0
0,133100,VOLCANIC_ROCK_VOUCHER_9500,975.0,8.0,,,,,977,20,,,,,976.0,0.0
0,133200,VOLCANIC_ROCK_VOUCHER_9500,972.0,15.0,,,,,973,15,,,,,972.5,0.0
0,133300,VOLCANIC_ROCK_VOUCHER_9500,972.0,14.0,,,,,973,14,,,,,972.5,0.0
0,133400,VOLCANIC_ROCK_VOUCHER_9500,976.0,15.0,,,,,977,15,,,,,976.5,0.0
0,133500,VOLCANIC_ROCK_VOUCHER_9500,973.0,12.0,,,,,974,12,,,,,973.5,0.0
0,133600,VOLCANIC_ROCK_VOUCHER_9500,975.0,15.0,,,,,977,15,,,,,976.0,0.0
0,133700,VOLCANIC_ROCK_VOUCHER_9500,972.0,12.0,,,,,973,12,,,,,972.5,0.0
0,133800,VOLCANIC_ROCK_VOUCHER_9500,976.0,12.0,,,,,977,12,,,,,976.5,0.0
0,133900,VOLCANIC_ROCK_VOUCHER_9500,978.0,31.0,,,,,979,17,,,,,978.5,0.0
0,134000,VOLCANIC_ROCK_VOUCHER_9500,979.0,21.0,,,,,980,21,,,,,979.5,0.0
0,134100,VOLCANIC_ROCK_VOUCHER_9500,980.0,13.0,,,,,981,13,,,,,980.5,0.0
0,134200,VOLCANIC_ROCK_VOUCHER_9500,981.0,17.0,,,,,982,17,,,,,981.5,0.0
0,134300,VOLCANIC_ROCK_VOUCHER_9500,978.0,15.0,,,,,979,15,,,,,978.5,0.0
0,134400,VOLCANIC_ROCK_VOUCHER_9500,978.0,16.0,,,,,979,16,,,,,978.5,0.0
0,134500,VOLCANIC_ROCK_VOUCHER_9500,977.0,11.0,,,,,978,11,,,,,977.5,0.0
0,134600,VOLCANIC_ROCK_VOUCHER_9500,975.0,13.0,,,,,976,13,,,,,975.5,0.0
0,134700,VOLCANIC_ROCK_VOUCHER_9500,976.0,11.0,,,,,977,11,,,,,976.5,0.0
0,134800,VOLCANIC_ROCK_VOUCHER_9500,973.0,22.0,,,,,974,22,,,,,973.5,0.0
0,134900,VOLCANIC_ROCK_VOUCHER_9500,971.0,21.0,,,,,972,21,,,,,971.5,0.0
0,135000,VOLCANIC_ROCK_VOUCHER_9500,970.0,12.0,,,,,972,12,,,,,971.0,0.0
0,135100,VOLCANIC_ROCK_VOUCHER_9500,970.0,16.0,,,,,971,16,,,,,970.5,0.0
0,135200,VOLCANIC_ROCK_VOUCHER_9500,974.0,18.0,,,,,975,18,,,,,974.5,0.0
0,135300,VOLCANIC_ROCK_VOUCHER_9500,972.0,19.0,,,,,973,19,,,,,972.5,0.0
0,135400,VOLCANIC_ROCK_VOUCHER_9500,973.0,12.0,,,,,974,12,,,,,973.5,0.0
0,135500,VOLCANIC_ROCK_VOUCHER_9500,971.0,15.0,,,,,972,15,,,,,971.5,0.0
0,135600,VOLCANIC_ROCK_VOUCHER_9500,970.0,14.0,,,,,971,14,,,,,970.5,0.0
0,135700,VOLCANIC_ROCK_VOUCHER_9500,961.0,15.0,,,,,962,15,,,,,961.5,0.0
0,135800,VOLCANIC_ROCK_VOUCHER_9500,952.0,18.0,,,,,953,18,,,,,952.5,0.0
0,135900,VOLCANIC_ROCK_VOUCHER_9500,950.0,17.0,,,,,951,17,,,,,950.5,0.0
0,136000,VOLCANIC_ROCK_VOUCHER_9500,942.0,14.0,,,,,944,14,,,,,943.0,0.0
0,136100,VOLCANIC_ROCK_VOUCHER_9500,938.0,16.0,,,,,939,16,,,,,938.5,0.0
0,136200,VOLCANIC_ROCK_VOUCHER_9500,944.0,10.0,,,,,945,10,,,,,944.5,0.0
0,136300,VOLCANIC_ROCK_VOUCHER_9500,946.0,11.0,,,,,947,11,,,,,946.5,0.0
0,136400,VOLCANIC_ROCK_VOUCHER_9500,948.0,18.0,,,,,949,18,,,,,948.5,0.0
0,136500,VOLCANIC_ROCK_VOUCHER_9500,951.0,19.0,,,,,952,19,,,,,951.5,0.0
0,136600,VOLCANIC_ROCK_VOUCHER_9500,953.0,11.0,,,,,954,11,,,,,953.5,0.0
0,136700,VOLCANIC_ROCK_VOUCHER_9500,956.0,12.0,,,,,957,12,,,,,956.5,0.0
0,136800,VOLCANIC_ROCK_VOUCHER_9500,962.0,10.0,,,,,963,10,,,,,962.5,0.0
0,136900,VOLCANIC_ROCK_VOUCHER_9500,957.0,20.0,,,,,958,20,,,,,957.5,0.0
0,137000,VOLCANIC_ROCK_VOUCHER_9500,955.0,15.0,,,,,957,15,,,,,956.0,0.0
0,137100,VOLCANIC_ROCK_VOUCHER_9500,958.0,4.0,,,,,959,15,,,,,958.5,0.0
0,137200,VOLCANIC_ROCK_VOUCHER_9500,960.0,20.0,,,,,961,20,,,,,960.5,0.0
0,137300,VOLCANIC_ROCK_VOUCHER_9500,955.0,14.0,,,,,956,14,,,,,955.5,0.0
0,137400,VOLCANIC_ROCK_VOUCHER_9500,953.0,11.0,,,,,954,11,,,,,953.5,0.0
0,137500,VOLCANIC_ROCK_VOUCHER_9500,955.0,19.0,,,,,956,19,,,,,955.5,0.0
0,137600,VOLCANIC_ROCK_VOUCHER_9500,954.0,11.0,,,,,955,11,,,,,954.5,0.0
0,137700,VOLCANIC_ROCK_VOUCHER_9500,956.0,21.0,,,,,957,21,,,,,956.5,0.0
0,137800,VOLCANIC_ROCK_VOUCHER_9500,946.0,22.0,,,,,947,22,,,,,946.5,0.0
0,137900,VOLCANIC_ROCK_VOUCHER_9500,942.0,15.0,,,,,943,15,,,,,942.5,0.0
0,138000,VOLCANIC_ROCK_VOUCHER_9500,936.0,18.0,,,,,937,18,,,,,936.5,0.0
0,138100,VOLCANIC_ROCK_VOUCHER_9500,925.0,21.0,,,,,927,21,,,,,926.0,0.0
0,138200,VOLCANIC_ROCK_VOUCHER_9500,925.0,14.0,,,,,926,14,,,,,925.5,0.0
0,138300,VOLCANIC_ROCK_VOUCHER_9500,923.0,11.0,,,,,924,11,,,,,923.5,0.0
0,138400,VOLCANIC_ROCK_VOUCHER_9500,914.0,22.0,,,,,915,22,,,,,914.5,0.0
0,138500,VOLCANIC_ROCK_VOUCHER_9500,917.0,13.0,,,,,918,13,,,,,917.5,0.0
0,138600,VOLCANIC_ROCK_VOUCHER_9500,920.0,21.0,,,,,921,21,,,,,920.5,0.0
0,138700,VOLCANIC_ROCK_VOUCHER_9500,921.0,20.0,,,,,922,20,,,,,921.5,0.0
0,138800,VOLCANIC_ROCK_VOUCHER_9500,922.0,19.0,,,,,923,19,,,,,922.5,0.0
0,138900,VOLCANIC_ROCK_VOUCHER_9500,928.0,1.0,927.0,18.0,,,929,19,,,,,928.5,0.0
0,139000,VOLCANIC_ROCK_VOUCHER_9500,930.0,20.0,,,,,931,20,,,,,930.5,0.0
0,139100,VOLCANIC_ROCK_VOUCHER_9500,926.0,11.0,,,,,927,11,,,,,926.5,0.0
0,139200,VOLCANIC_ROCK_VOUCHER_9500,928.0,11.0,,,,,929,11,,,,,928.5,0.0
0,139300,VOLCANIC_ROCK_VOUCHER_9500,930.0,16.0,,,,,931,16,,,,,930.5,0.0
0,139400,VOLCANIC_ROCK_VOUCHER_9500,928.0,12.0,,,,,929,12,,,,,928.5,0.0
