day,timestamp,product,bid_price_1,bid_volume_1,bid_price_2,bid_volume_2,bid_price_3,bid_volume_3,ask_price_1,ask_volume_1,ask_price_2,ask_volume_2,ask_price_3,ask_volume_3,mid_price,profit_and_loss
1,0,VOLCANIC_ROCK_VOUCHER_10250,279.0,12.0,,,,,280,12,,,,,279.5,0.0
1,100,VOLCANIC_ROCK_VOUCHER_10250,278.0,13.0,,,,,279,13,,,,,278.5,0.0
1,200,VOLCANIC_ROCK_VOUCHER_10250,278.0,16.0,,,,,279,16,,,,,278.5,0.0
1,300,VOLCANIC_ROCK_VOUCHER_10250,280.0,14.0,,,,,281,14,,,,,280.5,0.0
1,400,VOLCANIC_ROCK_VOUCHER_10250,282.0,18.0,,,,,283,18,,,,,282.5,0.0
1,500,VOLCANIC_ROCK_VOUCHER_10250,280.0,17.0,,,,,281,17,,,,,280.5,0.0
1,600,VOLCANIC_ROCK_VOUCHER_10250,278.0,19.0,,,,,279,19,,,,,278.5,0.0
1,700,VOLCANIC_ROCK_VOUCHER_10250,279.0,12.0,,,,,280,12,,,,,279.5,0.0
1,800,VOLCANIC_ROCK_VOUCHER_10250,278.0,32.0,,,,,279,20,,,,,278.5,0.0
1,900,VOLCANIC_ROCK_VOUCHER_10250,,,,,,,279,4,280.0,13.0,,,279.0,0.0
1,1000,VOLCANIC_ROCK_VOUCHER_10250,279.0,25.0,,,,,280,20,,,,,279.5,0.0
1,1100,VOLCANIC_ROCK_VOUCHER_10250,280.0,15.0,,,,,281,15,,,,,280.5,0.0
1,1200,VOLCANIC_ROCK_VOUCHER_10250,280.0,29.0,,,,,281,18,,,,,280.5,0.0
1,1300,VOLCANIC_ROCK_VOUCHER_10250,279.0,12.0,,,,,280,12,,,,,279.5,0.0
1,1400,VOLCANIC_ROCK_VOUCHER_10250,280.0,15.0,,,,,281,15,,,,,280.5,0.0
1,1500,VOLCANIC_ROCK_VOUCHER_10250,280.0,19.0,,,,,281,19,,,,,280.5,0.0
1,1600,VOLCANIC_ROCK_VOUCHER_10250,279.0,17.0,,,,,280,17,,,,,279.5,0.0
1,1700,VOLCANIC_ROCK_VOUCHER_10250,279.0,11.0,,,,,280,11,,,,,279.5,0.0
1,1800,VOLCANIC_ROCK_VOUCHER_10250,278.0,10.0,,,,,279,10,,,,,278.5,0.0
1,1900,VOLCANIC_ROCK_VOUCHER_10250,277.0,4.0,,,,,278,20,,,,,277.5,0.0
1,2000,VOLCANIC_ROCK_VOUCHER_10250,278.0,8.0,,,,,279,22,,,,,278.5,0.0
1,2100,VOLCANIC_ROCK_VOUCHER_10250,277.0,25.0,,,,,278,19,,,,,277.5,0.0
1,2200,VOLCANIC_ROCK_VOUCHER_10250,275.0,25.0,,,,,276,15,,,,,275.5,0.0
1,2300,VOLCANIC_ROCK_VOUCHER_10250,274.0,22.0,,,,,275,22,,,,,274.5,0.0
1,2400,VOLCANIC_ROCK_VOUCHER_10250,273.0,12.0,,,,,274,12,,,,,273.5,0.0
1,2500,VOLCANIC_ROCK_VOUCHER_10250,276.0,2.0,275.0,16.0,,,277,18,,,,,276.5,0.0
1,2600,VOLCANIC_ROCK_VOUCHER_10250,273.0,17.0,,,,,275,17,,,,,274.0,0.0
1,2700,VOLCANIC_ROCK_VOUCHER_10250,272.0,16.0,,,,,273,16,,,,,272.5,0.0
1,2800,VOLCANIC_ROCK_VOUCHER_10250,272.0,17.0,,,,,273,17,,,,,272.5,0.0
1,2900,VOLCANIC_ROCK_VOUCHER_10250,269.0,16.0,,,,,270,16,,,,,269.5,0.0
1,3000,VOLCANIC_ROCK_VOUCHER_10250,269.0,14.0,,,,,270,14,,,,,269.5,0.0
1,3100,VOLCANIC_ROCK_VOUCHER_10250,269.0,21.0,,,,,270,21,,,,,269.5,0.0
1,3200,VOLCANIC_ROCK_VOUCHER_10250,270.0,39.0,,,,,271,19,,,,,270.5,0.0
1,3300,VOLCANIC_ROCK_VOUCHER_10250,269.0,11.0,,,,,270,11,,,,,269.5,0.0
1,3400,VOLCANIC_ROCK_VOUCHER_10250,270.0,12.0,,,,,271,12,,,,,270.5,0.0
1,3500,VOLCANIC_ROCK_VOUCHER_10250,271.0,18.0,,,,,272,18,,,,,271.5,0.0
1,3600,VOLCANIC_ROCK_VOUCHER_10250,270.0,11.0,,,,,271,11,,,,,270.5,0.0
1,3700,VOLCANIC_ROCK_VOUCHER_10250,270.0,17.0,,,,,271,17,,,,,270.5,0.0
1,3800,VOLCANIC_ROCK_VOUCHER_10250,272.0,17.0,,,,,273,17,,,,,272.5,0.0
1,3900,VOLCANIC_ROCK_VOUCHER_10250,271.0,0.0,,,,,272,12,,,,,271.5,0.0
1,4000,VOLCANIC_ROCK_VOUCHER_10250,272.0,17.0,,,,,273,17,,,,,272.5,0.0
1,4100,VOLCANIC_ROCK_VOUCHER_10250,271.0,22.0,,,,,272,2,273.0,20.0,,,271.5,0.0
1,4200,VOLCANIC_ROCK_VOUCHER_10250,273.0,14.0,,,,,274,14,,,,,273.5,0.0
1,4300,VOLCANIC_ROCK_VOUCHER_10250,,,,,,,272,18,,,,,272.0,0.0
1,4400,VOLCANIC_ROCK_VOUCHER_10250,271.0,20.0,,,,,272,20,,,,,271.5,0.0
1,4500,VOLCANIC_ROCK_VOUCHER_10250,270.0,20.0,,,,,271,20,,,,,270.5,0.0
1,4600,VOLCANIC_ROCK_VOUCHER_10250,270.0,12.0,,,,,271,12,,,,,270.5,0.0
1,4700,VOLCANIC_ROCK_VOUCHER_10250,270.0,18.0,,,,,271,18,,,,,270.5,0.0
1,4800,VOLCANIC_ROCK_VOUCHER_10250,269.0,14.0,,,,,271,14,,,,,270.0,0.0
1,4900,VOLCANIC_ROCK_VOUCHER_10250,267.0,12.0,,,,,268,12,,,,,267.5,0.0
1,5000,VOLCANIC_ROCK_VOUCHER_10250,268.0,18.0,,,,,269,18,,,,,268.5,0.0
1,5100,VOLCANIC_ROCK_VOUCHER_10250,267.0,17.0,,,,,268,17,,,,,267.5,0.0
1,5200,VOLCANIC_ROCK_VOUCHER_10250,267.0,18.0,,,,,268,18,,,,,267.5,0.0
1,5300,VOLCANIC_ROCK_VOUCHER_10250,269.0,12.0,,,,,270,12,,,,,269.5,0.0
1,5400,VOLCANIC_ROCK_VOUCHER_10250,270.0,12.0,,,,,271,12,,,,,270.5,0.0
1,5500,VOLCANIC_ROCK_VOUCHER_10250,273.0,19.0,,,,,274,19,,,,,273.5,0.0
1,5600,VOLCANIC_ROCK_VOUCHER_10250,275.0,12.0,,,,,276,12,,,,,275.5,0.0
1,5700,VOLCANIC_ROCK_VOUCHER_10250,273.0,20.0,,,,,274,20,,,,,273.5,0.0
1,5800,VOLCANIC_ROCK_VOUCHER_10250,275.0,18.0,,,,,276,18,,,,,275.5,0.0
1,5900,VOLCANIC_ROCK_VOUCHER_10250,276.0,19.0,,,,,277,19,,,,,276.5,0.0
1,6000,VOLCANIC_ROCK_VOUCHER_10250,277.0,18.0,,,,,278,18,,,,,277.5,0.0
1,6100,VOLCANIC_ROCK_VOUCHER_10250,278.0,20.0,,,,,279,20,,,,,278.5,0.0
1,6200,VOLCANIC_ROCK_VOUCHER_10250,277.0,12.0,,,,,278,12,,,,,277.5,0.0
1,6300,VOLCANIC_ROCK_VOUCHER_10250,277.0,15.0,,,,,278,15,,,,,277.5,0.0
1,6400,VOLCANIC_ROCK_VOUCHER_10250,274.0,18.0,,,,,275,18,,,,,274.5,0.0
1,6500,VOLCANIC_ROCK_VOUCHER_10250,275.0,23.0,,,,,276,12,,,,,275.5,0.0
1,6600,VOLCANIC_ROCK_VOUCHER_10250,272.0,17.0,,,,,274,17,,,,,273.0,0.0
1,6700,VOLCANIC_ROCK_VOUCHER_10250,274.0,12.0,,,,,275,12,,,,,274.5,0.0
1,6800,VOLCANIC_ROCK_VOUCHER_10250,275.0,4.0,,,,,276,15,,,,,275.5,0.0
1,6900,VOLCANIC_ROCK_VOUCHER_10250,278.0,21.0,,,,,279,21,,,,,278.5,0.0
1,7000,VOLCANIC_ROCK_VOUCHER_10250,278.0,12.0,,,,,279,12,,,,,278.5,0.0
1,7100,VOLCANIC_ROCK_VOUCHER_10250,276.0,15.0,,,,,277,15,,,,,276.5,0.0
1,7200,VOLCANIC_ROCK_VOUCHER_10250,275.0,13.0,,,,,276,13,,,,,275.5,0.0
1,7300,VOLCANIC_ROCK_VOUCHER_10250,273.0,21.0,,,,,274,21,,,,,273.5,0.0
1,7400,VOLCANIC_ROCK_VOUCHER_10250,275.0,15.0,,,,,276,15,,,,,275.5,0.0
1,7500,VOLCANIC_ROCK_VOUCHER_10250,275.0,19.0,,,,,276,19,,,,,275.5,0.0
1,7600,VOLCANIC_ROCK_VOUCHER_10250,275.0,13.0,,,,,276,13,,,,,275.5,0.0
1,7700,VOLCANIC_ROCK_VOUCHER_10250,275.0,14.0,,,,,276,14,,,,,275.5,0.0
1,7800,VOLCANIC_ROCK_VOUCHER_10250,275.0,21.0,,,,,276,11,,,,,275.5,0.0
1,7900,VOLCANIC_ROCK_VOUCHER_10250,275.0,13.0,,,,,276,13,,,,,275.5,0.0
1,8000,VOLCANIC_ROCK_VOUCHER_10250,276.0,14.0,,,,,277,14,,,,,276.5,0.0
1,8100,VOLCANIC_ROCK_VOUCHER_10250,275.0,17.0,,,,,276,17,,,,,275.5,0.0
1,8200,VOLCANIC_ROCK_VOUCHER_10250,275.0,17.0,,,,,276,17,,,,,275.5,0.0
1,8300,VOLCANIC_ROCK_VOUCHER_10250,275.0,19.0,,,,,276,19,,,,,275.5,0.0
1,8400,VOLCANIC_ROCK_VOUCHER_10250,272.0,32.0,,,,,273,20,,,,,272.5,0.0
1,8500,VOLCANIC_ROCK_VOUCHER_10250,272.0,16.0,,,,,273,16,,,,,272.5,0.0
1,8600,VOLCANIC_ROCK_VOUCHER_10250,272.0,20.0,,,,,273,20,,,,,272.5,0.0
1,8700,VOLCANIC_ROCK_VOUCHER_10250,273.0,20.0,,,,,274,20,,,,,273.5,0.0
1,8800,VOLCANIC_ROCK_VOUCHER_10250,272.0,12.0,,,,,273,12,,,,,272.5,0.0
1,8900,VOLCANIC_ROCK_VOUCHER_10250,,,,,,,274,9,275.0,11.0,,,274.0,0.0
1,9000,VOLCANIC_ROCK_VOUCHER_10250,274.0,12.0,,,,,275,12,,,,,274.5,0.0
1,9100,VOLCANIC_ROCK_VOUCHER_10250,270.0,10.0,,,,,271,10,,,,,270.5,0.0
1,9200,VOLCANIC_ROCK_VOUCHER_10250,271.0,12.0,,,,,272,12,,,,,271.5,0.0
1,9300,VOLCANIC_ROCK_VOUCHER_10250,272.0,17.0,,,,,273,17,,,,,272.5,0.0
1,9400,VOLCANIC_ROCK_VOUCHER_10250,272.0,12.0,,,,,273,12,,,,,272.5,0.0
1,9500,VOLCANIC_ROCK_VOUCHER_10250,273.0,12.0,,,,,274,12,,,,,273.5,0.0
1,9600,VOLCANIC_ROCK_VOUCHER_10250,273.0,11.0,,,,,274,11,,,,,273.5,0.0
1,9700,VOLCANIC_ROCK_VOUCHER_10250,273.0,13.0,,,,,274,13,,,,,273.5,0.0
1,9800,VOLCANIC_ROCK_VOUCHER_10250,275.0,18.0,,,,,276,18,,,,,275.5,0.0
1,9900,VOLCANIC_ROCK_VOUCHER_10250,275.0,13.0,,,,,276,13,,,,,275.5,0.0
1,10000,VOLCANIC_ROCK_VOUCHER_10250,276.0,18.0,,,,,277,18,,,,,276.5,0.0
1,10100,VOLCANIC_ROCK_VOUCHER_10250,276.0,11.0,,,,,277,11,,,,,276.5,0.0
1,10200,VOLCANIC_ROCK_VOUCHER_10250,274.0,17.0,,,,,275,17,,,,,274.5,0.0
1,10300,VOLCANIC_ROCK_VOUCHER_10250,274.0,14.0,,,,,275,14,,,,,274.5,0.0
1,10400,VOLCANIC_ROCK_VOUCHER_10250,272.0,11.0,,,,,273,11,,,,,272.5,0.0
1,10500,VOLCANIC_ROCK_VOUCHER_10250,266.0,17.0,,,,,267,17,,,,,266.5,0.0
1,10600,VOLCANIC_ROCK_VOUCHER_10250,267.0,16.0,,,,,268,16,,,,,267.5,0.0
1,10700,VOLCANIC_ROCK_VOUCHER_10250,266.0,16.0,,,,,267,16,,,,,266.5,0.0
1,10800,VOLCANIC_ROCK_VOUCHER_10250,268.0,18.0,,,,,269,18,,,,,268.5,0.0
1,10900,VOLCANIC_ROCK_VOUCHER_10250,269.0,16.0,,,,,270,16,,,,,269.5,0.0
1,11000,VOLCANIC_ROCK_VOUCHER_10250,270.0,12.0,,,,,271,12,,,,,270.5,0.0
1,11100,VOLCANIC_ROCK_VOUCHER_10250,270.0,19.0,,,,,271,19,,,,,270.5,0.0
1,11200,VOLCANIC_ROCK_VOUCHER_10250,268.0,34.0,,,,,269,14,,,,,268.5,0.0
1,11300,VOLCANIC_ROCK_VOUCHER_10250,270.0,12.0,,,,,271,12,,,,,270.5,0.0
1,11400,VOLCANIC_ROCK_VOUCHER_10250,271.0,20.0,,,,,272,20,,,,,271.5,0.0
1,11500,VOLCANIC_ROCK_VOUCHER_10250,270.0,19.0,,,,,271,19,,,,,270.5,0.0
1,11600,VOLCANIC_ROCK_VOUCHER_10250,265.0,22.0,,,,,266,22,,,,,265.5,0.0
1,11700,VOLCANIC_ROCK_VOUCHER_10250,267.0,15.0,,,,,268,15,,,,,267.5,0.0
1,11800,VOLCANIC_ROCK_VOUCHER_10250,267.0,19.0,,,,,268,19,,,,,267.5,0.0
1,11900,VOLCANIC_ROCK_VOUCHER_10250,267.0,15.0,,,,,268,15,,,,,267.5,0.0
1,12000,VOLCANIC_ROCK_VOUCHER_10250,268.0,15.0,,,,,269,15,,,,,268.5,0.0
1,12100,VOLCANIC_ROCK_VOUCHER_10250,268.0,12.0,,,,,269,12,,,,,268.5,0.0
1,12200,VOLCANIC_ROCK_VOUCHER_10250,267.0,22.0,,,,,268,22,,,,,267.5,0.0
1,12300,VOLCANIC_ROCK_VOUCHER_10250,265.0,15.0,,,,,266,15,,,,,265.5,0.0
1,12400,VOLCANIC_ROCK_VOUCHER_10250,267.0,11.0,,,,,268,11,,,,,267.5,0.0
1,12500,VOLCANIC_ROCK_VOUCHER_10250,267.0,11.0,,,,,268,11,,,,,267.5,0.0
1,12600,VOLCANIC_ROCK_VOUCHER_10250,267.0,16.0,,,,,268,16,,,,,267.5,0.0
1,12700,VOLCANIC_ROCK_VOUCHER_10250,268.0,19.0,,,,,269,19,,,,,268.5,0.0
1,12800,VOLCANIC_ROCK_VOUCHER_10250,267.0,13.0,,,,,268,13,,,,,267.5,0.0
1,12900,VOLCANIC_ROCK_VOUCHER_10250,268.0,15.0,,,,,269,15,,,,,268.5,0.0
1,13000,VOLCANIC_ROCK_VOUCHER_10250,268.0,14.0,,,,,269,14,,,,,268.5,0.0
1,13100,VOLCANIC_ROCK_VOUCHER_10250,265.0,11.0,,,,,266,11,,,,,265.5,0.0
1,13200,VOLCANIC_ROCK_VOUCHER_10250,265.0,16.0,,,,,266,16,,,,,265.5,0.0
1,13300,VOLCANIC_ROCK_VOUCHER_10250,266.0,14.0,,,,,267,14,,,,,266.5,0.0
1,13400,VOLCANIC_ROCK_VOUCHER_10250,266.0,17.0,,,,,267,17,,,,,266.5,0.0
1,13500,VOLCANIC_ROCK_VOUCHER_10250,267.0,11.0,,,,,268,11,,,,,267.5,0.0
1,13600,VOLCANIC_ROCK_VOUCHER_10250,267.0,20.0,,,,,268,20,,,,,267.5,0.0
1,13700,VOLCANIC_ROCK_VOUCHER_10250,268.0,38.0,,,,,269,18,,,,,268.5,0.0
1,13800,VOLCANIC_ROCK_VOUCHER_10250,267.0,12.0,,,,,268,12,,,,,267.5,0.0
1,13900,VOLCANIC_ROCK_VOUCHER_10250,266.0,21.0,,,,,267,21,,,,,266.5,0.0
1,14000,VOLCANIC_ROCK_VOUCHER_10250,268.0,17.0,,,,,269,17,,,,,268.5,0.0
1,14100,VOLCANIC_ROCK_VOUCHER_10250,267.0,19.0,,,,,268,19,,,,,267.5,0.0
1,14200,VOLCANIC_ROCK_VOUCHER_10250,266.0,19.0,,,,,267,19,,,,,266.5,0.0
1,14300,VOLCANIC_ROCK_VOUCHER_10250,266.0,16.0,,,,,267,16,,,,,266.5,0.0
1,14400,VOLCANIC_ROCK_VOUCHER_10250,266.0,16.0,,,,,267,16,,,,,266.5,0.0
1,14500,VOLCANIC_ROCK_VOUCHER_10250,267.0,1.0,,,,,268,12,,,,,267.5,0.0
1,14600,VOLCANIC_ROCK_VOUCHER_10250,264.0,9.0,,,,,265,20,,,,,264.5,0.0
1,14700,VOLCANIC_ROCK_VOUCHER_10250,260.0,11.0,,,,,261,11,,,,,260.5,0.0
1,14800,VOLCANIC_ROCK_VOUCHER_10250,260.0,13.0,,,,,261,13,,,,,260.5,0.0
1,14900,VOLCANIC_ROCK_VOUCHER_10250,260.0,13.0,,,,,261,13,,,,,260.5,0.0
1,15000,VOLCANIC_ROCK_VOUCHER_10250,260.0,19.0,,,,,261,19,,,,,260.5,0.0
1,15100,VOLCANIC_ROCK_VOUCHER_10250,262.0,21.0,,,,,263,21,,,,,262.5,0.0
1,15200,VOLCANIC_ROCK_VOUCHER_10250,260.0,12.0,,,,,261,12,,,,,260.5,0.0
1,15300,VOLCANIC_ROCK_VOUCHER_10250,262.0,2.0,,,,,263,16,,,,,262.5,0.0
1,15400,VOLCANIC_ROCK_VOUCHER_10250,262.0,14.0,,,,,263,14,,,,,262.5,0.0
1,15500,VOLCANIC_ROCK_VOUCHER_10250,262.0,18.0,,,,,263,18,,,,,262.5,0.0
1,15600,VOLCANIC_ROCK_VOUCHER_10250,262.0,18.0,,,,,263,18,,,,,262.5,0.0
1,15700,VOLCANIC_ROCK_VOUCHER_10250,260.0,20.0,,,,,261,20,,,,,260.5,0.0
1,15800,VOLCANIC_ROCK_VOUCHER_10250,262.0,12.0,,,,,263,12,,,,,262.5,0.0
1,15900,VOLCANIC_ROCK_VOUCHER_10250,262.0,14.0,,,,,263,14,,,,,262.5,0.0
1,16000,VOLCANIC_ROCK_VOUCHER_10250,262.0,14.0,,,,,263,14,,,,,262.5,0.0
1,16100,VOLCANIC_ROCK_VOUCHER_10250,261.0,13.0,,,,,262,13,,,,,261.5,0.0
1,16200,VOLCANIC_ROCK_VOUCHER_10250,260.0,17.0,,,,,261,17,,,,,260.5,0.0
1,16300,VOLCANIC_ROCK_VOUCHER_10250,261.0,20.0,,,,,262,20,,,,,261.5,0.0
1,16400,VOLCANIC_ROCK_VOUCHER_10250,260.0,33.0,,,,,261,19,,,,,260.5,0.0
1,16500,VOLCANIC_ROCK_VOUCHER_10250,261.0,16.0,,,,,262,16,,,,,261.5,0.0
1,16600,VOLCANIC_ROCK_VOUCHER_10250,254.0,20.0,,,,,256,20,,,,,255.0,0.0
1,16700,VOLCANIC_ROCK_VOUCHER_10250,255.0,18.0,,,,,256,18,,,,,255.5,0.0
1,16800,VOLCANIC_ROCK_VOUCHER_10250,255.0,12.0,,,,,256,12,,,,,255.5,0.0
1,16900,VOLCANIC_ROCK_VOUCHER_10250,255.0,20.0,,,,,256,20,,,,,255.5,0.0
1,17000,VOLCANIC_ROCK_VOUCHER_10250,256.0,1.0,255.0,11.0,,,257,12,,,,,256.5,0.0
1,17100,VOLCANIC_ROCK_VOUCHER_10250,251.0,11.0,,,,,252,11,,,,,251.5,0.0
1,17200,VOLCANIC_ROCK_VOUCHER_10250,250.0,12.0,,,,,251,12,,,,,250.5,0.0
1,17300,VOLCANIC_ROCK_VOUCHER_10250,251.0,11.0,,,,,252,11,,,,,251.5,0.0
1,17400,VOLCANIC_ROCK_VOUCHER_10250,248.0,15.0,,,,,249,15,,,,,248.5,0.0
1,17500,VOLCANIC_ROCK_VOUCHER_10250,248.0,18.0,,,,,249,18,,,,,248.5,0.0
1,17600,VOLCANIC_ROCK_VOUCHER_10250,248.0,11.0,,,,,249,11,,,,,248.5,0.0
1,17700,VOLCANIC_ROCK_VOUCHER_10250,248.0,11.0,,,,,249,11,,,,,248.5,0.0
1,17800,VOLCANIC_ROCK_VOUCHER_10250,248.0,32.0,,,,,249,13,,,,,248.5,0.0
1,17900,VOLCANIC_ROCK_VOUCHER_10250,250.0,17.0,,,,,251,17,,,,,250.5,0.0
1,18000,VOLCANIC_ROCK_VOUCHER_10250,250.0,20.0,,,,,251,20,,,,,250.5,0.0
1,18100,VOLCANIC_ROCK_VOUCHER_10250,251.0,36.0,,,,,252,19,,,,,251.5,0.0
1,18200,VOLCANIC_ROCK_VOUCHER_10250,249.0,22.0,,,,,250,22,,,,,249.5,0.0
1,18300,VOLCANIC_ROCK_VOUCHER_10250,251.0,14.0,,,,,252,14,,,,,251.5,0.0
1,18400,VOLCANIC_ROCK_VOUCHER_10250,250.0,17.0,,,,,251,17,,,,,250.5,0.0
1,18500,VOLCANIC_ROCK_VOUCHER_10250,251.0,12.0,,,,,252,12,,,,,251.5,0.0
1,18600,VOLCANIC_ROCK_VOUCHER_10250,251.0,15.0,,,,,252,15,,,,,251.5,0.0
1,18700,VOLCANIC_ROCK_VOUCHER_10250,253.0,20.0,,,,,254,20,,,,,253.5,0.0
1,18800,VOLCANIC_ROCK_VOUCHER_10250,253.0,19.0,,,,,254,19,,,,,253.5,0.0
1,18900,VOLCANIC_ROCK_VOUCHER_10250,250.0,15.0,,,,,251,15,,,,,250.5,0.0
1,19000,VOLCANIC_ROCK_VOUCHER_10250,252.0,20.0,,,,,253,20,,,,,252.5,0.0
1,19100,VOLCANIC_ROCK_VOUCHER_10250,249.0,22.0,,,,,250,22,,,,,249.5,0.0
1,19200,VOLCANIC_ROCK_VOUCHER_10250,252.0,19.0,,,,,253,19,,,,,252.5,0.0
1,19300,VOLCANIC_ROCK_VOUCHER_10250,253.0,12.0,,,,,254,12,,,,,253.5,0.0
1,19400,VOLCANIC_ROCK_VOUCHER_10250,252.0,22.0,,,,,253,22,,,,,252.5,0.0
1,19500,VOLCANIC_ROCK_VOUCHER_10250,253.0,14.0,,,,,254,14,,,,,253.5,0.0
1,19600,VOLCANIC_ROCK_VOUCHER_10250,253.0,17.0,,,,,254,17,,,,,253.5,0.0
1,19700,VOLCANIC_ROCK_VOUCHER_10250,252.0,12.0,,,,,253,12,,,,,252.5,0.0
1,19800,VOLCANIC_ROCK_VOUCHER_10250,252.0,16.0,,,,,253,16,,,,,252.5,0.0
1,19900,VOLCANIC_ROCK_VOUCHER_10250,252.0,15.0,,,,,253,15,,,,,252.5,0.0
1,20000,VOLCANIC_ROCK_VOUCHER_10250,253.0,11.0,,,,,254,11,,,,,253.5,0.0
1,20100,VOLCANIC_ROCK_VOUCHER_10250,253.0,13.0,,,,,254,13,,,,,253.5,0.0
1,20200,VOLCANIC_ROCK_VOUCHER_10250,256.0,16.0,,,,,257,16,,,,,256.5,0.0
1,20300,VOLCANIC_ROCK_VOUCHER_10250,258.0,17.0,,,,,259,17,,,,,258.5,0.0
1,20400,VOLCANIC_ROCK_VOUCHER_10250,259.0,19.0,,,,,260,19,,,,,259.5,0.0
1,20500,VOLCANIC_ROCK_VOUCHER_10250,258.0,19.0,,,,,259,19,,,,,258.5,0.0
1,20600,VOLCANIC_ROCK_VOUCHER_10250,260.0,30.0,,,,,261,17,,,,,260.5,0.0
1,20700,VOLCANIC_ROCK_VOUCHER_10250,259.0,11.0,,,,,260,11,,,,,259.5,0.0
1,20800,VOLCANIC_ROCK_VOUCHER_10250,259.0,21.0,,,,,260,21,,,,,259.5,0.0
1,20900,VOLCANIC_ROCK_VOUCHER_10250,262.0,19.0,,,,,263,19,,,,,262.5,0.0
1,21000,VOLCANIC_ROCK_VOUCHER_10250,262.0,18.0,,,,,263,18,,,,,262.5,0.0
1,21100,VOLCANIC_ROCK_VOUCHER_10250,264.0,11.0,,,,,265,11,,,,,264.5,0.0
1,21200,VOLCANIC_ROCK_VOUCHER_10250,261.0,12.0,,,,,262,12,,,,,261.5,0.0
1,21300,VOLCANIC_ROCK_VOUCHER_10250,264.0,18.0,,,,,265,18,,,,,264.5,0.0
1,21400,VOLCANIC_ROCK_VOUCHER_10250,264.0,15.0,,,,,265,15,,,,,264.5,0.0
1,21500,VOLCANIC_ROCK_VOUCHER_10250,267.0,21.0,,,,,268,21,,,,,267.5,0.0
1,21600,VOLCANIC_ROCK_VOUCHER_10250,266.0,18.0,,,,,267,18,,,,,266.5,0.0
1,21700,VOLCANIC_ROCK_VOUCHER_10250,265.0,18.0,,,,,266,18,,,,,265.5,0.0
1,21800,VOLCANIC_ROCK_VOUCHER_10250,263.0,18.0,,,,,264,18,,,,,263.5,0.0
1,21900,VOLCANIC_ROCK_VOUCHER_10250,264.0,14.0,,,,,265,14,,,,,264.5,0.0
1,22000,VOLCANIC_ROCK_VOUCHER_10250,264.0,19.0,,,,,265,19,,,,,264.5,0.0
1,22100,VOLCANIC_ROCK_VOUCHER_10250,262.0,19.0,,,,,263,19,,,,,262.5,0.0
1,22200,VOLCANIC_ROCK_VOUCHER_10250,262.0,19.0,,,,,263,19,,,,,262.5,0.0
1,22300,VOLCANIC_ROCK_VOUCHER_10250,263.0,22.0,,,,,264,22,,,,,263.5,0.0
1,22400,VOLCANIC_ROCK_VOUCHER_10250,257.0,21.0,,,,,258,21,,,,,257.5,0.0
1,22500,VOLCANIC_ROCK_VOUCHER_10250,257.0,12.0,,,,,258,12,,,,,257.5,0.0
1,22600,VOLCANIC_ROCK_VOUCHER_10250,257.0,13.0,,,,,258,13,,,,,257.5,0.0
1,22700,VOLCANIC_ROCK_VOUCHER_10250,254.0,11.0,,,,,255,11,,,,,254.5,0.0
1,22800,VOLCANIC_ROCK_VOUCHER_10250,251.0,18.0,,,,,252,18,,,,,251.5,0.0
1,22900,VOLCANIC_ROCK_VOUCHER_10250,249.0,11.0,,,,,250,11,,,,,249.5,0.0
1,23000,VOLCANIC_ROCK_VOUCHER_10250,250.0,18.0,,,,,251,18,,,,,250.5,0.0
1,23100,VOLCANIC_ROCK_VOUCHER_10250,252.0,17.0,,,,,253,17,,,,,252.5,0.0
1,23200,VOLCANIC_ROCK_VOUCHER_10250,251.0,19.0,,,,,252,19,,,,,251.5,0.0
1,23300,VOLCANIC_ROCK_VOUCHER_10250,250.0,21.0,,,,,251,21,,,,,250.5,0.0
1,23400,VOLCANIC_ROCK_VOUCHER_10250,252.0,15.0,,,,,254,15,,,,,253.0,0.0
1,23500,VOLCANIC_ROCK_VOUCHER_10250,254.0,17.0,,,,,255,17,,,,,254.5,0.0
1,23600,VOLCANIC_ROCK_VOUCHER_10250,255.0,15.0,,,,,256,15,,,,,255.5,0.0
1,23700,VOLCANIC_ROCK_VOUCHER_10250,254.0,11.0,,,,,255,11,,,,,254.5,0.0
1,23800,VOLCANIC_ROCK_VOUCHER_10250,253.0,13.0,,,,,254,13,,,,,253.5,0.0
1,23900,VOLCANIC_ROCK_VOUCHER_10250,252.0,12.0,,,,,253,12,,,,,252.5,0.0
1,24000,VOLCANIC_ROCK_VOUCHER_10250,252.0,18.0,,,,,253,18,,,,,252.5,0.0
1,24100,VOLCANIC_ROCK_VOUCHER_10250,254.0,19.0,,,,,255,19,,,,,254.5,0.0
1,24200,VOLCANIC_ROCK_VOUCHER_10250,258.0,17.0,,,,,259,17,,,,,258.5,0.0
1,24300,VOLCANIC_ROCK_VOUCHER_10250,258.0,17.0,,,,,259,17,,,,,258.5,0.0
1,24400,VOLCANIC_ROCK_VOUCHER_10250,260.0,14.0,,,,,261,14,,,,,260.5,0.0
1,24500,VOLCANIC_ROCK_VOUCHER_10250,259.0,20.0,,,,,260,20,,,,,259.5,0.0
1,24600,VOLCANIC_ROCK_VOUCHER_10250,258.0,17.0,,,,,260,17,,,,,259.0,0.0
1,24700,VOLCANIC_ROCK_VOUCHER_10250,257.0,15.0,,,,,258,15,,,,,257.5,0.0
1,24800,VOLCANIC_ROCK_VOUCHER_10250,259.0,12.0,,,,,260,12,,,,,259.5,0.0
1,24900,VOLCANIC_ROCK_VOUCHER_10250,262.0,14.0,,,,,263,14,,,,,262.5,0.0
1,25000,VOLCANIC_ROCK_VOUCHER_10250,262.0,17.0,,,,,263,17,,,,,262.5,0.0
1,25100,VOLCANIC_ROCK_VOUCHER_10250,262.0,16.0,,,,,264,16,,,,,263.0,0.0
1,25200,VOLCANIC_ROCK_VOUCHER_10250,263.0,20.0,,,,,264,20,,,,,263.5,0.0
1,25300,VOLCANIC_ROCK_VOUCHER_10250,261.0,12.0,,,,,262,12,,,,,261.5,0.0
1,25400,VOLCANIC_ROCK_VOUCHER_10250,262.0,12.0,,,,,263,12,,,,,262.5,0.0
1,25500,VOLCANIC_ROCK_VOUCHER_10250,262.0,32.0,,,,,263,20,,,,,262.5,0.0
1,25600,VOLCANIC_ROCK_VOUCHER_10250,262.0,11.0,,,,,263,11,,,,,262.5,0.0
1,25700,VOLCANIC_ROCK_VOUCHER_10250,261.0,13.0,,,,,262,13,,,,,261.5,0.0
1,25800,VOLCANIC_ROCK_VOUCHER_10250,262.0,22.0,,,,,263,22,,,,,262.5,0.0
1,25900,VOLCANIC_ROCK_VOUCHER_10250,262.0,13.0,,,,,263,13,,,,,262.5,0.0
1,26000,VOLCANIC_ROCK_VOUCHER_10250,262.0,10.0,,,,,263,10,,,,,262.5,0.0
1,26100,VOLCANIC_ROCK_VOUCHER_10250,266.0,14.0,,,,,267,14,,,,,266.5,0.0
1,26200,VOLCANIC_ROCK_VOUCHER_10250,267.0,15.0,,,,,268,15,,,,,267.5,0.0
1,26300,VOLCANIC_ROCK_VOUCHER_10250,265.0,17.0,,,,,266,17,,,,,265.5,0.0
1,26400,VOLCANIC_ROCK_VOUCHER_10250,266.0,19.0,,,,,267,19,,,,,266.5,0.0
1,26500,VOLCANIC_ROCK_VOUCHER_10250,266.0,17.0,,,,,267,17,,,,,266.5,0.0
1,26600,VOLCANIC_ROCK_VOUCHER_10250,263.0,0.0,,,,,264,17,,,,,263.5,0.0
1,26700,VOLCANIC_ROCK_VOUCHER_10250,261.0,18.0,260.0,14.0,,,262,14,,,,,261.5,0.0
1,26800,VOLCANIC_ROCK_VOUCHER_10250,,,,,,,262,5,263.0,15.0,,,262.0,0.0
1,26900,VOLCANIC_ROCK_VOUCHER_10250,262.0,15.0,,,,,263,15,,,,,262.5,0.0
1,27000,VOLCANIC_ROCK_VOUCHER_10250,260.0,12.0,,,,,261,12,,,,,260.5,0.0
1,27100,VOLCANIC_ROCK_VOUCHER_10250,257.0,18.0,,,,,258,18,,,,,257.5,0.0
1,27200,VOLCANIC_ROCK_VOUCHER_10250,254.0,17.0,,,,,255,17,,,,,254.5,0.0
1,27300,VOLCANIC_ROCK_VOUCHER_10250,254.0,13.0,,,,,255,13,,,,,254.5,0.0
1,27400,VOLCANIC_ROCK_VOUCHER_10250,249.0,18.0,,,,,250,18,,,,,249.5,0.0
1,27500,VOLCANIC_ROCK_VOUCHER_10250,250.0,15.0,,,,,251,15,,,,,250.5,0.0
1,27600,VOLCANIC_ROCK_VOUCHER_10250,248.0,20.0,,,,,249,20,,,,,248.5,0.0
1,27700,VOLCANIC_ROCK_VOUCHER_10250,250.0,20.0,,,,,251,20,,,,,250.5,0.0
1,27800,VOLCANIC_ROCK_VOUCHER_10250,250.0,19.0,,,,,251,19,,,,,250.5,0.0
1,27900,VOLCANIC_ROCK_VOUCHER_10250,252.0,14.0,,,,,253,14,,,,,252.5,0.0
1,28000,VOLCANIC_ROCK_VOUCHER_10250,251.0,14.0,,,,,252,14,,,,,251.5,0.0
1,28100,VOLCANIC_ROCK_VOUCHER_10250,251.0,11.0,,,,,252,11,,,,,251.5,0.0
1,28200,VOLCANIC_ROCK_VOUCHER_10250,251.0,15.0,,,,,252,15,,,,,251.5,0.0
1,28300,VOLCANIC_ROCK_VOUCHER_10250,251.0,13.0,,,,,252,13,,,,,251.5,0.0
1,28400,VOLCANIC_ROCK_VOUCHER_10250,249.0,13.0,,,,,250,13,,,,,249.5,0.0
1,28500,VOLCANIC_ROCK_VOUCHER_10250,252.0,18.0,,,,,253,18,,,,,252.5,0.0
1,28600,VOLCANIC_ROCK_VOUCHER_10250,250.0,25.0,,,,,251,14,,,,,250.5,0.0
1,28700,VOLCANIC_ROCK_VOUCHER_10250,249.0,13.0,,,,,250,13,,,,,249.5,0.0
1,28800,VOLCANIC_ROCK_VOUCHER_10250,252.0,10.0,,,,,253,10,,,,,252.5,0.0
1,28900,VOLCANIC_ROCK_VOUCHER_10250,254.0,15.0,,,,,255,15,,,,,254.5,0.0
1,29000,VOLCANIC_ROCK_VOUCHER_10250,253.0,18.0,,,,,254,18,,,,,253.5,0.0
1,29100,VOLCANIC_ROCK_VOUCHER_10250,249.0,15.0,,,,,250,15,,,,,249.5,0.0
1,29200,VOLCANIC_ROCK_VOUCHER_10250,250.0,26.0,,,,,251,19,,,,,250.5,0.0
1,29300,VOLCANIC_ROCK_VOUCHER_10250,249.0,16.0,,,,,250,16,,,,,249.5,0.0
1,29400,VOLCANIC_ROCK_VOUCHER_10250,,,,,,,248,7,249.0,13.0,,,248.0,0.0
1,29500,VOLCANIC_ROCK_VOUCHER_10250,249.0,19.0,,,,,250,19,,,,,249.5,0.0
1,29600,VOLCANIC_ROCK_VOUCHER_10250,248.0,14.0,,,,,249,14,,,,,248.5,0.0
1,29700,VOLCANIC_ROCK_VOUCHER_10250,249.0,18.0,,,,,250,18,,,,,249.5,0.0
1,29800,VOLCANIC_ROCK_VOUCHER_10250,250.0,15.0,,,,,251,15,,,,,250.5,0.0
1,29900,VOLCANIC_ROCK_VOUCHER_10250,250.0,12.0,,,,,251,12,,,,,250.5,0.0
1,30000,VOLCANIC_ROCK_VOUCHER_10250,249.0,21.0,,,,,250,21,,,,,249.5,0.0
1,30100,VOLCANIC_ROCK_VOUCHER_10250,249.0,17.0,,,,,250,17,,,,,249.5,0.0
1,30200,VOLCANIC_ROCK_VOUCHER_10250,246.0,21.0,,,,,247,21,,,,,246.5,0.0
1,30300,VOLCANIC_ROCK_VOUCHER_10250,246.0,17.0,,,,,247,17,,,,,246.5,0.0
1,30400,VOLCANIC_ROCK_VOUCHER_10250,246.0,18.0,,,,,247,18,,,,,246.5,0.0
1,30500,VOLCANIC_ROCK_VOUCHER_10250,247.0,28.0,,,,,248,14,,,,,247.5,0.0
1,30600,VOLCANIC_ROCK_VOUCHER_10250,242.0,35.0,,,,,243,15,,,,,242.5,0.0
1,30700,VOLCANIC_ROCK_VOUCHER_10250,241.0,19.0,,,,,242,19,,,,,241.5,0.0
1,30800,VOLCANIC_ROCK_VOUCHER_10250,243.0,29.0,,,,,244,17,,,,,243.5,0.0
1,30900,VOLCANIC_ROCK_VOUCHER_10250,244.0,17.0,,,,,245,17,,,,,244.5,0.0
1,31000,VOLCANIC_ROCK_VOUCHER_10250,243.0,1.0,,,,,244,20,,,,,243.5,0.0
1,31100,VOLCANIC_ROCK_VOUCHER_10250,241.0,15.0,,,,,243,15,,,,,242.0,0.0
1,31200,VOLCANIC_ROCK_VOUCHER_10250,244.0,1.0,243.0,18.0,,,245,19,,,,,244.5,0.0
1,31300,VOLCANIC_ROCK_VOUCHER_10250,243.0,18.0,,,,,244,18,,,,,243.5,0.0
1,31400,VOLCANIC_ROCK_VOUCHER_10250,243.0,14.0,,,,,244,14,,,,,243.5,0.0
1,31500,VOLCANIC_ROCK_VOUCHER_10250,242.0,21.0,,,,,243,21,,,,,242.5,0.0
1,31600,VOLCANIC_ROCK_VOUCHER_10250,241.0,14.0,,,,,242,14,,,,,241.5,0.0
1,31700,VOLCANIC_ROCK_VOUCHER_10250,240.0,15.0,,,,,241,15,,,,,240.5,0.0
1,31800,VOLCANIC_ROCK_VOUCHER_10250,242.0,13.0,,,,,243,13,,,,,242.5,0.0
1,31900,VOLCANIC_ROCK_VOUCHER_10250,241.0,21.0,,,,,242,21,,,,,241.5,0.0
1,32000,VOLCANIC_ROCK_VOUCHER_10250,236.0,12.0,,,,,237,12,,,,,236.5,0.0
1,32100,VOLCANIC_ROCK_VOUCHER_10250,231.0,20.0,,,,,232,20,,,,,231.5,0.0
1,32200,VOLCANIC_ROCK_VOUCHER_10250,225.0,30.0,,,,,226,20,,,,,225.5,0.0
1,32300,VOLCANIC_ROCK_VOUCHER_10250,229.0,22.0,,,,,230,22,,,,,229.5,0.0
1,32400,VOLCANIC_ROCK_VOUCHER_10250,229.0,24.0,,,,,230,16,,,,,229.5,0.0
1,32500,VOLCANIC_ROCK_VOUCHER_10250,229.0,20.0,,,,,230,20,,,,,229.5,0.0
1,32600,VOLCANIC_ROCK_VOUCHER_10250,215.0,15.0,,,,,216,15,,,,,215.5,0.0
1,32700,VOLCANIC_ROCK_VOUCHER_10250,215.0,18.0,,,,,216,18,,,,,215.5,0.0
1,32800,VOLCANIC_ROCK_VOUCHER_10250,227.0,14.0,,,,,228,14,,,,,227.5,0.0
1,32900,VOLCANIC_ROCK_VOUCHER_10250,222.0,17.0,,,,,223,17,,,,,222.5,0.0
1,33000,VOLCANIC_ROCK_VOUCHER_10250,221.0,16.0,,,,,222,16,,,,,221.5,0.0
1,33100,VOLCANIC_ROCK_VOUCHER_10250,219.0,3.0,,,,,220,18,,,,,219.5,0.0
1,33200,VOLCANIC_ROCK_VOUCHER_10250,216.0,21.0,,,,,217,21,,,,,216.5,0.0
1,33300,VOLCANIC_ROCK_VOUCHER_10250,212.0,20.0,,,,,213,20,,,,,212.5,0.0
1,33400,VOLCANIC_ROCK_VOUCHER_10250,214.0,12.0,,,,,215,12,,,,,214.5,0.0
1,33500,VOLCANIC_ROCK_VOUCHER_10250,215.0,13.0,,,,,216,13,,,,,215.5,0.0
1,33600,VOLCANIC_ROCK_VOUCHER_10250,215.0,18.0,,,,,216,18,,,,,215.5,0.0
1,33700,VOLCANIC_ROCK_VOUCHER_10250,217.0,36.0,,,,,218,17,,,,,217.5,0.0
1,33800,VOLCANIC_ROCK_VOUCHER_10250,215.0,10.0,,,,,216,10,,,,,215.5,0.0
1,33900,VOLCANIC_ROCK_VOUCHER_10250,216.0,36.0,,,,,217,16,,,,,216.5,0.0
1,34000,VOLCANIC_ROCK_VOUCHER_10250,217.0,22.0,,,,,218,22,,,,,217.5,0.0
1,34100,VOLCANIC_ROCK_VOUCHER_10250,215.0,13.0,,,,,216,13,,,,,215.5,0.0
1,34200,VOLCANIC_ROCK_VOUCHER_10250,214.0,16.0,,,,,215,16,,,,,214.5,0.0
1,34300,VOLCANIC_ROCK_VOUCHER_10250,213.0,18.0,,,,,214,18,,,,,213.5,0.0
1,34400,VOLCANIC_ROCK_VOUCHER_10250,217.0,18.0,,,,,218,18,,,,,217.5,0.0
1,34500,VOLCANIC_ROCK_VOUCHER_10250,215.0,22.0,,,,,216,22,,,,,215.5,0.0
1,34600,VOLCANIC_ROCK_VOUCHER_10250,214.0,11.0,,,,,215,11,,,,,214.5,0.0
1,34700,VOLCANIC_ROCK_VOUCHER_10250,214.0,16.0,,,,,215,16,,,,,214.5,0.0
1,34800,VOLCANIC_ROCK_VOUCHER_10250,220.0,18.0,,,,,221,18,,,,,220.5,0.0
1,34900,VOLCANIC_ROCK_VOUCHER_10250,220.0,10.0,,,,,221,10,,,,,220.5,0.0
1,35000,VOLCANIC_ROCK_VOUCHER_10250,220.0,14.0,,,,,221,14,,,,,220.5,0.0
1,35100,VOLCANIC_ROCK_VOUCHER_10250,221.0,19.0,,,,,222,19,,,,,221.5,0.0
1,35200,VOLCANIC_ROCK_VOUCHER_10250,222.0,13.0,,,,,223,13,,,,,222.5,0.0
1,35300,VOLCANIC_ROCK_VOUCHER_10250,220.0,12.0,,,,,221,12,,,,,220.5,0.0
1,35400,VOLCANIC_ROCK_VOUCHER_10250,220.0,7.0,,,,,221,22,,,,,220.5,0.0
1,35500,VOLCANIC_ROCK_VOUCHER_10250,227.0,22.0,,,,,228,22,,,,,227.5,0.0
1,35600,VOLCANIC_ROCK_VOUCHER_10250,227.0,20.0,,,,,228,20,,,,,227.5,0.0
1,35700,VOLCANIC_ROCK_VOUCHER_10250,227.0,15.0,,,,,228,15,,,,,227.5,0.0
1,35800,VOLCANIC_ROCK_VOUCHER_10250,225.0,16.0,,,,,226,16,,,,,225.5,0.0
1,35900,VOLCANIC_ROCK_VOUCHER_10250,223.0,21.0,,,,,225,21,,,,,224.0,0.0
1,36000,VOLCANIC_ROCK_VOUCHER_10250,221.0,10.0,,,,,223,10,,,,,222.0,0.0
1,36100,VOLCANIC_ROCK_VOUCHER_10250,220.0,32.0,,,,,221,22,,,,,220.5,0.0
1,36200,VOLCANIC_ROCK_VOUCHER_10250,220.0,12.0,,,,,221,17,,,,,220.5,0.0
1,36300,VOLCANIC_ROCK_VOUCHER_10250,221.0,11.0,,,,,222,11,,,,,221.5,0.0
1,36400,VOLCANIC_ROCK_VOUCHER_10250,222.0,17.0,,,,,223,17,,,,,222.5,0.0
1,36500,VOLCANIC_ROCK_VOUCHER_10250,224.0,33.0,,,,,225,18,,,,,224.5,0.0
1,36600,VOLCANIC_ROCK_VOUCHER_10250,225.0,13.0,,,,,226,13,,,,,225.5,0.0
1,36700,VOLCANIC_ROCK_VOUCHER_10250,226.0,20.0,,,,,227,20,,,,,226.5,0.0
1,36800,VOLCANIC_ROCK_VOUCHER_10250,225.0,16.0,,,,,226,16,,,,,225.5,0.0
1,36900,VOLCANIC_ROCK_VOUCHER_10250,224.0,32.0,,,,,225,16,,,,,224.5,0.0
1,37000,VOLCANIC_ROCK_VOUCHER_10250,224.0,13.0,,,,,225,13,,,,,224.5,0.0
1,37100,VOLCANIC_ROCK_VOUCHER_10250,220.0,15.0,,,,,221,15,,,,,220.5,0.0
1,37200,VOLCANIC_ROCK_VOUCHER_10250,221.0,17.0,,,,,222,17,,,,,221.5,0.0
1,37300,VOLCANIC_ROCK_VOUCHER_10250,,,,,,,222,3,223.0,17.0,,,222.0,0.0
1,37400,VOLCANIC_ROCK_VOUCHER_10250,221.0,13.0,,,,,222,13,,,,,221.5,0.0
1,37500,VOLCANIC_ROCK_VOUCHER_10250,223.0,15.0,,,,,224,15,,,,,223.5,0.0
1,37600,VOLCANIC_ROCK_VOUCHER_10250,222.0,20.0,,,,,223,20,,,,,222.5,0.0
1,37700,VOLCANIC_ROCK_VOUCHER_10250,222.0,10.0,,,,,223,10,,,,,222.5,0.0
1,37800,VOLCANIC_ROCK_VOUCHER_10250,220.0,18.0,,,,,221,18,,,,,220.5,0.0
1,37900,VOLCANIC_ROCK_VOUCHER_10250,218.0,22.0,,,,,220,22,,,,,219.0,0.0
1,38000,VOLCANIC_ROCK_VOUCHER_10250,217.0,20.0,,,,,218,20,,,,,217.5,0.0
1,38100,VOLCANIC_ROCK_VOUCHER_10250,219.0,11.0,,,,,220,11,,,,,219.5,0.0
1,38200,VOLCANIC_ROCK_VOUCHER_10250,220.0,18.0,,,,,221,18,,,,,220.5,0.0
1,38300,VOLCANIC_ROCK_VOUCHER_10250,224.0,15.0,,,,,225,15,,,,,224.5,0.0
1,38400,VOLCANIC_ROCK_VOUCHER_10250,224.0,20.0,,,,,225,20,,,,,224.5,0.0
1,38500,VOLCANIC_ROCK_VOUCHER_10250,224.0,20.0,,,,,225,20,,,,,224.5,0.0
1,38600,VOLCANIC_ROCK_VOUCHER_10250,228.0,15.0,,,,,229,15,,,,,228.5,0.0
1,38700,VOLCANIC_ROCK_VOUCHER_10250,227.0,12.0,,,,,228,12,,,,,227.5,0.0
1,38800,VOLCANIC_ROCK_VOUCHER_10250,226.0,1.0,,,,,227,12,,,,,226.5,0.0
1,38900,VOLCANIC_ROCK_VOUCHER_10250,228.0,20.0,,,,,229,20,,,,,228.5,0.0
1,39000,VOLCANIC_ROCK_VOUCHER_10250,228.0,16.0,,,,,229,16,,,,,228.5,0.0
1,39100,VOLCANIC_ROCK_VOUCHER_10250,223.0,6.0,,,,,224,18,,,,,223.5,0.0
1,39200,VOLCANIC_ROCK_VOUCHER_10250,224.0,15.0,,,,,225,15,,,,,224.5,0.0
1,39300,VOLCANIC_ROCK_VOUCHER_10250,224.0,30.0,,,,,225,11,,,,,224.5,0.0
1,39400,VOLCANIC_ROCK_VOUCHER_10250,223.0,22.0,,,,,224,11,,,,,223.5,0.0
1,39500,VOLCANIC_ROCK_VOUCHER_10250,222.0,19.0,,,,,223,19,,,,,222.5,0.0
1,39600,VOLCANIC_ROCK_VOUCHER_10250,221.0,20.0,,,,,222,20,,,,,221.5,0.0
1,39700,VOLCANIC_ROCK_VOUCHER_10250,227.0,12.0,,,,,228,12,,,,,227.5,0.0
1,39800,VOLCANIC_ROCK_VOUCHER_10250,230.0,2.0,229.0,13.0,,,231,15,,,,,230.5,0.0
1,39900,VOLCANIC_ROCK_VOUCHER_10250,231.0,20.0,,,,,232,20,,,,,231.5,0.0
1,40000,VOLCANIC_ROCK_VOUCHER_10250,230.0,20.0,,,,,231,20,,,,,230.5,0.0
1,40100,VOLCANIC_ROCK_VOUCHER_10250,232.0,19.0,,,,,233,19,,,,,232.5,0.0
1,40200,VOLCANIC_ROCK_VOUCHER_10250,227.0,17.0,,,,,228,17,,,,,227.5,0.0
1,40300,VOLCANIC_ROCK_VOUCHER_10250,228.0,21.0,,,,,229,21,,,,,228.5,0.0
1,40400,VOLCANIC_ROCK_VOUCHER_10250,226.0,22.0,,,,,227,22,,,,,226.5,0.0
1,40500,VOLCANIC_ROCK_VOUCHER_10250,228.0,34.0,,,,,229,15,,,,,228.5,0.0
1,40600,VOLCANIC_ROCK_VOUCHER_10250,228.0,12.0,,,,,229,12,,,,,228.5,0.0
1,40700,VOLCANIC_ROCK_VOUCHER_10250,228.0,16.0,,,,,229,16,,,,,228.5,0.0
1,40800,VOLCANIC_ROCK_VOUCHER_10250,228.0,2.0,,,,,229,18,,,,,228.5,0.0
1,40900,VOLCANIC_ROCK_VOUCHER_10250,228.0,16.0,,,,,229,16,,,,,228.5,0.0
1,41000,VOLCANIC_ROCK_VOUCHER_10250,229.0,17.0,,,,,230,17,,,,,229.5,0.0
1,41100,VOLCANIC_ROCK_VOUCHER_10250,230.0,21.0,,,,,231,21,,,,,230.5,0.0
1,41200,VOLCANIC_ROCK_VOUCHER_10250,232.0,35.0,,,,,233,19,,,,,232.5,0.0
1,41300,VOLCANIC_ROCK_VOUCHER_10250,232.0,34.0,,,,,233,20,,,,,232.5,0.0
1,41400,VOLCANIC_ROCK_VOUCHER_10250,231.0,20.0,,,,,232,20,,,,,231.5,0.0
1,41500,VOLCANIC_ROCK_VOUCHER_10250,232.0,18.0,,,,,233,18,,,,,232.5,0.0
1,41600,VOLCANIC_ROCK_VOUCHER_10250,234.0,13.0,,,,,236,13,,,,,235.0,0.0
1,41700,VOLCANIC_ROCK_VOUCHER_10250,229.0,19.0,,,,,230,19,,,,,229.5,0.0
1,41800,VOLCANIC_ROCK_VOUCHER_10250,234.0,33.0,,,,,235,20,,,,,234.5,0.0
1,41900,VOLCANIC_ROCK_VOUCHER_10250,235.0,32.0,,,,,236,16,,,,,235.5,0.0
1,42000,VOLCANIC_ROCK_VOUCHER_10250,233.0,12.0,,,,,234,12,,,,,233.5,0.0
1,42100,VOLCANIC_ROCK_VOUCHER_10250,233.0,25.0,,,,,234,15,,,,,233.5,0.0
1,42200,VOLCANIC_ROCK_VOUCHER_10250,232.0,19.0,,,,,233,19,,,,,232.5,0.0
1,42300,VOLCANIC_ROCK_VOUCHER_10250,234.0,17.0,,,,,235,17,,,,,234.5,0.0
1,42400,VOLCANIC_ROCK_VOUCHER_10250,233.0,18.0,,,,,234,18,,,,,233.5,0.0
1,42500,VOLCANIC_ROCK_VOUCHER_10250,233.0,27.0,,,,,234,13,,,,,233.5,0.0
1,42600,VOLCANIC_ROCK_VOUCHER_10250,229.0,16.0,,,,,230,16,,,,,229.5,0.0
1,42700,VOLCANIC_ROCK_VOUCHER_10250,230.0,30.0,,,,,231,14,,,,,230.5,0.0
1,42800,VOLCANIC_ROCK_VOUCHER_10250,231.0,17.0,,,,,232,17,,,,,231.5,0.0
1,42900,VOLCANIC_ROCK_VOUCHER_10250,234.0,17.0,,,,,235,17,,,,,234.5,0.0
1,43000,VOLCANIC_ROCK_VOUCHER_10250,234.0,18.0,,,,,235,18,,,,,234.5,0.0
1,43100,VOLCANIC_ROCK_VOUCHER_10250,233.0,14.0,,,,,234,14,,,,,233.5,0.0
1,43200,VOLCANIC_ROCK_VOUCHER_10250,233.0,15.0,,,,,234,15,,,,,233.5,0.0
1,43300,VOLCANIC_ROCK_VOUCHER_10250,232.0,17.0,,,,,233,17,,,,,232.5,0.0
1,43400,VOLCANIC_ROCK_VOUCHER_10250,231.0,17.0,,,,,232,17,,,,,231.5,0.0
1,43500,VOLCANIC_ROCK_VOUCHER_10250,232.0,2.0,,,,,233,14,,,,,232.5,0.0
1,43600,VOLCANIC_ROCK_VOUCHER_10250,231.0,11.0,,,,,232,11,,,,,231.5,0.0
1,43700,VOLCANIC_ROCK_VOUCHER_10250,230.0,19.0,,,,,231,19,,,,,230.5,0.0
1,43800,VOLCANIC_ROCK_VOUCHER_10250,231.0,18.0,,,,,232,18,,,,,231.5,0.0
1,43900,VOLCANIC_ROCK_VOUCHER_10250,230.0,13.0,,,,,231,13,,,,,230.5,0.0
1,44000,VOLCANIC_ROCK_VOUCHER_10250,229.0,18.0,,,,,230,18,,,,,229.5,0.0
1,44100,VOLCANIC_ROCK_VOUCHER_10250,221.0,15.0,,,,,222,15,,,,,221.5,0.0
1,44200,VOLCANIC_ROCK_VOUCHER_10250,220.0,14.0,,,,,221,14,,,,,220.5,0.0
1,44300,VOLCANIC_ROCK_VOUCHER_10250,221.0,12.0,,,,,222,12,,,,,221.5,0.0
1,44400,VOLCANIC_ROCK_VOUCHER_10250,222.0,34.0,,,,,223,14,,,,,222.5,0.0
1,44500,VOLCANIC_ROCK_VOUCHER_10250,223.0,14.0,,,,,224,14,,,,,223.5,0.0
1,44600,VOLCANIC_ROCK_VOUCHER_10250,223.0,8.0,,,,,224,21,,,,,223.5,0.0
1,44700,VOLCANIC_ROCK_VOUCHER_10250,221.0,15.0,,,,,222,15,,,,,221.5,0.0
1,44800,VOLCANIC_ROCK_VOUCHER_10250,222.0,10.0,,,,,223,10,,,,,222.5,0.0
1,44900,VOLCANIC_ROCK_VOUCHER_10250,222.0,22.0,,,,,223,22,,,,,222.5,0.0
1,45000,VOLCANIC_ROCK_VOUCHER_10250,222.0,20.0,,,,,223,20,,,,,222.5,0.0
1,45100,VOLCANIC_ROCK_VOUCHER_10250,222.0,20.0,,,,,223,20,,,,,222.5,0.0
1,45200,VOLCANIC_ROCK_VOUCHER_10250,223.0,14.0,,,,,224,14,,,,,223.5,0.0
1,45300,VOLCANIC_ROCK_VOUCHER_10250,224.0,15.0,,,,,225,15,,,,,224.5,0.0
1,45400,VOLCANIC_ROCK_VOUCHER_10250,223.0,27.0,,,,,224,17,,,,,223.5,0.0
1,45500,VOLCANIC_ROCK_VOUCHER_10250,220.0,13.0,,,,,221,13,,,,,220.5,0.0
1,45600,VOLCANIC_ROCK_VOUCHER_10250,220.0,17.0,,,,,221,17,,,,,220.5,0.0
1,45700,VOLCANIC_ROCK_VOUCHER_10250,,,,,,,220,7,221.0,13.0,,,220.0,0.0
1,45800,VOLCANIC_ROCK_VOUCHER_10250,221.0,19.0,,,,,222,19,,,,,221.5,0.0
1,45900,VOLCANIC_ROCK_VOUCHER_10250,221.0,17.0,,,,,222,17,,,,,221.5,0.0
1,46000,VOLCANIC_ROCK_VOUCHER_10250,222.0,16.0,,,,,223,16,,,,,222.5,0.0
1,46100,VOLCANIC_ROCK_VOUCHER_10250,222.0,24.0,,,,,223,13,,,,,222.5,0.0
1,46200,VOLCANIC_ROCK_VOUCHER_10250,222.0,15.0,,,,,223,15,,,,,222.5,0.0
1,46300,VOLCANIC_ROCK_VOUCHER_10250,224.0,13.0,,,,,225,13,,,,,224.5,0.0
1,46400,VOLCANIC_ROCK_VOUCHER_10250,222.0,12.0,,,,,223,12,,,,,222.5,0.0
1,46500,VOLCANIC_ROCK_VOUCHER_10250,222.0,21.0,,,,,223,21,,,,,222.5,0.0
1,46600,VOLCANIC_ROCK_VOUCHER_10250,221.0,4.0,,,,,222,20,,,,,221.5,0.0
1,46700,VOLCANIC_ROCK_VOUCHER_10250,222.0,15.0,,,,,223,15,,,,,222.5,0.0
1,46800,VOLCANIC_ROCK_VOUCHER_10250,220.0,22.0,,,,,221,12,,,,,220.5,0.0
1,46900,VOLCANIC_ROCK_VOUCHER_10250,220.0,18.0,,,,,221,18,,,,,220.5,0.0
1,47000,VOLCANIC_ROCK_VOUCHER_10250,220.0,21.0,,,,,221,21,,,,,220.5,0.0
1,47100,VOLCANIC_ROCK_VOUCHER_10250,220.0,15.0,,,,,221,15,,,,,220.5,0.0
1,47200,VOLCANIC_ROCK_VOUCHER_10250,221.0,21.0,,,,,222,21,,,,,221.5,0.0
1,47300,VOLCANIC_ROCK_VOUCHER_10250,221.0,37.0,,,,,222,19,,,,,221.5,0.0
1,47400,VOLCANIC_ROCK_VOUCHER_10250,222.0,20.0,,,,,223,20,,,,,222.5,0.0
1,47500,VOLCANIC_ROCK_VOUCHER_10250,222.0,12.0,,,,,223,12,,,,,222.5,0.0
1,47600,VOLCANIC_ROCK_VOUCHER_10250,220.0,15.0,,,,,221,15,,,,,220.5,0.0
1,47700,VOLCANIC_ROCK_VOUCHER_10250,219.0,15.0,,,,,220,15,,,,,219.5,0.0
1,47800,VOLCANIC_ROCK_VOUCHER_10250,217.0,20.0,,,,,218,20,,,,,217.5,0.0
1,47900,VOLCANIC_ROCK_VOUCHER_10250,218.0,14.0,,,,,219,14,,,,,218.5,0.0
1,48000,VOLCANIC_ROCK_VOUCHER_10250,219.0,21.0,,,,,220,21,,,,,219.5,0.0
1,48100,VOLCANIC_ROCK_VOUCHER_10250,218.0,13.0,,,,,219,13,,,,,218.5,0.0
1,48200,VOLCANIC_ROCK_VOUCHER_10250,216.0,17.0,,,,,217,17,,,,,216.5,0.0
1,48300,VOLCANIC_ROCK_VOUCHER_10250,217.0,11.0,216.0,18.0,,,218,18,,,,,217.5,0.0
1,48400,VOLCANIC_ROCK_VOUCHER_10250,217.0,22.0,,,,,218,22,,,,,217.5,0.0
1,48500,VOLCANIC_ROCK_VOUCHER_10250,218.0,19.0,,,,,219,19,,,,,218.5,0.0
1,48600,VOLCANIC_ROCK_VOUCHER_10250,218.0,19.0,,,,,219,19,,,,,218.5,0.0
1,48700,VOLCANIC_ROCK_VOUCHER_10250,222.0,31.0,,,,,223,14,,,,,222.5,0.0
1,48800,VOLCANIC_ROCK_VOUCHER_10250,223.0,20.0,,,,,224,20,,,,,223.5,0.0
1,48900,VOLCANIC_ROCK_VOUCHER_10250,224.0,13.0,,,,,225,13,,,,,224.5,0.0
1,49000,VOLCANIC_ROCK_VOUCHER_10250,222.0,20.0,,,,,223,20,,,,,222.5,0.0
1,49100,VOLCANIC_ROCK_VOUCHER_10250,220.0,19.0,,,,,221,19,,,,,220.5,0.0
1,49200,VOLCANIC_ROCK_VOUCHER_10250,222.0,20.0,,,,,223,20,,,,,222.5,0.0
1,49300,VOLCANIC_ROCK_VOUCHER_10250,220.0,16.0,,,,,221,16,,,,,220.5,0.0
1,49400,VOLCANIC_ROCK_VOUCHER_10250,221.0,15.0,,,,,222,15,,,,,221.5,0.0
1,49500,VOLCANIC_ROCK_VOUCHER_10250,221.0,12.0,,,,,222,12,,,,,221.5,0.0
1,49600,VOLCANIC_ROCK_VOUCHER_10250,,,,,,,216,3,217.0,17.0,,,216.0,0.0
1,49700,VOLCANIC_ROCK_VOUCHER_10250,218.0,15.0,,,,,219,15,,,,,218.5,0.0
1,49800,VOLCANIC_ROCK_VOUCHER_10250,217.0,15.0,,,,,218,15,,,,,217.5,0.0
1,49900,VOLCANIC_ROCK_VOUCHER_10250,218.0,17.0,,,,,219,17,,,,,218.5,0.0
1,50000,VOLCANIC_ROCK_VOUCHER_10250,218.0,18.0,,,,,219,18,,,,,218.5,0.0
1,50100,VOLCANIC_ROCK_VOUCHER_10250,217.0,14.0,,,,,218,14,,,,,217.5,0.0
1,50200,VOLCANIC_ROCK_VOUCHER_10250,219.0,30.0,,,,,220,15,,,,,219.5,0.0
1,50300,VOLCANIC_ROCK_VOUCHER_10250,223.0,11.0,,,,,224,11,,,,,223.5,0.0
1,50400,VOLCANIC_ROCK_VOUCHER_10250,227.0,20.0,,,,,228,20,,,,,227.5,0.0
1,50500,VOLCANIC_ROCK_VOUCHER_10250,222.0,19.0,,,,,223,19,,,,,222.5,0.0
1,50600,VOLCANIC_ROCK_VOUCHER_10250,224.0,0.0,,,,,225,13,,,,,224.5,0.0
1,50700,VOLCANIC_ROCK_VOUCHER_10250,225.0,11.0,,,,,226,11,,,,,225.5,0.0
1,50800,VOLCANIC_ROCK_VOUCHER_10250,226.0,21.0,,,,,227,21,,,,,226.5,0.0
1,50900,VOLCANIC_ROCK_VOUCHER_10250,223.0,13.0,,,,,224,13,,,,,223.5,0.0
1,51000,VOLCANIC_ROCK_VOUCHER_10250,220.0,21.0,,,,,221,21,,,,,220.5,0.0
1,51100,VOLCANIC_ROCK_VOUCHER_10250,,,,,,,219,1,220.0,13.0,,,219.0,0.0
1,51200,VOLCANIC_ROCK_VOUCHER_10250,215.0,16.0,,,,,216,16,,,,,215.5,0.0
1,51300,VOLCANIC_ROCK_VOUCHER_10250,213.0,18.0,,,,,214,18,,,,,213.5,0.0
1,51400,VOLCANIC_ROCK_VOUCHER_10250,213.0,17.0,,,,,214,17,,,,,213.5,0.0
1,51500,VOLCANIC_ROCK_VOUCHER_10250,219.0,14.0,,,,,220,14,,,,,219.5,0.0
1,51600,VOLCANIC_ROCK_VOUCHER_10250,217.0,12.0,,,,,218,12,,,,,217.5,0.0
1,51700,VOLCANIC_ROCK_VOUCHER_10250,216.0,20.0,,,,,217,20,,,,,216.5,0.0
1,51800,VOLCANIC_ROCK_VOUCHER_10250,216.0,16.0,,,,,217,16,,,,,216.5,0.0
1,51900,VOLCANIC_ROCK_VOUCHER_10250,216.0,12.0,,,,,217,12,,,,,216.5,0.0
1,52000,VOLCANIC_ROCK_VOUCHER_10250,218.0,16.0,,,,,219,16,,,,,218.5,0.0
1,52100,VOLCANIC_ROCK_VOUCHER_10250,218.0,13.0,,,,,219,13,,,,,218.5,0.0
1,52200,VOLCANIC_ROCK_VOUCHER_10250,219.0,14.0,,,,,220,14,,,,,219.5,0.0
1,52300,VOLCANIC_ROCK_VOUCHER_10250,218.0,13.0,,,,,219,13,,,,,218.5,0.0
1,52400,VOLCANIC_ROCK_VOUCHER_10250,217.0,30.0,,,,,218,21,,,,,217.5,0.0
1,52500,VOLCANIC_ROCK_VOUCHER_10250,214.0,7.0,,,,,215,19,,,,,214.5,0.0
1,52600,VOLCANIC_ROCK_VOUCHER_10250,214.0,17.0,,,,,215,17,,,,,214.5,0.0
1,52700,VOLCANIC_ROCK_VOUCHER_10250,214.0,20.0,,,,,215,20,,,,,214.5,0.0
1,52800,VOLCANIC_ROCK_VOUCHER_10250,216.0,17.0,,,,,217,17,,,,,216.5,0.0
1,52900,VOLCANIC_ROCK_VOUCHER_10250,216.0,11.0,,,,,217,11,,,,,216.5,0.0
1,53000,VOLCANIC_ROCK_VOUCHER_10250,221.0,20.0,,,,,222,20,,,,,221.5,0.0
1,53100,VOLCANIC_ROCK_VOUCHER_10250,220.0,18.0,,,,,221,18,,,,,220.5,0.0
1,53200,VOLCANIC_ROCK_VOUCHER_10250,225.0,20.0,,,,,226,20,,,,,225.5,0.0
1,53300,VOLCANIC_ROCK_VOUCHER_10250,226.0,17.0,,,,,227,17,,,,,226.5,0.0
1,53400,VOLCANIC_ROCK_VOUCHER_10250,230.0,16.0,,,,,231,16,,,,,230.5,0.0
1,53500,VOLCANIC_ROCK_VOUCHER_10250,231.0,13.0,,,,,232,13,,,,,231.5,0.0
1,53600,VOLCANIC_ROCK_VOUCHER_10250,230.0,13.0,,,,,231,13,,,,,230.5,0.0
1,53700,VOLCANIC_ROCK_VOUCHER_10250,229.0,19.0,,,,,230,19,,,,,229.5,0.0
1,53800,VOLCANIC_ROCK_VOUCHER_10250,231.0,15.0,,,,,232,15,,,,,231.5,0.0
1,53900,VOLCANIC_ROCK_VOUCHER_10250,232.0,15.0,,,,,233,15,,,,,232.5,0.0
1,54000,VOLCANIC_ROCK_VOUCHER_10250,232.0,39.0,,,,,233,13,,,,,232.5,0.0
1,54100,VOLCANIC_ROCK_VOUCHER_10250,231.0,18.0,,,,,232,18,,,,,231.5,0.0
1,54200,VOLCANIC_ROCK_VOUCHER_10250,233.0,22.0,,,,,234,13,,,,,233.5,0.0
1,54300,VOLCANIC_ROCK_VOUCHER_10250,233.0,18.0,,,,,234,18,,,,,233.5,0.0
1,54400,VOLCANIC_ROCK_VOUCHER_10250,232.0,4.0,,,,,233,15,,,,,232.5,0.0
1,54500,VOLCANIC_ROCK_VOUCHER_10250,232.0,14.0,,,,,233,14,,,,,232.5,0.0
1,54600,VOLCANIC_ROCK_VOUCHER_10250,232.0,35.0,,,,,233,18,,,,,232.5,0.0
1,54700,VOLCANIC_ROCK_VOUCHER_10250,236.0,21.0,,,,,237,21,,,,,236.5,0.0
1,54800,VOLCANIC_ROCK_VOUCHER_10250,236.0,14.0,,,,,237,14,,,,,236.5,0.0
1,54900,VOLCANIC_ROCK_VOUCHER_10250,239.0,17.0,,,,,240,17,,,,,239.5,0.0
1,55000,VOLCANIC_ROCK_VOUCHER_10250,244.0,20.0,,,,,245,20,,,,,244.5,0.0
1,55100,VOLCANIC_ROCK_VOUCHER_10250,244.0,15.0,,,,,245,15,,,,,244.5,0.0
1,55200,VOLCANIC_ROCK_VOUCHER_10250,243.0,14.0,,,,,244,14,,,,,243.5,0.0
1,55300,VOLCANIC_ROCK_VOUCHER_10250,,,,,,,243,5,244.0,11.0,,,243.0,0.0
1,55400,VOLCANIC_ROCK_VOUCHER_10250,243.0,24.0,,,,,244,13,,,,,243.5,0.0
1,55500,VOLCANIC_ROCK_VOUCHER_10250,243.0,12.0,,,,,244,12,,,,,243.5,0.0
1,55600,VOLCANIC_ROCK_VOUCHER_10250,241.0,11.0,,,,,242,11,,,,,241.5,0.0
1,55700,VOLCANIC_ROCK_VOUCHER_10250,241.0,19.0,,,,,242,19,,,,,241.5,0.0
1,55800,VOLCANIC_ROCK_VOUCHER_10250,243.0,11.0,,,,,244,11,,,,,243.5,0.0
1,55900,VOLCANIC_ROCK_VOUCHER_10250,243.0,20.0,,,,,244,20,,,,,243.5,0.0
1,56000,VOLCANIC_ROCK_VOUCHER_10250,240.0,18.0,,,,,241,18,,,,,240.5,0.0
1,56100,VOLCANIC_ROCK_VOUCHER_10250,241.0,11.0,,,,,242,11,,,,,241.5,0.0
1,56200,VOLCANIC_ROCK_VOUCHER_10250,243.0,12.0,,,,,244,12,,,,,243.5,0.0
1,56300,VOLCANIC_ROCK_VOUCHER_10250,243.0,13.0,,,,,244,13,,,,,243.5,0.0
1,56400,VOLCANIC_ROCK_VOUCHER_10250,240.0,15.0,,,,,241,15,,,,,240.5,0.0
1,56500,VOLCANIC_ROCK_VOUCHER_10250,241.0,12.0,,,,,242,12,,,,,241.5,0.0
1,56600,VOLCANIC_ROCK_VOUCHER_10250,241.0,22.0,,,,,243,22,,,,,242.0,0.0
1,56700,VOLCANIC_ROCK_VOUCHER_10250,240.0,17.0,,,,,241,17,,,,,240.5,0.0
1,56800,VOLCANIC_ROCK_VOUCHER_10250,239.0,13.0,,,,,240,13,,,,,239.5,0.0
1,56900,VOLCANIC_ROCK_VOUCHER_10250,236.0,15.0,,,,,237,15,,,,,236.5,0.0
1,57000,VOLCANIC_ROCK_VOUCHER_10250,234.0,22.0,,,,,235,22,,,,,234.5,0.0
1,57100,VOLCANIC_ROCK_VOUCHER_10250,234.0,19.0,,,,,235,19,,,,,234.5,0.0
1,57200,VOLCANIC_ROCK_VOUCHER_10250,234.0,12.0,,,,,235,12,,,,,234.5,0.0
1,57300,VOLCANIC_ROCK_VOUCHER_10250,234.0,15.0,,,,,235,15,,,,,234.5,0.0
1,57400,VOLCANIC_ROCK_VOUCHER_10250,234.0,15.0,,,,,235,15,,,,,234.5,0.0
1,57500,VOLCANIC_ROCK_VOUCHER_10250,,,,,,,233,3,234.0,11.0,,,233.0,0.0
1,57600,VOLCANIC_ROCK_VOUCHER_10250,231.0,22.0,,,,,232,22,,,,,231.5,0.0
1,57700,VOLCANIC_ROCK_VOUCHER_10250,233.0,20.0,,,,,234,20,,,,,233.5,0.0
1,57800,VOLCANIC_ROCK_VOUCHER_10250,234.0,14.0,,,,,235,14,,,,,234.5,0.0
1,57900,VOLCANIC_ROCK_VOUCHER_10250,234.0,18.0,,,,,236,18,,,,,235.0,0.0
1,58000,VOLCANIC_ROCK_VOUCHER_10250,234.0,19.0,,,,,235,19,,,,,234.5,0.0
1,58100,VOLCANIC_ROCK_VOUCHER_10250,235.0,13.0,,,,,236,13,,,,,235.5,0.0
1,58200,VOLCANIC_ROCK_VOUCHER_10250,238.0,21.0,,,,,239,21,,,,,238.5,0.0
1,58300,VOLCANIC_ROCK_VOUCHER_10250,236.0,12.0,,,,,237,12,,,,,236.5,0.0
1,58400,VOLCANIC_ROCK_VOUCHER_10250,238.0,13.0,,,,,239,13,,,,,238.5,0.0
1,58500,VOLCANIC_ROCK_VOUCHER_10250,237.0,19.0,,,,,238,19,,,,,237.5,0.0
1,58600,VOLCANIC_ROCK_VOUCHER_10250,237.0,14.0,,,,,238,14,,,,,237.5,0.0
1,58700,VOLCANIC_ROCK_VOUCHER_10250,239.0,20.0,,,,,240,20,,,,,239.5,0.0
1,58800,VOLCANIC_ROCK_VOUCHER_10250,240.0,19.0,,,,,241,19,,,,,240.5,0.0
1,58900,VOLCANIC_ROCK_VOUCHER_10250,238.0,17.0,,,,,240,17,,,,,239.0,0.0
1,59000,VOLCANIC_ROCK_VOUCHER_10250,237.0,2.0,,,,,238,19,,,,,237.5,0.0
1,59100,VOLCANIC_ROCK_VOUCHER_10250,237.0,12.0,,,,,238,12,,,,,237.5,0.0
1,59200,VOLCANIC_ROCK_VOUCHER_10250,239.0,40.0,,,,,240,22,,,,,239.5,0.0
1,59300,VOLCANIC_ROCK_VOUCHER_10250,239.0,14.0,,,,,240,14,,,,,239.5,0.0
1,59400,VOLCANIC_ROCK_VOUCHER_10250,239.0,17.0,,,,,240,17,,,,,239.5,0.0
1,59500,VOLCANIC_ROCK_VOUCHER_10250,239.0,14.0,,,,,240,14,,,,,239.5,0.0
1,59600,VOLCANIC_ROCK_VOUCHER_10250,237.0,12.0,,,,,238,12,,,,,237.5,0.0
1,59700,VOLCANIC_ROCK_VOUCHER_10250,239.0,17.0,,,,,240,17,,,,,239.5,0.0
1,59800,VOLCANIC_ROCK_VOUCHER_10250,238.0,13.0,,,,,239,13,,,,,238.5,0.0
1,59900,VOLCANIC_ROCK_VOUCHER_10250,239.0,12.0,,,,,240,12,,,,,239.5,0.0
1,60000,VOLCANIC_ROCK_VOUCHER_10250,239.0,16.0,,,,,240,16,,,,,239.5,0.0
1,60100,VOLCANIC_ROCK_VOUCHER_10250,234.0,11.0,,,,,236,11,,,,,235.0,0.0
1,60200,VOLCANIC_ROCK_VOUCHER_10250,238.0,12.0,,,,,239,12,,,,,238.5,0.0
1,60300,VOLCANIC_ROCK_VOUCHER_10250,237.0,20.0,,,,,238,20,,,,,237.5,0.0
1,60400,VOLCANIC_ROCK_VOUCHER_10250,236.0,17.0,,,,,237,17,,,,,236.5,0.0
1,60500,VOLCANIC_ROCK_VOUCHER_10250,239.0,20.0,,,,,240,20,,,,,239.5,0.0
1,60600,VOLCANIC_ROCK_VOUCHER_10250,238.0,13.0,,,,,239,13,,,,,238.5,0.0
1,60700,VOLCANIC_ROCK_VOUCHER_10250,239.0,20.0,,,,,240,20,,,,,239.5,0.0
1,60800,VOLCANIC_ROCK_VOUCHER_10250,238.0,19.0,,,,,239,19,,,,,238.5,0.0
1,60900,VOLCANIC_ROCK_VOUCHER_10250,239.0,22.0,,,,,240,13,,,,,239.5,0.0
1,61000,VOLCANIC_ROCK_VOUCHER_10250,241.0,20.0,,,,,242,20,,,,,241.5,0.0
1,61100,VOLCANIC_ROCK_VOUCHER_10250,239.0,26.0,,,,,240,13,,,,,239.5,0.0
1,61200,VOLCANIC_ROCK_VOUCHER_10250,239.0,19.0,,,,,240,19,,,,,239.5,0.0
1,61300,VOLCANIC_ROCK_VOUCHER_10250,239.0,11.0,,,,,241,11,,,,,240.0,0.0
1,61400,VOLCANIC_ROCK_VOUCHER_10250,237.0,21.0,,,,,238,11,,,,,237.5,0.0
1,61500,VOLCANIC_ROCK_VOUCHER_10250,236.0,19.0,,,,,237,19,,,,,236.5,0.0
1,61600,VOLCANIC_ROCK_VOUCHER_10250,232.0,12.0,,,,,233,12,,,,,232.5,0.0
1,61700,VOLCANIC_ROCK_VOUCHER_10250,232.0,22.0,,,,,233,22,,,,,232.5,0.0
1,61800,VOLCANIC_ROCK_VOUCHER_10250,232.0,13.0,,,,,233,13,,,,,232.5,0.0
1,61900,VOLCANIC_ROCK_VOUCHER_10250,229.0,6.0,,,,,230,20,,,,,229.5,0.0
1,62000,VOLCANIC_ROCK_VOUCHER_10250,232.0,20.0,,,,,233,20,,,,,232.5,0.0
1,62100,VOLCANIC_ROCK_VOUCHER_10250,233.0,21.0,,,,,234,21,,,,,233.5,0.0
1,62200,VOLCANIC_ROCK_VOUCHER_10250,233.0,19.0,,,,,234,19,,,,,233.5,0.0
1,62300,VOLCANIC_ROCK_VOUCHER_10250,234.0,13.0,,,,,235,13,,,,,234.5,0.0
1,62400,VOLCANIC_ROCK_VOUCHER_10250,235.0,16.0,,,,,236,16,,,,,235.5,0.0
1,62500,VOLCANIC_ROCK_VOUCHER_10250,237.0,19.0,,,,,238,19,,,,,237.5,0.0
1,62600,VOLCANIC_ROCK_VOUCHER_10250,,,,,,,238,5,239.0,13.0,,,238.0,0.0
1,62700,VOLCANIC_ROCK_VOUCHER_10250,238.0,15.0,,,,,239,15,,,,,238.5,0.0
1,62800,VOLCANIC_ROCK_VOUCHER_10250,238.0,20.0,,,,,239,20,,,,,238.5,0.0
1,62900,VOLCANIC_ROCK_VOUCHER_10250,238.0,0.0,,,,,239,15,,,,,238.5,0.0
1,63000,VOLCANIC_ROCK_VOUCHER_10250,237.0,12.0,,,,,238,12,,,,,237.5,0.0
1,63100,VOLCANIC_ROCK_VOUCHER_10250,235.0,17.0,,,,,236,17,,,,,235.5,0.0
1,63200,VOLCANIC_ROCK_VOUCHER_10250,237.0,16.0,,,,,238,16,,,,,237.5,0.0
1,63300,VOLCANIC_ROCK_VOUCHER_10250,242.0,19.0,,,,,243,13,,,,,242.5,0.0
1,63400,VOLCANIC_ROCK_VOUCHER_10250,242.0,15.0,,,,,243,15,,,,,242.5,0.0
1,63500,VOLCANIC_ROCK_VOUCHER_10250,243.0,25.0,,,,,244,10,,,,,243.5,0.0
1,63600,VOLCANIC_ROCK_VOUCHER_10250,241.0,18.0,,,,,242,18,,,,,241.5,0.0
1,63700,VOLCANIC_ROCK_VOUCHER_10250,242.0,14.0,,,,,243,14,,,,,242.5,0.0
1,63800,VOLCANIC_ROCK_VOUCHER_10250,242.0,19.0,,,,,243,19,,,,,242.5,0.0
1,63900,VOLCANIC_ROCK_VOUCHER_10250,241.0,20.0,,,,,242,20,,,,,241.5,0.0
1,64000,VOLCANIC_ROCK_VOUCHER_10250,242.0,19.0,,,,,243,19,,,,,242.5,0.0
1,64100,VOLCANIC_ROCK_VOUCHER_10250,237.0,21.0,,,,,238,21,,,,,237.5,0.0
1,64200,VOLCANIC_ROCK_VOUCHER_10250,239.0,15.0,,,,,240,15,,,,,239.5,0.0
1,64300,VOLCANIC_ROCK_VOUCHER_10250,237.0,15.0,,,,,238,15,,,,,237.5,0.0
1,64400,VOLCANIC_ROCK_VOUCHER_10250,237.0,18.0,,,,,238,18,,,,,237.5,0.0
1,64500,VOLCANIC_ROCK_VOUCHER_10250,236.0,14.0,,,,,237,14,,,,,236.5,0.0
1,64600,VOLCANIC_ROCK_VOUCHER_10250,232.0,29.0,,,,,233,15,,,,,232.5,0.0
1,64700,VOLCANIC_ROCK_VOUCHER_10250,235.0,12.0,,,,,236,12,,,,,235.5,0.0
1,64800,VOLCANIC_ROCK_VOUCHER_10250,233.0,34.0,,,,,234,17,,,,,233.5,0.0
1,64900,VOLCANIC_ROCK_VOUCHER_10250,235.0,17.0,,,,,236,17,,,,,235.5,0.0
1,65000,VOLCANIC_ROCK_VOUCHER_10250,235.0,21.0,,,,,236,21,,,,,235.5,0.0
1,65100,VOLCANIC_ROCK_VOUCHER_10250,235.0,33.0,,,,,236,15,,,,,235.5,0.0
1,65200,VOLCANIC_ROCK_VOUCHER_10250,237.0,14.0,,,,,238,14,,,,,237.5,0.0
1,65300,VOLCANIC_ROCK_VOUCHER_10250,237.0,20.0,,,,,238,20,,,,,237.5,0.0
1,65400,VOLCANIC_ROCK_VOUCHER_10250,234.0,12.0,,,,,235,12,,,,,234.5,0.0
1,65500,VOLCANIC_ROCK_VOUCHER_10250,235.0,13.0,,,,,236,13,,,,,235.5,0.0
1,65600,VOLCANIC_ROCK_VOUCHER_10250,235.0,19.0,,,,,236,19,,,,,235.5,0.0
1,65700,VOLCANIC_ROCK_VOUCHER_10250,234.0,14.0,,,,,235,14,,,,,234.5,0.0
1,65800,VOLCANIC_ROCK_VOUCHER_10250,235.0,11.0,,,,,236,11,,,,,235.5,0.0
1,65900,VOLCANIC_ROCK_VOUCHER_10250,235.0,22.0,,,,,236,22,,,,,235.5,0.0
1,66000,VOLCANIC_ROCK_VOUCHER_10250,235.0,29.0,,,,,236,13,,,,,235.5,0.0
1,66100,VOLCANIC_ROCK_VOUCHER_10250,236.0,32.0,,,,,237,14,,,,,236.5,0.0
1,66200,VOLCANIC_ROCK_VOUCHER_10250,233.0,17.0,,,,,234,17,,,,,233.5,0.0
1,66300,VOLCANIC_ROCK_VOUCHER_10250,231.0,13.0,,,,,233,13,,,,,232.0,0.0
1,66400,VOLCANIC_ROCK_VOUCHER_10250,231.0,14.0,,,,,232,14,,,,,231.5,0.0
1,66500,VOLCANIC_ROCK_VOUCHER_10250,232.0,11.0,,,,,233,11,,,,,232.5,0.0
1,66600,VOLCANIC_ROCK_VOUCHER_10250,228.0,20.0,,,,,229,20,,,,,228.5,0.0
1,66700,VOLCANIC_ROCK_VOUCHER_10250,228.0,17.0,,,,,229,17,,,,,228.5,0.0
1,66800,VOLCANIC_ROCK_VOUCHER_10250,226.0,15.0,,,,,227,15,,,,,226.5,0.0
1,66900,VOLCANIC_ROCK_VOUCHER_10250,225.0,11.0,,,,,226,11,,,,,225.5,0.0
1,67000,VOLCANIC_ROCK_VOUCHER_10250,226.0,15.0,,,,,227,15,,,,,226.5,0.0
1,67100,VOLCANIC_ROCK_VOUCHER_10250,228.0,18.0,,,,,229,18,,,,,228.5,0.0
1,67200,VOLCANIC_ROCK_VOUCHER_10250,229.0,17.0,,,,,230,17,,,,,229.5,0.0
1,67300,VOLCANIC_ROCK_VOUCHER_10250,232.0,2.0,,,,,233,13,,,,,232.5,0.0
1,67400,VOLCANIC_ROCK_VOUCHER_10250,232.0,13.0,,,,,233,13,,,,,232.5,0.0
1,67500,VOLCANIC_ROCK_VOUCHER_10250,231.0,33.0,,,,,232,14,,,,,231.5,0.0
1,67600,VOLCANIC_ROCK_VOUCHER_10250,229.0,20.0,,,,,230,20,,,,,229.5,0.0
1,67700,VOLCANIC_ROCK_VOUCHER_10250,230.0,13.0,,,,,231,13,,,,,230.5,0.0
1,67800,VOLCANIC_ROCK_VOUCHER_10250,229.0,12.0,,,,,230,12,,,,,229.5,0.0
1,67900,VOLCANIC_ROCK_VOUCHER_10250,227.0,14.0,,,,,228,14,,,,,227.5,0.0
1,68000,VOLCANIC_ROCK_VOUCHER_10250,225.0,20.0,,,,,226,20,,,,,225.5,0.0
1,68100,VOLCANIC_ROCK_VOUCHER_10250,226.0,18.0,,,,,227,18,,,,,226.5,0.0
1,68200,VOLCANIC_ROCK_VOUCHER_10250,225.0,19.0,,,,,226,19,,,,,225.5,0.0
1,68300,VOLCANIC_ROCK_VOUCHER_10250,228.0,20.0,,,,,229,20,,,,,228.5,0.0
1,68400,VOLCANIC_ROCK_VOUCHER_10250,230.0,11.0,,,,,231,11,,,,,230.5,0.0
1,68500,VOLCANIC_ROCK_VOUCHER_10250,231.0,20.0,,,,,232,20,,,,,231.5,0.0
1,68600,VOLCANIC_ROCK_VOUCHER_10250,232.0,19.0,,,,,233,19,,,,,232.5,0.0
1,68700,VOLCANIC_ROCK_VOUCHER_10250,233.0,18.0,,,,,234,18,,,,,233.5,0.0
1,68800,VOLCANIC_ROCK_VOUCHER_10250,232.0,13.0,,,,,233,13,,,,,232.5,0.0
1,68900,VOLCANIC_ROCK_VOUCHER_10250,236.0,18.0,,,,,237,18,,,,,236.5,0.0
1,69000,VOLCANIC_ROCK_VOUCHER_10250,236.0,17.0,,,,,237,17,,,,,236.5,0.0
1,69100,VOLCANIC_ROCK_VOUCHER_10250,232.0,17.0,,,,,233,17,,,,,232.5,0.0
1,69200,VOLCANIC_ROCK_VOUCHER_10250,233.0,24.0,,,,,234,16,,,,,233.5,0.0
1,69300,VOLCANIC_ROCK_VOUCHER_10250,234.0,16.0,,,,,235,16,,,,,234.5,0.0
1,69400,VOLCANIC_ROCK_VOUCHER_10250,235.0,14.0,,,,,236,14,,,,,235.5,0.0
1,69500,VOLCANIC_ROCK_VOUCHER_10250,234.0,19.0,,,,,236,19,,,,,235.0,0.0
1,69600,VOLCANIC_ROCK_VOUCHER_10250,235.0,22.0,,,,,236,22,,,,,235.5,0.0
1,69700,VOLCANIC_ROCK_VOUCHER_10250,235.0,19.0,,,,,236,19,,,,,235.5,0.0
1,69800,VOLCANIC_ROCK_VOUCHER_10250,237.0,12.0,,,,,238,12,,,,,237.5,0.0
1,69900,VOLCANIC_ROCK_VOUCHER_10250,236.0,18.0,,,,,237,18,,,,,236.5,0.0
1,70000,VOLCANIC_ROCK_VOUCHER_10250,237.0,20.0,,,,,238,20,,,,,237.5,0.0
1,70100,VOLCANIC_ROCK_VOUCHER_10250,236.0,18.0,,,,,237,18,,,,,236.5,0.0
1,70200,VOLCANIC_ROCK_VOUCHER_10250,237.0,17.0,,,,,238,17,,,,,237.5,0.0
1,70300,VOLCANIC_ROCK_VOUCHER_10250,236.0,18.0,,,,,237,18,,,,,236.5,0.0
1,70400,VOLCANIC_ROCK_VOUCHER_10250,238.0,20.0,,,,,239,20,,,,,238.5,0.0
1,70500,VOLCANIC_ROCK_VOUCHER_10250,238.0,12.0,,,,,239,12,,,,,238.5,0.0
1,70600,VOLCANIC_ROCK_VOUCHER_10250,237.0,18.0,,,,,238,18,,,,,237.5,0.0
1,70700,VOLCANIC_ROCK_VOUCHER_10250,237.0,11.0,,,,,238,11,,,,,237.5,0.0
1,70800,VOLCANIC_ROCK_VOUCHER_10250,234.0,16.0,,,,,235,16,,,,,234.5,0.0
1,70900,VOLCANIC_ROCK_VOUCHER_10250,235.0,17.0,,,,,236,17,,,,,235.5,0.0
1,71000,VOLCANIC_ROCK_VOUCHER_10250,235.0,22.0,,,,,236,22,,,,,235.5,0.0
1,71100,VOLCANIC_ROCK_VOUCHER_10250,234.0,10.0,,,,,235,10,,,,,234.5,0.0
1,71200,VOLCANIC_ROCK_VOUCHER_10250,234.0,15.0,,,,,235,15,,,,,234.5,0.0
1,71300,VOLCANIC_ROCK_VOUCHER_10250,238.0,21.0,,,,,239,21,,,,,238.5,0.0
1,71400,VOLCANIC_ROCK_VOUCHER_10250,238.0,16.0,,,,,239,16,,,,,238.5,0.0
1,71500,VOLCANIC_ROCK_VOUCHER_10250,238.0,14.0,,,,,239,14,,,,,238.5,0.0
1,71600,VOLCANIC_ROCK_VOUCHER_10250,234.0,20.0,,,,,235,20,,,,,234.5,0.0
1,71700,VOLCANIC_ROCK_VOUCHER_10250,238.0,14.0,,,,,239,14,,,,,238.5,0.0
1,71800,VOLCANIC_ROCK_VOUCHER_10250,237.0,12.0,,,,,238,12,,,,,237.5,0.0
1,71900,VOLCANIC_ROCK_VOUCHER_10250,236.0,18.0,,,,,237,18,,,,,236.5,0.0
1,72000,VOLCANIC_ROCK_VOUCHER_10250,236.0,0.0,,,,,237,17,,,,,236.5,0.0
1,72100,VOLCANIC_ROCK_VOUCHER_10250,236.0,21.0,,,,,237,21,,,,,236.5,0.0
1,72200,VOLCANIC_ROCK_VOUCHER_10250,237.0,13.0,,,,,238,13,,,,,237.5,0.0
1,72300,VOLCANIC_ROCK_VOUCHER_10250,236.0,14.0,,,,,237,14,,,,,236.5,0.0
1,72400,VOLCANIC_ROCK_VOUCHER_10250,238.0,36.0,,,,,239,19,,,,,238.5,0.0
1,72500,VOLCANIC_ROCK_VOUCHER_10250,238.0,20.0,,,,,239,20,,,,,238.5,0.0
1,72600,VOLCANIC_ROCK_VOUCHER_10250,241.0,11.0,,,,,242,11,,,,,241.5,0.0
1,72700,VOLCANIC_ROCK_VOUCHER_10250,241.0,11.0,,,,,242,11,,,,,241.5,0.0
1,72800,VOLCANIC_ROCK_VOUCHER_10250,245.0,22.0,,,,,246,22,,,,,245.5,0.0
1,72900,VOLCANIC_ROCK_VOUCHER_10250,245.0,16.0,,,,,246,16,,,,,245.5,0.0
1,73000,VOLCANIC_ROCK_VOUCHER_10250,241.0,16.0,,,,,242,16,,,,,241.5,0.0
1,73100,VOLCANIC_ROCK_VOUCHER_10250,243.0,18.0,,,,,244,18,,,,,243.5,0.0
1,73200,VOLCANIC_ROCK_VOUCHER_10250,243.0,17.0,,,,,244,17,,,,,243.5,0.0
1,73300,VOLCANIC_ROCK_VOUCHER_10250,242.0,5.0,,,,,243,15,,,,,242.5,0.0
1,73400,VOLCANIC_ROCK_VOUCHER_10250,243.0,20.0,,,,,244,20,,,,,243.5,0.0
1,73500,VOLCANIC_ROCK_VOUCHER_10250,243.0,19.0,,,,,244,19,,,,,243.5,0.0
1,73600,VOLCANIC_ROCK_VOUCHER_10250,241.0,19.0,,,,,242,19,,,,,241.5,0.0
1,73700,VOLCANIC_ROCK_VOUCHER_10250,243.0,13.0,,,,,244,13,,,,,243.5,0.0
1,73800,VOLCANIC_ROCK_VOUCHER_10250,243.0,1.0,242.0,13.0,,,244,14,,,,,243.5,0.0
1,73900,VOLCANIC_ROCK_VOUCHER_10250,241.0,13.0,,,,,242,13,,,,,241.5,0.0
1,74000,VOLCANIC_ROCK_VOUCHER_10250,242.0,13.0,,,,,243,13,,,,,242.5,0.0
1,74100,VOLCANIC_ROCK_VOUCHER_10250,240.0,16.0,,,,,241,16,,,,,240.5,0.0
1,74200,VOLCANIC_ROCK_VOUCHER_10250,237.0,12.0,,,,,238,12,,,,,237.5,0.0
1,74300,VOLCANIC_ROCK_VOUCHER_10250,237.0,18.0,,,,,238,18,,,,,237.5,0.0
1,74400,VOLCANIC_ROCK_VOUCHER_10250,236.0,12.0,,,,,237,12,,,,,236.5,0.0
1,74500,VOLCANIC_ROCK_VOUCHER_10250,237.0,13.0,,,,,238,13,,,,,237.5,0.0
1,74600,VOLCANIC_ROCK_VOUCHER_10250,239.0,13.0,,,,,240,13,,,,,239.5,0.0
1,74700,VOLCANIC_ROCK_VOUCHER_10250,237.0,12.0,,,,,238,12,,,,,237.5,0.0
1,74800,VOLCANIC_ROCK_VOUCHER_10250,238.0,3.0,,,,,239,17,,,,,238.5,0.0
1,74900,VOLCANIC_ROCK_VOUCHER_10250,238.0,14.0,237.0,20.0,,,239,21,,,,,238.5,0.0
1,75000,VOLCANIC_ROCK_VOUCHER_10250,238.0,21.0,,,,,239,21,,,,,238.5,0.0
1,75100,VOLCANIC_ROCK_VOUCHER_10250,237.0,16.0,,,,,238,16,,,,,237.5,0.0
1,75200,VOLCANIC_ROCK_VOUCHER_10250,234.0,14.0,,,,,235,14,,,,,234.5,0.0
1,75300,VOLCANIC_ROCK_VOUCHER_10250,235.0,17.0,,,,,236,17,,,,,235.5,0.0
1,75400,VOLCANIC_ROCK_VOUCHER_10250,234.0,17.0,,,,,235,17,,,,,234.5,0.0
1,75500,VOLCANIC_ROCK_VOUCHER_10250,234.0,34.0,,,,,235,16,,,,,234.5,0.0
1,75600,VOLCANIC_ROCK_VOUCHER_10250,232.0,6.0,,,,,233,15,,,,,232.5,0.0
1,75700,VOLCANIC_ROCK_VOUCHER_10250,233.0,17.0,,,,,234,17,,,,,233.5,0.0
1,75800,VOLCANIC_ROCK_VOUCHER_10250,233.0,15.0,,,,,235,15,,,,,234.0,0.0
1,75900,VOLCANIC_ROCK_VOUCHER_10250,233.0,13.0,,,,,234,13,,,,,233.5,0.0
1,76000,VOLCANIC_ROCK_VOUCHER_10250,234.0,16.0,,,,,235,16,,,,,234.5,0.0
1,76100,VOLCANIC_ROCK_VOUCHER_10250,234.0,10.0,,,,,235,10,,,,,234.5,0.0
1,76200,VOLCANIC_ROCK_VOUCHER_10250,236.0,12.0,,,,,237,12,,,,,236.5,0.0
1,76300,VOLCANIC_ROCK_VOUCHER_10250,240.0,19.0,,,,,241,19,,,,,240.5,0.0
1,76400,VOLCANIC_ROCK_VOUCHER_10250,239.0,20.0,,,,,240,20,,,,,239.5,0.0
1,76500,VOLCANIC_ROCK_VOUCHER_10250,240.0,19.0,,,,,241,19,,,,,240.5,0.0
1,76600,VOLCANIC_ROCK_VOUCHER_10250,237.0,15.0,,,,,239,15,,,,,238.0,0.0
1,76700,VOLCANIC_ROCK_VOUCHER_10250,237.0,20.0,,,,,238,20,,,,,237.5,0.0
1,76800,VOLCANIC_ROCK_VOUCHER_10250,237.0,14.0,,,,,238,14,,,,,237.5,0.0
1,76900,VOLCANIC_ROCK_VOUCHER_10250,235.0,22.0,,,,,236,22,,,,,235.5,0.0
1,77000,VOLCANIC_ROCK_VOUCHER_10250,235.0,20.0,,,,,236,20,,,,,235.5,0.0
1,77100,VOLCANIC_ROCK_VOUCHER_10250,235.0,27.0,,,,,236,11,,,,,235.5,0.0
1,77200,VOLCANIC_ROCK_VOUCHER_10250,234.0,12.0,,,,,236,12,,,,,235.0,0.0
1,77300,VOLCANIC_ROCK_VOUCHER_10250,234.0,16.0,,,,,235,16,,,,,234.5,0.0
1,77400,VOLCANIC_ROCK_VOUCHER_10250,233.0,14.0,,,,,234,14,,,,,233.5,0.0
1,77500,VOLCANIC_ROCK_VOUCHER_10250,233.0,21.0,,,,,234,21,,,,,233.5,0.0
1,77600,VOLCANIC_ROCK_VOUCHER_10250,,,,,,,234,6,235.0,11.0,,,234.0,0.0
1,77700,VOLCANIC_ROCK_VOUCHER_10250,234.0,19.0,,,,,235,19,,,,,234.5,0.0
1,77800,VOLCANIC_ROCK_VOUCHER_10250,236.0,17.0,,,,,237,17,,,,,236.5,0.0
1,77900,VOLCANIC_ROCK_VOUCHER_10250,237.0,12.0,,,,,238,12,,,,,237.5,0.0
1,78000,VOLCANIC_ROCK_VOUCHER_10250,236.0,14.0,,,,,237,14,,,,,236.5,0.0
1,78100,VOLCANIC_ROCK_VOUCHER_10250,235.0,16.0,,,,,236,16,,,,,235.5,0.0
1,78200,VOLCANIC_ROCK_VOUCHER_10250,235.0,15.0,,,,,236,15,,,,,235.5,0.0
1,78300,VOLCANIC_ROCK_VOUCHER_10250,236.0,12.0,,,,,237,12,,,,,236.5,0.0
1,78400,VOLCANIC_ROCK_VOUCHER_10250,237.0,14.0,,,,,238,14,,,,,237.5,0.0
1,78500,VOLCANIC_ROCK_VOUCHER_10250,236.0,3.0,,,,,237,16,,,,,236.5,0.0
1,78600,VOLCANIC_ROCK_VOUCHER_10250,235.0,14.0,,,,,236,14,,,,,235.5,0.0
1,78700,VOLCANIC_ROCK_VOUCHER_10250,233.0,14.0,,,,,234,14,,,,,233.5,0.0
1,78800,VOLCANIC_ROCK_VOUCHER_10250,234.0,12.0,,,,,235,12,,,,,234.5,0.0
1,78900,VOLCANIC_ROCK_VOUCHER_10250,233.0,20.0,,,,,234,20,,,,,233.5,0.0
1,79000,VOLCANIC_ROCK_VOUCHER_10250,234.0,16.0,,,,,235,16,,,,,234.5,0.0
1,79100,VOLCANIC_ROCK_VOUCHER_10250,234.0,18.0,,,,,235,18,,,,,234.5,0.0
1,79200,VOLCANIC_ROCK_VOUCHER_10250,234.0,22.0,,,,,235,22,,,,,234.5,0.0
1,79300,VOLCANIC_ROCK_VOUCHER_10250,234.0,13.0,,,,,235,13,,,,,234.5,0.0
1,79400,VOLCANIC_ROCK_VOUCHER_10250,234.0,15.0,,,,,235,13,236.0,15.0,,,234.5,0.0
1,79500,VOLCANIC_ROCK_VOUCHER_10250,233.0,16.0,,,,,234,16,,,,,233.5,0.0
1,79600,VOLCANIC_ROCK_VOUCHER_10250,233.0,17.0,,,,,234,17,,,,,233.5,0.0
1,79700,VOLCANIC_ROCK_VOUCHER_10250,233.0,17.0,,,,,234,17,,,,,233.5,0.0
1,79800,VOLCANIC_ROCK_VOUCHER_10250,233.0,17.0,,,,,234,17,,,,,233.5,0.0
1,79900,VOLCANIC_ROCK_VOUCHER_10250,231.0,21.0,,,,,232,21,,,,,231.5,0.0
1,80000,VOLCANIC_ROCK_VOUCHER_10250,233.0,22.0,,,,,234,22,,,,,233.5,0.0
1,80100,VOLCANIC_ROCK_VOUCHER_10250,230.0,20.0,,,,,231,20,,,,,230.5,0.0
1,80200,VOLCANIC_ROCK_VOUCHER_10250,228.0,19.0,,,,,229,19,,,,,228.5,0.0
1,80300,VOLCANIC_ROCK_VOUCHER_10250,230.0,15.0,,,,,231,15,,,,,230.5,0.0
1,80400,VOLCANIC_ROCK_VOUCHER_10250,230.0,13.0,,,,,231,13,,,,,230.5,0.0
1,80500,VOLCANIC_ROCK_VOUCHER_10250,230.0,18.0,,,,,231,18,,,,,230.5,0.0
1,80600,VOLCANIC_ROCK_VOUCHER_10250,232.0,32.0,,,,,233,19,,,,,232.5,0.0
1,80700,VOLCANIC_ROCK_VOUCHER_10250,235.0,19.0,,,,,236,19,,,,,235.5,0.0
1,80800,VOLCANIC_ROCK_VOUCHER_10250,234.0,17.0,,,,,235,17,,,,,234.5,0.0
1,80900,VOLCANIC_ROCK_VOUCHER_10250,234.0,18.0,,,,,235,18,,,,,234.5,0.0
1,81000,VOLCANIC_ROCK_VOUCHER_10250,233.0,15.0,,,,,234,15,,,,,233.5,0.0
1,81100,VOLCANIC_ROCK_VOUCHER_10250,233.0,13.0,,,,,234,13,,,,,233.5,0.0
1,81200,VOLCANIC_ROCK_VOUCHER_10250,232.0,19.0,,,,,233,19,,,,,232.5,0.0
1,81300,VOLCANIC_ROCK_VOUCHER_10250,233.0,12.0,,,,,234,12,,,,,233.5,0.0
1,81400,VOLCANIC_ROCK_VOUCHER_10250,234.0,13.0,,,,,235,13,,,,,234.5,0.0
1,81500,VOLCANIC_ROCK_VOUCHER_10250,232.0,20.0,,,,,233,20,,,,,232.5,0.0
1,81600,VOLCANIC_ROCK_VOUCHER_10250,231.0,19.0,,,,,232,19,,,,,231.5,0.0
1,81700,VOLCANIC_ROCK_VOUCHER_10250,231.0,19.0,,,,,232,19,,,,,231.5,0.0
1,81800,VOLCANIC_ROCK_VOUCHER_10250,232.0,12.0,,,,,233,12,,,,,232.5,0.0
1,81900,VOLCANIC_ROCK_VOUCHER_10250,233.0,16.0,,,,,234,16,,,,,233.5,0.0
1,82000,VOLCANIC_ROCK_VOUCHER_10250,234.0,12.0,,,,,235,12,,,,,234.5,0.0
1,82100,VOLCANIC_ROCK_VOUCHER_10250,239.0,16.0,,,,,240,16,,,,,239.5,0.0
1,82200,VOLCANIC_ROCK_VOUCHER_10250,241.0,10.0,,,,,242,10,,,,,241.5,0.0
1,82300,VOLCANIC_ROCK_VOUCHER_10250,243.0,18.0,,,,,244,18,,,,,243.5,0.0
1,82400,VOLCANIC_ROCK_VOUCHER_10250,242.0,14.0,,,,,243,14,,,,,242.5,0.0
1,82500,VOLCANIC_ROCK_VOUCHER_10250,241.0,15.0,,,,,242,15,,,,,241.5,0.0
1,82600,VOLCANIC_ROCK_VOUCHER_10250,240.0,20.0,,,,,241,20,,,,,240.5,0.0
1,82700,VOLCANIC_ROCK_VOUCHER_10250,241.0,21.0,,,,,242,21,,,,,241.5,0.0
1,82800,VOLCANIC_ROCK_VOUCHER_10250,242.0,13.0,,,,,243,13,,,,,242.5,0.0
1,82900,VOLCANIC_ROCK_VOUCHER_10250,241.0,17.0,,,,,242,17,,,,,241.5,0.0
1,83000,VOLCANIC_ROCK_VOUCHER_10250,242.0,17.0,,,,,243,17,,,,,242.5,0.0
1,83100,VOLCANIC_ROCK_VOUCHER_10250,240.0,18.0,,,,,241,18,,,,,240.5,0.0
1,83200,VOLCANIC_ROCK_VOUCHER_10250,,,,,,,240,3,241.0,14.0,,,240.0,0.0
1,83300,VOLCANIC_ROCK_VOUCHER_10250,243.0,8.0,,,,,244,20,,,,,243.5,0.0
1,83400,VOLCANIC_ROCK_VOUCHER_10250,243.0,13.0,,,,,244,13,,,,,243.5,0.0
1,83500,VOLCANIC_ROCK_VOUCHER_10250,244.0,13.0,,,,,245,13,,,,,244.5,0.0
1,83600,VOLCANIC_ROCK_VOUCHER_10250,245.0,20.0,,,,,246,20,,,,,245.5,0.0
1,83700,VOLCANIC_ROCK_VOUCHER_10250,246.0,22.0,,,,,247,11,,,,,246.5,0.0
1,83800,VOLCANIC_ROCK_VOUCHER_10250,247.0,11.0,,,,,248,11,,,,,247.5,0.0
1,83900,VOLCANIC_ROCK_VOUCHER_10250,249.0,14.0,,,,,250,14,,,,,249.5,0.0
1,84000,VOLCANIC_ROCK_VOUCHER_10250,250.0,30.0,,,,,251,12,,,,,250.5,0.0
1,84100,VOLCANIC_ROCK_VOUCHER_10250,245.0,13.0,,,,,246,13,,,,,245.5,0.0
1,84200,VOLCANIC_ROCK_VOUCHER_10250,243.0,16.0,,,,,244,16,,,,,243.5,0.0
1,84300,VOLCANIC_ROCK_VOUCHER_10250,244.0,26.0,,,,,245,12,,,,,244.5,0.0
1,84400,VOLCANIC_ROCK_VOUCHER_10250,244.0,21.0,,,,,245,21,,,,,244.5,0.0
1,84500,VOLCANIC_ROCK_VOUCHER_10250,245.0,21.0,,,,,246,21,,,,,245.5,0.0
1,84600,VOLCANIC_ROCK_VOUCHER_10250,243.0,14.0,,,,,244,14,,,,,243.5,0.0
1,84700,VOLCANIC_ROCK_VOUCHER_10250,242.0,27.0,,,,,243,15,,,,,242.5,0.0
1,84800,VOLCANIC_ROCK_VOUCHER_10250,242.0,18.0,,,,,243,18,,,,,242.5,0.0
1,84900,VOLCANIC_ROCK_VOUCHER_10250,244.0,29.0,,,,,245,17,,,,,244.5,0.0
1,85000,VOLCANIC_ROCK_VOUCHER_10250,248.0,20.0,,,,,249,20,,,,,248.5,0.0
1,85100,VOLCANIC_ROCK_VOUCHER_10250,248.0,11.0,,,,,249,11,,,,,248.5,0.0
1,85200,VOLCANIC_ROCK_VOUCHER_10250,251.0,11.0,,,,,252,11,,,,,251.5,0.0
1,85300,VOLCANIC_ROCK_VOUCHER_10250,251.0,13.0,,,,,252,13,,,,,251.5,0.0
1,85400,VOLCANIC_ROCK_VOUCHER_10250,248.0,11.0,,,,,249,11,,,,,248.5,0.0
1,85500,VOLCANIC_ROCK_VOUCHER_10250,248.0,20.0,,,,,249,20,,,,,248.5,0.0
1,85600,VOLCANIC_ROCK_VOUCHER_10250,249.0,12.0,,,,,251,12,,,,,250.0,0.0
1,85700,VOLCANIC_ROCK_VOUCHER_10250,251.0,12.0,,,,,252,12,,,,,251.5,0.0
1,85800,VOLCANIC_ROCK_VOUCHER_10250,250.0,18.0,,,,,252,18,,,,,251.0,0.0
1,85900,VOLCANIC_ROCK_VOUCHER_10250,252.0,12.0,,,,,253,12,,,,,252.5,0.0
1,86000,VOLCANIC_ROCK_VOUCHER_10250,251.0,15.0,,,,,252,15,,,,,251.5,0.0
1,86100,VOLCANIC_ROCK_VOUCHER_10250,256.0,14.0,,,,,258,14,,,,,257.0,0.0
1,86200,VOLCANIC_ROCK_VOUCHER_10250,256.0,16.0,,,,,257,16,,,,,256.5,0.0
1,86300,VOLCANIC_ROCK_VOUCHER_10250,255.0,18.0,,,,,256,18,,,,,255.5,0.0
1,86400,VOLCANIC_ROCK_VOUCHER_10250,258.0,16.0,,,,,259,16,,,,,258.5,0.0
1,86500,VOLCANIC_ROCK_VOUCHER_10250,257.0,15.0,,,,,258,15,,,,,257.5,0.0
1,86600,VOLCANIC_ROCK_VOUCHER_10250,255.0,16.0,,,,,256,16,,,,,255.5,0.0
1,86700,VOLCANIC_ROCK_VOUCHER_10250,255.0,15.0,,,,,256,15,,,,,255.5,0.0
1,86800,VOLCANIC_ROCK_VOUCHER_10250,249.0,13.0,,,,,250,13,,,,,249.5,0.0
1,86900,VOLCANIC_ROCK_VOUCHER_10250,251.0,19.0,,,,,252,19,,,,,251.5,0.0
1,87000,VOLCANIC_ROCK_VOUCHER_10250,255.0,15.0,,,,,256,15,,,,,255.5,0.0
1,87100,VOLCANIC_ROCK_VOUCHER_10250,254.0,19.0,,,,,255,19,,,,,254.5,0.0
1,87200,VOLCANIC_ROCK_VOUCHER_10250,254.0,12.0,,,,,255,12,,,,,254.5,0.0
1,87300,VOLCANIC_ROCK_VOUCHER_10250,255.0,5.0,,,,,256,16,,,,,255.5,0.0
1,87400,VOLCANIC_ROCK_VOUCHER_10250,255.0,11.0,,,,,256,11,,,,,255.5,0.0
1,87500,VOLCANIC_ROCK_VOUCHER_10250,257.0,36.0,,,,,258,19,,,,,257.5,0.0
1,87600,VOLCANIC_ROCK_VOUCHER_10250,257.0,14.0,,,,,258,14,,,,,257.5,0.0
1,87700,VOLCANIC_ROCK_VOUCHER_10250,262.0,14.0,,,,,263,14,,,,,262.5,0.0
1,87800,VOLCANIC_ROCK_VOUCHER_10250,263.0,17.0,,,,,264,17,,,,,263.5,0.0
1,87900,VOLCANIC_ROCK_VOUCHER_10250,264.0,16.0,,,,,265,16,,,,,264.5,0.0
1,88000,VOLCANIC_ROCK_VOUCHER_10250,261.0,39.0,,,,,262,20,,,,,261.5,0.0
1,88100,VOLCANIC_ROCK_VOUCHER_10250,261.0,13.0,,,,,262,13,,,,,261.5,0.0
1,88200,VOLCANIC_ROCK_VOUCHER_10250,265.0,19.0,,,,,266,19,,,,,265.5,0.0
1,88300,VOLCANIC_ROCK_VOUCHER_10250,268.0,11.0,,,,,269,11,,,,,268.5,0.0
1,88400,VOLCANIC_ROCK_VOUCHER_10250,266.0,19.0,,,,,267,19,,,,,266.5,0.0
1,88500,VOLCANIC_ROCK_VOUCHER_10250,,,,,,,267,1,268.0,19.0,,,267.0,0.0
1,88600,VOLCANIC_ROCK_VOUCHER_10250,261.0,16.0,,,,,262,16,,,,,261.5,0.0
1,88700,VOLCANIC_ROCK_VOUCHER_10250,263.0,12.0,,,,,264,12,,,,,263.5,0.0
1,88800,VOLCANIC_ROCK_VOUCHER_10250,261.0,17.0,,,,,262,17,,,,,261.5,0.0
1,88900,VOLCANIC_ROCK_VOUCHER_10250,263.0,15.0,,,,,264,15,,,,,263.5,0.0
1,89000,VOLCANIC_ROCK_VOUCHER_10250,266.0,18.0,,,,,267,18,,,,,266.5,0.0
1,89100,VOLCANIC_ROCK_VOUCHER_10250,267.0,17.0,,,,,268,17,,,,,267.5,0.0
1,89200,VOLCANIC_ROCK_VOUCHER_10250,267.0,3.0,,,,,268,19,,,,,267.5,0.0
1,89300,VOLCANIC_ROCK_VOUCHER_10250,267.0,14.0,,,,,268,14,,,,,267.5,0.0
1,89400,VOLCANIC_ROCK_VOUCHER_10250,271.0,17.0,,,,,272,17,,,,,271.5,0.0
1,89500,VOLCANIC_ROCK_VOUCHER_10250,271.0,17.0,,,,,272,17,,,,,271.5,0.0
1,89600,VOLCANIC_ROCK_VOUCHER_10250,271.0,19.0,,,,,272,19,,,,,271.5,0.0
1,89700,VOLCANIC_ROCK_VOUCHER_10250,270.0,19.0,,,,,271,19,,,,,270.5,0.0
1,89800,VOLCANIC_ROCK_VOUCHER_10250,270.0,18.0,,,,,271,18,,,,,270.5,0.0
1,89900,VOLCANIC_ROCK_VOUCHER_10250,270.0,18.0,,,,,271,18,,,,,270.5,0.0
1,90000,VOLCANIC_ROCK_VOUCHER_10250,269.0,19.0,,,,,270,19,,,,,269.5,0.0
1,90100,VOLCANIC_ROCK_VOUCHER_10250,271.0,13.0,,,,,272,13,,,,,271.5,0.0
1,90200,VOLCANIC_ROCK_VOUCHER_10250,272.0,21.0,,,,,273,21,,,,,272.5,0.0
1,90300,VOLCANIC_ROCK_VOUCHER_10250,273.0,17.0,,,,,274,17,,,,,273.5,0.0
1,90400,VOLCANIC_ROCK_VOUCHER_10250,275.0,20.0,,,,,276,20,,,,,275.5,0.0
1,90500,VOLCANIC_ROCK_VOUCHER_10250,272.0,14.0,,,,,273,14,,,,,272.5,0.0
1,90600,VOLCANIC_ROCK_VOUCHER_10250,272.0,21.0,,,,,273,21,,,,,272.5,0.0
1,90700,VOLCANIC_ROCK_VOUCHER_10250,270.0,15.0,,,,,271,15,,,,,270.5,0.0
1,90800,VOLCANIC_ROCK_VOUCHER_10250,272.0,11.0,,,,,273,11,,,,,272.5,0.0
1,90900,VOLCANIC_ROCK_VOUCHER_10250,271.0,10.0,,,,,272,10,,,,,271.5,0.0
1,91000,VOLCANIC_ROCK_VOUCHER_10250,272.0,22.0,,,,,273,22,,,,,272.5,0.0
1,91100,VOLCANIC_ROCK_VOUCHER_10250,272.0,20.0,,,,,273,20,,,,,272.5,0.0
1,91200,VOLCANIC_ROCK_VOUCHER_10250,272.0,31.0,,,,,273,16,,,,,272.5,0.0
1,91300,VOLCANIC_ROCK_VOUCHER_10250,276.0,20.0,,,,,277,15,,,,,276.5,0.0
1,91400,VOLCANIC_ROCK_VOUCHER_10250,278.0,19.0,,,,,279,19,,,,,278.5,0.0
1,91500,VOLCANIC_ROCK_VOUCHER_10250,277.0,11.0,,,,,278,11,,,,,277.5,0.0
1,91600,VOLCANIC_ROCK_VOUCHER_10250,276.0,19.0,,,,,277,19,,,,,276.5,0.0
1,91700,VOLCANIC_ROCK_VOUCHER_10250,272.0,15.0,,,,,273,15,,,,,272.5,0.0
1,91800,VOLCANIC_ROCK_VOUCHER_10250,269.0,14.0,,,,,270,14,,,,,269.5,0.0
1,91900,VOLCANIC_ROCK_VOUCHER_10250,266.0,11.0,,,,,267,11,,,,,266.5,0.0
1,92000,VOLCANIC_ROCK_VOUCHER_10250,265.0,12.0,,,,,266,12,,,,,265.5,0.0
1,92100,VOLCANIC_ROCK_VOUCHER_10250,265.0,13.0,,,,,266,13,,,,,265.5,0.0
1,92200,VOLCANIC_ROCK_VOUCHER_10250,266.0,14.0,,,,,267,10,,,,,266.5,0.0
1,92300,VOLCANIC_ROCK_VOUCHER_10250,266.0,15.0,,,,,267,15,,,,,266.5,0.0
1,92400,VOLCANIC_ROCK_VOUCHER_10250,267.0,10.0,,,,,268,10,,,,,267.5,0.0
1,92500,VOLCANIC_ROCK_VOUCHER_10250,266.0,21.0,,,,,267,21,,,,,266.5,0.0
1,92600,VOLCANIC_ROCK_VOUCHER_10250,263.0,13.0,,,,,264,13,,,,,263.5,0.0
1,92700,VOLCANIC_ROCK_VOUCHER_10250,264.0,22.0,,,,,265,13,,,,,264.5,0.0
1,92800,VOLCANIC_ROCK_VOUCHER_10250,263.0,11.0,,,,,264,11,,,,,263.5,0.0
1,92900,VOLCANIC_ROCK_VOUCHER_10250,262.0,12.0,,,,,263,12,,,,,262.5,0.0
1,93000,VOLCANIC_ROCK_VOUCHER_10250,265.0,12.0,,,,,266,12,,,,,265.5,0.0
1,93100,VOLCANIC_ROCK_VOUCHER_10250,264.0,13.0,,,,,265,13,,,,,264.5,0.0
1,93200,VOLCANIC_ROCK_VOUCHER_10250,264.0,13.0,,,,,265,13,,,,,264.5,0.0
1,93300,VOLCANIC_ROCK_VOUCHER_10250,267.0,12.0,,,,,268,12,,,,,267.5,0.0
1,93400,VOLCANIC_ROCK_VOUCHER_10250,270.0,18.0,,,,,271,18,,,,,270.5,0.0
1,93500,VOLCANIC_ROCK_VOUCHER_10250,270.0,13.0,,,,,271,13,,,,,270.5,0.0
1,93600,VOLCANIC_ROCK_VOUCHER_10250,272.0,17.0,,,,,273,17,,,,,272.5,0.0
1,93700,VOLCANIC_ROCK_VOUCHER_10250,271.0,17.0,,,,,272,17,,,,,271.5,0.0
1,93800,VOLCANIC_ROCK_VOUCHER_10250,272.0,12.0,,,,,274,12,,,,,273.0,0.0
1,93900,VOLCANIC_ROCK_VOUCHER_10250,272.0,14.0,,,,,273,14,,,,,272.5,0.0
1,94000,VOLCANIC_ROCK_VOUCHER_10250,272.0,11.0,,,,,273,11,,,,,272.5,0.0
1,94100,VOLCANIC_ROCK_VOUCHER_10250,270.0,16.0,,,,,271,16,,,,,270.5,0.0
1,94200,VOLCANIC_ROCK_VOUCHER_10250,271.0,11.0,,,,,272,11,,,,,271.5,0.0
1,94300,VOLCANIC_ROCK_VOUCHER_10250,270.0,19.0,,,,,271,19,,,,,270.5,0.0
1,94400,VOLCANIC_ROCK_VOUCHER_10250,268.0,13.0,,,,,269,13,,,,,268.5,0.0
1,94500,VOLCANIC_ROCK_VOUCHER_10250,265.0,18.0,,,,,266,11,267.0,18.0,,,265.5,0.0
1,94600,VOLCANIC_ROCK_VOUCHER_10250,,,,,,,265,3,266.0,13.0,,,265.0,0.0
1,94700,VOLCANIC_ROCK_VOUCHER_10250,263.0,16.0,,,,,264,16,,,,,263.5,0.0
1,94800,VOLCANIC_ROCK_VOUCHER_10250,261.0,15.0,,,,,262,15,,,,,261.5,0.0
1,94900,VOLCANIC_ROCK_VOUCHER_10250,264.0,20.0,,,,,265,20,,,,,264.5,0.0
1,95000,VOLCANIC_ROCK_VOUCHER_10250,265.0,17.0,,,,,266,17,,,,,265.5,0.0
1,95100,VOLCANIC_ROCK_VOUCHER_10250,263.0,18.0,,,,,264,18,,,,,263.5,0.0
1,95200,VOLCANIC_ROCK_VOUCHER_10250,265.0,16.0,,,,,266,16,,,,,265.5,0.0
1,95300,VOLCANIC_ROCK_VOUCHER_10250,263.0,14.0,,,,,264,14,,,,,263.5,0.0
1,95400,VOLCANIC_ROCK_VOUCHER_10250,265.0,13.0,,,,,266,13,,,,,265.5,0.0
1,95500,VOLCANIC_ROCK_VOUCHER_10250,264.0,20.0,,,,,265,20,,,,,264.5,0.0
1,95600,VOLCANIC_ROCK_VOUCHER_10250,262.0,20.0,,,,,263,20,,,,,262.5,0.0
1,95700,VOLCANIC_ROCK_VOUCHER_10250,261.0,13.0,,,,,262,13,,,,,261.5,0.0
1,95800,VOLCANIC_ROCK_VOUCHER_10250,262.0,21.0,,,,,263,21,,,,,262.5,0.0
1,95900,VOLCANIC_ROCK_VOUCHER_10250,262.0,19.0,,,,,263,19,,,,,262.5,0.0
1,96000,VOLCANIC_ROCK_VOUCHER_10250,261.0,21.0,,,,,262,21,,,,,261.5,0.0
1,96100,VOLCANIC_ROCK_VOUCHER_10250,263.0,21.0,,,,,264,21,,,,,263.5,0.0
1,96200,VOLCANIC_ROCK_VOUCHER_10250,262.0,11.0,,,,,263,11,,,,,262.5,0.0
1,96300,VOLCANIC_ROCK_VOUCHER_10250,,,,,,,265,12,,,,,265.0,0.0
1,96400,VOLCANIC_ROCK_VOUCHER_10250,264.0,12.0,,,,,265,12,,,,,264.5,0.0
1,96500,VOLCANIC_ROCK_VOUCHER_10250,264.0,18.0,,,,,265,18,,,,,264.5,0.0
1,96600,VOLCANIC_ROCK_VOUCHER_10250,263.0,19.0,,,,,264,19,,,,,263.5,0.0
1,96700,VOLCANIC_ROCK_VOUCHER_10250,265.0,12.0,,,,,266,12,,,,,265.5,0.0
1,96800,VOLCANIC_ROCK_VOUCHER_10250,267.0,20.0,,,,,268,20,,,,,267.5,0.0
1,96900,VOLCANIC_ROCK_VOUCHER_10250,268.0,12.0,,,,,269,12,,,,,268.5,0.0
1,97000,VOLCANIC_ROCK_VOUCHER_10250,,,,,,,268,3,269.0,14.0,,,268.0,0.0
1,97100,VOLCANIC_ROCK_VOUCHER_10250,267.0,16.0,,,,,268,16,,,,,267.5,0.0
1,97200,VOLCANIC_ROCK_VOUCHER_10250,267.0,11.0,,,,,268,11,,,,,267.5,0.0
1,97300,VOLCANIC_ROCK_VOUCHER_10250,268.0,10.0,,,,,269,10,,,,,268.5,0.0
1,97400,VOLCANIC_ROCK_VOUCHER_10250,265.0,17.0,,,,,266,17,,,,,265.5,0.0
1,97500,VOLCANIC_ROCK_VOUCHER_10250,265.0,18.0,,,,,266,18,,,,,265.5,0.0
1,97600,VOLCANIC_ROCK_VOUCHER_10250,265.0,12.0,,,,,266,12,,,,,265.5,0.0
1,97700,VOLCANIC_ROCK_VOUCHER_10250,264.0,19.0,,,,,265,19,,,,,264.5,0.0
1,97800,VOLCANIC_ROCK_VOUCHER_10250,264.0,22.0,,,,,265,22,,,,,264.5,0.0
1,97900,VOLCANIC_ROCK_VOUCHER_10250,,,,,,,262,14,,,,,262.0,0.0
1,98000,VOLCANIC_ROCK_VOUCHER_10250,262.0,18.0,,,,,263,18,,,,,262.5,0.0
1,98100,VOLCANIC_ROCK_VOUCHER_10250,262.0,28.0,,,,,263,13,,,,,262.5,0.0
1,98200,VOLCANIC_ROCK_VOUCHER_10250,264.0,16.0,,,,,265,16,,,,,264.5,0.0
1,98300,VOLCANIC_ROCK_VOUCHER_10250,264.0,13.0,,,,,265,13,,,,,264.5,0.0
1,98400,VOLCANIC_ROCK_VOUCHER_10250,265.0,17.0,,,,,266,17,,,,,265.5,0.0
1,98500,VOLCANIC_ROCK_VOUCHER_10250,265.0,12.0,,,,,266,12,,,,,265.5,0.0
1,98600,VOLCANIC_ROCK_VOUCHER_10250,264.0,20.0,,,,,265,20,,,,,264.5,0.0
1,98700,VOLCANIC_ROCK_VOUCHER_10250,265.0,28.0,,,,,266,18,,,,,265.5,0.0
1,98800,VOLCANIC_ROCK_VOUCHER_10250,264.0,21.0,,,,,265,21,,,,,264.5,0.0
1,98900,VOLCANIC_ROCK_VOUCHER_10250,266.0,18.0,,,,,267,18,,,,,266.5,0.0
1,99000,VOLCANIC_ROCK_VOUCHER_10250,266.0,15.0,,,,,267,15,,,,,266.5,0.0
1,99100,VOLCANIC_ROCK_VOUCHER_10250,267.0,16.0,,,,,268,16,,,,,267.5,0.0
1,99200,VOLCANIC_ROCK_VOUCHER_10250,265.0,18.0,,,,,266,18,,,,,265.5,0.0
1,99300,VOLCANIC_ROCK_VOUCHER_10250,264.0,14.0,,,,,265,14,,,,,264.5,0.0
1,99400,VOLCANIC_ROCK_VOUCHER_10250,264.0,21.0,,,,,265,21,,,,,264.5,0.0
1,99500,VOLCANIC_ROCK_VOUCHER_10250,264.0,23.0,,,,,265,13,,,,,264.5,0.0
1,99600,VOLCANIC_ROCK_VOUCHER_10250,,,,,,,264,13,,,,,264.0,0.0
1,99700,VOLCANIC_ROCK_VOUCHER_10250,,,,,,,263,8,264.0,12.0,,,263.0,0.0
1,99800,VOLCANIC_ROCK_VOUCHER_10250,262.0,15.0,,,,,263,15,,,,,262.5,0.0
1,99900,VOLCANIC_ROCK_VOUCHER_10250,262.0,14.0,,,,,263,14,,,,,262.5,0.0
1,100000,VOLCANIC_ROCK_VOUCHER_10250,262.0,14.0,,,,,263,14,,,,,262.5,0.0
1,100100,VOLCANIC_ROCK_VOUCHER_10250,267.0,21.0,,,,,268,21,,,,,267.5,0.0
1,100200,VOLCANIC_ROCK_VOUCHER_10250,267.0,10.0,266.0,15.0,,,268,15,,,,,267.5,0.0
1,100300,VOLCANIC_ROCK_VOUCHER_10250,268.0,19.0,,,,,269,19,,,,,268.5,0.0
1,100400,VOLCANIC_ROCK_VOUCHER_10250,267.0,10.0,,,,,268,10,,,,,267.5,0.0
1,100500,VOLCANIC_ROCK_VOUCHER_10250,267.0,12.0,,,,,268,12,,,,,267.5,0.0
1,100600,VOLCANIC_ROCK_VOUCHER_10250,270.0,22.0,,,,,271,22,,,,,270.5,0.0
1,100700,VOLCANIC_ROCK_VOUCHER_10250,268.0,16.0,,,,,270,16,,,,,269.0,0.0
1,100800,VOLCANIC_ROCK_VOUCHER_10250,269.0,10.0,,,,,270,10,,,,,269.5,0.0
1,100900,VOLCANIC_ROCK_VOUCHER_10250,268.0,18.0,,,,,269,18,,,,,268.5,0.0
1,101000,VOLCANIC_ROCK_VOUCHER_10250,268.0,18.0,,,,,269,18,,,,,268.5,0.0
1,101100,VOLCANIC_ROCK_VOUCHER_10250,267.0,12.0,,,,,268,12,,,,,267.5,0.0
1,101200,VOLCANIC_ROCK_VOUCHER_10250,265.0,13.0,,,,,266,13,,,,,265.5,0.0
1,101300,VOLCANIC_ROCK_VOUCHER_10250,,,,,,,265,1,266.0,13.0,,,265.0,0.0
1,101400,VOLCANIC_ROCK_VOUCHER_10250,265.0,21.0,,,,,266,21,,,,,265.5,0.0
1,101500,VOLCANIC_ROCK_VOUCHER_10250,265.0,6.0,,,,,266,16,,,,,265.5,0.0
1,101600,VOLCANIC_ROCK_VOUCHER_10250,260.0,11.0,,,,,261,11,,,,,260.5,0.0
1,101700,VOLCANIC_ROCK_VOUCHER_10250,261.0,15.0,,,,,262,15,,,,,261.5,0.0
1,101800,VOLCANIC_ROCK_VOUCHER_10250,261.0,17.0,,,,,262,17,,,,,261.5,0.0
1,101900,VOLCANIC_ROCK_VOUCHER_10250,263.0,20.0,,,,,264,20,,,,,263.5,0.0
1,102000,VOLCANIC_ROCK_VOUCHER_10250,263.0,14.0,,,,,264,14,,,,,263.5,0.0
1,102100,VOLCANIC_ROCK_VOUCHER_10250,262.0,19.0,,,,,263,19,,,,,262.5,0.0
1,102200,VOLCANIC_ROCK_VOUCHER_10250,264.0,12.0,,,,,265,12,,,,,264.5,0.0
1,102300,VOLCANIC_ROCK_VOUCHER_10250,265.0,19.0,,,,,266,19,,,,,265.5,0.0
1,102400,VOLCANIC_ROCK_VOUCHER_10250,,,,,,,265,6,266.0,14.0,,,265.0,0.0
1,102500,VOLCANIC_ROCK_VOUCHER_10250,263.0,17.0,,,,,264,17,,,,,263.5,0.0
1,102600,VOLCANIC_ROCK_VOUCHER_10250,263.0,13.0,,,,,264,13,,,,,263.5,0.0
1,102700,VOLCANIC_ROCK_VOUCHER_10250,264.0,13.0,,,,,265,13,,,,,264.5,0.0
1,102800,VOLCANIC_ROCK_VOUCHER_10250,265.0,19.0,,,,,266,19,,,,,265.5,0.0
1,102900,VOLCANIC_ROCK_VOUCHER_10250,266.0,25.0,,,,,267,11,,,,,266.5,0.0
1,103000,VOLCANIC_ROCK_VOUCHER_10250,266.0,20.0,,,,,267,20,,,,,266.5,0.0
1,103100,VOLCANIC_ROCK_VOUCHER_10250,267.0,35.0,,,,,268,19,,,,,267.5,0.0
1,103200,VOLCANIC_ROCK_VOUCHER_10250,267.0,11.0,,,,,268,11,,,,,267.5,0.0
1,103300,VOLCANIC_ROCK_VOUCHER_10250,266.0,16.0,,,,,267,16,,,,,266.5,0.0
1,103400,VOLCANIC_ROCK_VOUCHER_10250,266.0,8.0,,,,,267,19,,,,,266.5,0.0
1,103500,VOLCANIC_ROCK_VOUCHER_10250,268.0,16.0,,,,,269,16,,,,,268.5,0.0
1,103600,VOLCANIC_ROCK_VOUCHER_10250,266.0,7.0,,,,,267,20,,,,,266.5,0.0
1,103700,VOLCANIC_ROCK_VOUCHER_10250,267.0,19.0,,,,,268,19,,,,,267.5,0.0
1,103800,VOLCANIC_ROCK_VOUCHER_10250,266.0,13.0,,,,,267,13,,,,,266.5,0.0
1,103900,VOLCANIC_ROCK_VOUCHER_10250,269.0,17.0,,,,,270,17,,,,,269.5,0.0
1,104000,VOLCANIC_ROCK_VOUCHER_10250,269.0,17.0,,,,,270,17,,,,,269.5,0.0
1,104100,VOLCANIC_ROCK_VOUCHER_10250,268.0,20.0,,,,,269,20,,,,,268.5,0.0
1,104200,VOLCANIC_ROCK_VOUCHER_10250,269.0,14.0,,,,,270,14,,,,,269.5,0.0
1,104300,VOLCANIC_ROCK_VOUCHER_10250,269.0,17.0,,,,,270,17,,,,,269.5,0.0
1,104400,VOLCANIC_ROCK_VOUCHER_10250,268.0,16.0,,,,,269,16,,,,,268.5,0.0
1,104500,VOLCANIC_ROCK_VOUCHER_10250,266.0,18.0,,,,,268,18,,,,,267.0,0.0
1,104600,VOLCANIC_ROCK_VOUCHER_10250,263.0,18.0,,,,,265,18,,,,,264.0,0.0
1,104700,VOLCANIC_ROCK_VOUCHER_10250,262.0,13.0,,,,,263,13,,,,,262.5,0.0
1,104800,VOLCANIC_ROCK_VOUCHER_10250,262.0,14.0,,,,,263,14,,,,,262.5,0.0
1,104900,VOLCANIC_ROCK_VOUCHER_10250,260.0,11.0,,,,,261,11,,,,,260.5,0.0
1,105000,VOLCANIC_ROCK_VOUCHER_10250,258.0,20.0,,,,,259,20,,,,,258.5,0.0
1,105100,VOLCANIC_ROCK_VOUCHER_10250,258.0,32.0,,,,,259,12,,,,,258.5,0.0
1,105200,VOLCANIC_ROCK_VOUCHER_10250,259.0,13.0,,,,,260,13,,,,,259.5,0.0
1,105300,VOLCANIC_ROCK_VOUCHER_10250,260.0,12.0,,,,,261,12,,,,,260.5,0.0
1,105400,VOLCANIC_ROCK_VOUCHER_10250,262.0,14.0,,,,,263,14,,,,,262.5,0.0
1,105500,VOLCANIC_ROCK_VOUCHER_10250,260.0,13.0,,,,,261,13,,,,,260.5,0.0
1,105600,VOLCANIC_ROCK_VOUCHER_10250,260.0,13.0,,,,,261,13,,,,,260.5,0.0
1,105700,VOLCANIC_ROCK_VOUCHER_10250,262.0,13.0,,,,,263,13,,,,,262.5,0.0
1,105800,VOLCANIC_ROCK_VOUCHER_10250,261.0,20.0,,,,,262,20,,,,,261.5,0.0
1,105900,VOLCANIC_ROCK_VOUCHER_10250,261.0,17.0,,,,,262,17,,,,,261.5,0.0
1,106000,VOLCANIC_ROCK_VOUCHER_10250,262.0,18.0,,,,,263,18,,,,,262.5,0.0
1,106100,VOLCANIC_ROCK_VOUCHER_10250,260.0,12.0,,,,,261,12,,,,,260.5,0.0
1,106200,VOLCANIC_ROCK_VOUCHER_10250,261.0,15.0,,,,,262,15,,,,,261.5,0.0
1,106300,VOLCANIC_ROCK_VOUCHER_10250,261.0,19.0,,,,,262,19,,,,,261.5,0.0
1,106400,VOLCANIC_ROCK_VOUCHER_10250,258.0,17.0,,,,,259,17,,,,,258.5,0.0
1,106500,VOLCANIC_ROCK_VOUCHER_10250,259.0,17.0,,,,,260,17,,,,,259.5,0.0
1,106600,VOLCANIC_ROCK_VOUCHER_10250,255.0,13.0,,,,,256,13,,,,,255.5,0.0
1,106700,VOLCANIC_ROCK_VOUCHER_10250,255.0,22.0,,,,,256,22,,,,,255.5,0.0
1,106800,VOLCANIC_ROCK_VOUCHER_10250,255.0,14.0,,,,,256,14,,,,,255.5,0.0
1,106900,VOLCANIC_ROCK_VOUCHER_10250,254.0,14.0,,,,,255,14,,,,,254.5,0.0
1,107000,VOLCANIC_ROCK_VOUCHER_10250,255.0,13.0,,,,,256,13,,,,,255.5,0.0
1,107100,VOLCANIC_ROCK_VOUCHER_10250,255.0,19.0,,,,,256,19,,,,,255.5,0.0
1,107200,VOLCANIC_ROCK_VOUCHER_10250,257.0,18.0,,,,,258,18,,,,,257.5,0.0
1,107300,VOLCANIC_ROCK_VOUCHER_10250,257.0,18.0,,,,,258,18,,,,,257.5,0.0
1,107400,VOLCANIC_ROCK_VOUCHER_10250,257.0,16.0,,,,,258,16,,,,,257.5,0.0
1,107500,VOLCANIC_ROCK_VOUCHER_10250,257.0,15.0,,,,,258,15,,,,,257.5,0.0
1,107600,VOLCANIC_ROCK_VOUCHER_10250,258.0,17.0,,,,,259,17,,,,,258.5,0.0
1,107700,VOLCANIC_ROCK_VOUCHER_10250,258.0,10.0,,,,,259,10,,,,,258.5,0.0
1,107800,VOLCANIC_ROCK_VOUCHER_10250,261.0,13.0,,,,,262,13,,,,,261.5,0.0
1,107900,VOLCANIC_ROCK_VOUCHER_10250,260.0,14.0,,,,,261,14,,,,,260.5,0.0
1,108000,VOLCANIC_ROCK_VOUCHER_10250,261.0,16.0,,,,,262,16,,,,,261.5,0.0
1,108100,VOLCANIC_ROCK_VOUCHER_10250,261.0,19.0,,,,,262,19,,,,,261.5,0.0
1,108200,VOLCANIC_ROCK_VOUCHER_10250,258.0,18.0,,,,,259,18,,,,,258.5,0.0
1,108300,VOLCANIC_ROCK_VOUCHER_10250,261.0,11.0,,,,,262,11,,,,,261.5,0.0
1,108400,VOLCANIC_ROCK_VOUCHER_10250,264.0,34.0,,,,,265,14,,,,,264.5,0.0
1,108500,VOLCANIC_ROCK_VOUCHER_10250,265.0,15.0,,,,,266,15,,,,,265.5,0.0
1,108600,VOLCANIC_ROCK_VOUCHER_10250,263.0,12.0,,,,,264,12,,,,,263.5,0.0
1,108700,VOLCANIC_ROCK_VOUCHER_10250,262.0,20.0,,,,,263,20,,,,,262.5,0.0
1,108800,VOLCANIC_ROCK_VOUCHER_10250,265.0,13.0,,,,,266,13,,,,,265.5,0.0
1,108900,VOLCANIC_ROCK_VOUCHER_10250,266.0,1.0,,,,,267,19,,,,,266.5,0.0
1,109000,VOLCANIC_ROCK_VOUCHER_10250,264.0,19.0,,,,,265,19,,,,,264.5,0.0
1,109100,VOLCANIC_ROCK_VOUCHER_10250,262.0,28.0,,,,,263,18,,,,,262.5,0.0
1,109200,VOLCANIC_ROCK_VOUCHER_10250,263.0,0.0,,,,,264,13,,,,,263.5,0.0
1,109300,VOLCANIC_ROCK_VOUCHER_10250,262.0,14.0,,,,,263,14,,,,,262.5,0.0
1,109400,VOLCANIC_ROCK_VOUCHER_10250,261.0,19.0,,,,,262,19,,,,,261.5,0.0
1,109500,VOLCANIC_ROCK_VOUCHER_10250,261.0,14.0,,,,,262,14,,,,,261.5,0.0
1,109600,VOLCANIC_ROCK_VOUCHER_10250,261.0,21.0,,,,,262,21,,,,,261.5,0.0
1,109700,VOLCANIC_ROCK_VOUCHER_10250,261.0,11.0,,,,,262,11,,,,,261.5,0.0
1,109800,VOLCANIC_ROCK_VOUCHER_10250,259.0,10.0,,,,,260,10,,,,,259.5,0.0
1,109900,VOLCANIC_ROCK_VOUCHER_10250,257.0,15.0,,,,,258,15,,,,,257.5,0.0
1,110000,VOLCANIC_ROCK_VOUCHER_10250,257.0,20.0,,,,,258,20,,,,,257.5,0.0
1,110100,VOLCANIC_ROCK_VOUCHER_10250,253.0,20.0,,,,,254,20,,,,,253.5,0.0
1,110200,VOLCANIC_ROCK_VOUCHER_10250,252.0,19.0,,,,,253,19,,,,,252.5,0.0
1,110300,VOLCANIC_ROCK_VOUCHER_10250,253.0,19.0,,,,,254,19,,,,,253.5,0.0
1,110400,VOLCANIC_ROCK_VOUCHER_10250,255.0,15.0,,,,,256,15,,,,,255.5,0.0
1,110500,VOLCANIC_ROCK_VOUCHER_10250,255.0,18.0,,,,,256,18,,,,,255.5,0.0
1,110600,VOLCANIC_ROCK_VOUCHER_10250,258.0,14.0,,,,,259,14,,,,,258.5,0.0
1,110700,VOLCANIC_ROCK_VOUCHER_10250,259.0,17.0,,,,,260,17,,,,,259.5,0.0
1,110800,VOLCANIC_ROCK_VOUCHER_10250,258.0,12.0,,,,,259,12,,,,,258.5,0.0
1,110900,VOLCANIC_ROCK_VOUCHER_10250,261.0,21.0,,,,,262,21,,,,,261.5,0.0
1,111000,VOLCANIC_ROCK_VOUCHER_10250,262.0,14.0,,,,,263,14,,,,,262.5,0.0
1,111100,VOLCANIC_ROCK_VOUCHER_10250,263.0,13.0,,,,,264,13,,,,,263.5,0.0
1,111200,VOLCANIC_ROCK_VOUCHER_10250,263.0,11.0,,,,,264,11,,,,,263.5,0.0
1,111300,VOLCANIC_ROCK_VOUCHER_10250,264.0,11.0,,,,,265,11,,,,,264.5,0.0
1,111400,VOLCANIC_ROCK_VOUCHER_10250,263.0,20.0,,,,,264,20,,,,,263.5,0.0
1,111500,VOLCANIC_ROCK_VOUCHER_10250,264.0,20.0,,,,,265,20,,,,,264.5,0.0
1,111600,VOLCANIC_ROCK_VOUCHER_10250,263.0,10.0,,,,,264,10,,,,,263.5,0.0
1,111700,VOLCANIC_ROCK_VOUCHER_10250,260.0,12.0,,,,,261,12,,,,,260.5,0.0
1,111800,VOLCANIC_ROCK_VOUCHER_10250,260.0,21.0,,,,,261,21,,,,,260.5,0.0
1,111900,VOLCANIC_ROCK_VOUCHER_10250,259.0,16.0,,,,,260,16,,,,,259.5,0.0
1,112000,VOLCANIC_ROCK_VOUCHER_10250,259.0,19.0,,,,,260,19,,,,,259.5,0.0
1,112100,VOLCANIC_ROCK_VOUCHER_10250,259.0,14.0,,,,,261,14,,,,,260.0,0.0
1,112200,VOLCANIC_ROCK_VOUCHER_10250,261.0,11.0,,,,,262,11,,,,,261.5,0.0
1,112300,VOLCANIC_ROCK_VOUCHER_10250,259.0,16.0,,,,,260,16,,,,,259.5,0.0
1,112400,VOLCANIC_ROCK_VOUCHER_10250,259.0,14.0,,,,,260,14,,,,,259.5,0.0
1,112500,VOLCANIC_ROCK_VOUCHER_10250,260.0,5.0,,,,,261,21,,,,,260.5,0.0
1,112600,VOLCANIC_ROCK_VOUCHER_10250,255.0,10.0,,,,,257,10,,,,,256.0,0.0
1,112700,VOLCANIC_ROCK_VOUCHER_10250,257.0,16.0,,,,,258,16,,,,,257.5,0.0
1,112800,VOLCANIC_ROCK_VOUCHER_10250,256.0,13.0,,,,,257,13,,,,,256.5,0.0
1,112900,VOLCANIC_ROCK_VOUCHER_10250,254.0,11.0,,,,,255,11,,,,,254.5,0.0
1,113000,VOLCANIC_ROCK_VOUCHER_10250,253.0,15.0,,,,,254,15,,,,,253.5,0.0
1,113100,VOLCANIC_ROCK_VOUCHER_10250,252.0,16.0,,,,,253,16,,,,,252.5,0.0
1,113200,VOLCANIC_ROCK_VOUCHER_10250,253.0,10.0,,,,,254,10,,,,,253.5,0.0
1,113300,VOLCANIC_ROCK_VOUCHER_10250,253.0,19.0,,,,,254,19,,,,,253.5,0.0
1,113400,VOLCANIC_ROCK_VOUCHER_10250,255.0,15.0,,,,,256,15,,,,,255.5,0.0
1,113500,VOLCANIC_ROCK_VOUCHER_10250,254.0,14.0,,,,,255,14,256.0,14.0,,,254.5,0.0
1,113600,VOLCANIC_ROCK_VOUCHER_10250,254.0,17.0,,,,,255,17,,,,,254.5,0.0
1,113700,VOLCANIC_ROCK_VOUCHER_10250,253.0,17.0,,,,,254,17,,,,,253.5,0.0
1,113800,VOLCANIC_ROCK_VOUCHER_10250,253.0,14.0,,,,,254,14,,,,,253.5,0.0
1,113900,VOLCANIC_ROCK_VOUCHER_10250,252.0,13.0,,,,,253,13,,,,,252.5,0.0
1,114000,VOLCANIC_ROCK_VOUCHER_10250,252.0,19.0,,,,,253,19,,,,,252.5,0.0
1,114100,VOLCANIC_ROCK_VOUCHER_10250,250.0,12.0,,,,,251,12,,,,,250.5,0.0
1,114200,VOLCANIC_ROCK_VOUCHER_10250,249.0,19.0,,,,,250,19,,,,,249.5,0.0
1,114300,VOLCANIC_ROCK_VOUCHER_10250,248.0,15.0,,,,,249,15,,,,,248.5,0.0
1,114400,VOLCANIC_ROCK_VOUCHER_10250,249.0,15.0,,,,,250,15,,,,,249.5,0.0
1,114500,VOLCANIC_ROCK_VOUCHER_10250,248.0,18.0,,,,,249,18,,,,,248.5,0.0
1,114600,VOLCANIC_ROCK_VOUCHER_10250,246.0,12.0,,,,,247,12,,,,,246.5,0.0
1,114700,VOLCANIC_ROCK_VOUCHER_10250,246.0,18.0,,,,,247,18,,,,,246.5,0.0
1,114800,VOLCANIC_ROCK_VOUCHER_10250,247.0,18.0,,,,,248,18,,,,,247.5,0.0
1,114900,VOLCANIC_ROCK_VOUCHER_10250,248.0,18.0,,,,,249,18,,,,,248.5,0.0
1,115000,VOLCANIC_ROCK_VOUCHER_10250,249.0,17.0,,,,,250,17,,,,,249.5,0.0
1,115100,VOLCANIC_ROCK_VOUCHER_10250,247.0,14.0,,,,,248,14,,,,,247.5,0.0
1,115200,VOLCANIC_ROCK_VOUCHER_10250,247.0,21.0,,,,,248,21,,,,,247.5,0.0
1,115300,VOLCANIC_ROCK_VOUCHER_10250,246.0,23.0,,,,,247,13,,,,,246.5,0.0
1,115400,VOLCANIC_ROCK_VOUCHER_10250,247.0,15.0,,,,,248,15,,,,,247.5,0.0
1,115500,VOLCANIC_ROCK_VOUCHER_10250,243.0,12.0,,,,,244,12,,,,,243.5,0.0
1,115600,VOLCANIC_ROCK_VOUCHER_10250,245.0,17.0,,,,,246,17,,,,,245.5,0.0
1,115700,VOLCANIC_ROCK_VOUCHER_10250,245.0,16.0,,,,,246,16,,,,,245.5,0.0
1,115800,VOLCANIC_ROCK_VOUCHER_10250,244.0,18.0,,,,,245,18,,,,,244.5,0.0
1,115900,VOLCANIC_ROCK_VOUCHER_10250,243.0,21.0,,,,,244,21,,,,,243.5,0.0
1,116000,VOLCANIC_ROCK_VOUCHER_10250,242.0,17.0,,,,,243,17,,,,,242.5,0.0
1,116100,VOLCANIC_ROCK_VOUCHER_10250,239.0,16.0,,,,,240,16,,,,,239.5,0.0
1,116200,VOLCANIC_ROCK_VOUCHER_10250,242.0,18.0,,,,,243,18,,,,,242.5,0.0
1,116300,VOLCANIC_ROCK_VOUCHER_10250,241.0,17.0,,,,,242,17,,,,,241.5,0.0
1,116400,VOLCANIC_ROCK_VOUCHER_10250,,,,,,,241,6,242.0,12.0,,,241.0,0.0
1,116500,VOLCANIC_ROCK_VOUCHER_10250,242.0,21.0,,,,,243,21,,,,,242.5,0.0
1,116600,VOLCANIC_ROCK_VOUCHER_10250,241.0,17.0,,,,,242,17,,,,,241.5,0.0
1,116700,VOLCANIC_ROCK_VOUCHER_10250,239.0,16.0,,,,,240,16,,,,,239.5,0.0
1,116800,VOLCANIC_ROCK_VOUCHER_10250,240.0,16.0,,,,,241,16,,,,,240.5,0.0
1,116900,VOLCANIC_ROCK_VOUCHER_10250,241.0,12.0,,,,,242,12,,,,,241.5,0.0
1,117000,VOLCANIC_ROCK_VOUCHER_10250,240.0,17.0,,,,,241,17,,,,,240.5,0.0
1,117100,VOLCANIC_ROCK_VOUCHER_10250,240.0,13.0,,,,,241,13,,,,,240.5,0.0
1,117200,VOLCANIC_ROCK_VOUCHER_10250,240.0,20.0,,,,,241,20,,,,,240.5,0.0
1,117300,VOLCANIC_ROCK_VOUCHER_10250,240.0,17.0,,,,,241,17,,,,,240.5,0.0
1,117400,VOLCANIC_ROCK_VOUCHER_10250,242.0,21.0,,,,,243,21,,,,,242.5,0.0
1,117500,VOLCANIC_ROCK_VOUCHER_10250,242.0,20.0,,,,,243,20,,,,,242.5,0.0
1,117600,VOLCANIC_ROCK_VOUCHER_10250,242.0,17.0,,,,,243,17,,,,,242.5,0.0
1,117700,VOLCANIC_ROCK_VOUCHER_10250,242.0,5.0,,,,,243,18,,,,,242.5,0.0
1,117800,VOLCANIC_ROCK_VOUCHER_10250,242.0,15.0,,,,,244,15,,,,,243.0,0.0
1,117900,VOLCANIC_ROCK_VOUCHER_10250,241.0,18.0,,,,,243,18,,,,,242.0,0.0
1,118000,VOLCANIC_ROCK_VOUCHER_10250,241.0,12.0,,,,,242,12,,,,,241.5,0.0
1,118100,VOLCANIC_ROCK_VOUCHER_10250,240.0,18.0,,,,,241,18,,,,,240.5,0.0
1,118200,VOLCANIC_ROCK_VOUCHER_10250,238.0,19.0,,,,,239,19,,,,,238.5,0.0
1,118300,VOLCANIC_ROCK_VOUCHER_10250,238.0,12.0,,,,,239,12,,,,,238.5,0.0
1,118400,VOLCANIC_ROCK_VOUCHER_10250,240.0,15.0,,,,,241,15,,,,,240.5,0.0
1,118500,VOLCANIC_ROCK_VOUCHER_10250,239.0,21.0,,,,,240,21,,,,,239.5,0.0
1,118600,VOLCANIC_ROCK_VOUCHER_10250,240.0,12.0,,,,,241,12,,,,,240.5,0.0
1,118700,VOLCANIC_ROCK_VOUCHER_10250,239.0,13.0,,,,,240,13,,,,,239.5,0.0
1,118800,VOLCANIC_ROCK_VOUCHER_10250,238.0,13.0,,,,,239,13,,,,,238.5,0.0
1,118900,VOLCANIC_ROCK_VOUCHER_10250,239.0,16.0,,,,,240,16,,,,,239.5,0.0
1,119000,VOLCANIC_ROCK_VOUCHER_10250,238.0,15.0,,,,,239,15,,,,,238.5,0.0
1,119100,VOLCANIC_ROCK_VOUCHER_10250,236.0,17.0,,,,,237,17,,,,,236.5,0.0
1,119200,VOLCANIC_ROCK_VOUCHER_10250,233.0,19.0,,,,,234,19,,,,,233.5,0.0
1,119300,VOLCANIC_ROCK_VOUCHER_10250,233.0,17.0,,,,,234,17,,,,,233.5,0.0
1,119400,VOLCANIC_ROCK_VOUCHER_10250,235.0,20.0,,,,,236,20,,,,,235.5,0.0
1,119500,VOLCANIC_ROCK_VOUCHER_10250,235.0,18.0,,,,,236,18,,,,,235.5,0.0
1,119600,VOLCANIC_ROCK_VOUCHER_10250,231.0,14.0,,,,,232,14,,,,,231.5,0.0
1,119700,VOLCANIC_ROCK_VOUCHER_10250,231.0,1.0,230.0,19.0,,,232,20,,,,,231.5,0.0
1,119800,VOLCANIC_ROCK_VOUCHER_10250,230.0,15.0,,,,,231,15,,,,,230.5,0.0
1,119900,VOLCANIC_ROCK_VOUCHER_10250,231.0,21.0,,,,,232,21,,,,,231.5,0.0
1,120000,VOLCANIC_ROCK_VOUCHER_10250,232.0,15.0,,,,,233,15,,,,,232.5,0.0
1,120100,VOLCANIC_ROCK_VOUCHER_10250,232.0,16.0,,,,,233,16,,,,,232.5,0.0
1,120200,VOLCANIC_ROCK_VOUCHER_10250,232.0,21.0,,,,,233,21,,,,,232.5,0.0
1,120300,VOLCANIC_ROCK_VOUCHER_10250,231.0,22.0,,,,,232,22,,,,,231.5,0.0
1,120400,VOLCANIC_ROCK_VOUCHER_10250,232.0,26.0,,,,,233,10,,,,,232.5,0.0
1,120500,VOLCANIC_ROCK_VOUCHER_10250,232.0,12.0,,,,,233,12,,,,,232.5,0.0
1,120600,VOLCANIC_ROCK_VOUCHER_10250,233.0,15.0,,,,,234,15,,,,,233.5,0.0
1,120700,VOLCANIC_ROCK_VOUCHER_10250,233.0,14.0,,,,,234,14,,,,,233.5,0.0
1,120800,VOLCANIC_ROCK_VOUCHER_10250,232.0,17.0,,,,,233,17,,,,,232.5,0.0
1,120900,VOLCANIC_ROCK_VOUCHER_10250,232.0,17.0,,,,,233,17,,,,,232.5,0.0
1,121000,VOLCANIC_ROCK_VOUCHER_10250,232.0,34.0,,,,,233,15,,,,,232.5,0.0
1,121100,VOLCANIC_ROCK_VOUCHER_10250,231.0,27.0,,,,,232,14,,,,,231.5,0.0
1,121200,VOLCANIC_ROCK_VOUCHER_10250,234.0,18.0,,,,,235,18,,,,,234.5,0.0
1,121300,VOLCANIC_ROCK_VOUCHER_10250,235.0,15.0,,,,,236,15,,,,,235.5,0.0
1,121400,VOLCANIC_ROCK_VOUCHER_10250,235.0,21.0,,,,,236,21,,,,,235.5,0.0
1,121500,VOLCANIC_ROCK_VOUCHER_10250,236.0,12.0,,,,,237,12,,,,,236.5,0.0
1,121600,VOLCANIC_ROCK_VOUCHER_10250,234.0,10.0,,,,,235,10,,,,,234.5,0.0
1,121700,VOLCANIC_ROCK_VOUCHER_10250,234.0,20.0,,,,,235,20,,,,,234.5,0.0
1,121800,VOLCANIC_ROCK_VOUCHER_10250,233.0,10.0,,,,,235,10,,,,,234.0,0.0
1,121900,VOLCANIC_ROCK_VOUCHER_10250,232.0,1.0,,,,,233,13,,,,,232.5,0.0
1,122000,VOLCANIC_ROCK_VOUCHER_10250,232.0,13.0,,,,,233,13,,,,,232.5,0.0
1,122100,VOLCANIC_ROCK_VOUCHER_10250,231.0,14.0,,,,,232,14,,,,,231.5,0.0
1,122200,VOLCANIC_ROCK_VOUCHER_10250,228.0,11.0,,,,,229,11,,,,,228.5,0.0
1,122300,VOLCANIC_ROCK_VOUCHER_10250,228.0,10.0,,,,,229,10,,,,,228.5,0.0
1,122400,VOLCANIC_ROCK_VOUCHER_10250,228.0,14.0,,,,,229,14,,,,,228.5,0.0
1,122500,VOLCANIC_ROCK_VOUCHER_10250,229.0,14.0,,,,,230,14,,,,,229.5,0.0
1,122600,VOLCANIC_ROCK_VOUCHER_10250,228.0,13.0,,,,,230,13,,,,,229.0,0.0
1,122700,VOLCANIC_ROCK_VOUCHER_10250,,,,,,,229,4,230.0,13.0,,,229.0,0.0
1,122800,VOLCANIC_ROCK_VOUCHER_10250,231.0,10.0,,,,,232,10,,,,,231.5,0.0
1,122900,VOLCANIC_ROCK_VOUCHER_10250,232.0,11.0,,,,,233,11,,,,,232.5,0.0
1,123000,VOLCANIC_ROCK_VOUCHER_10250,231.0,15.0,,,,,232,15,,,,,231.5,0.0
1,123100,VOLCANIC_ROCK_VOUCHER_10250,233.0,15.0,,,,,234,15,,,,,233.5,0.0
1,123200,VOLCANIC_ROCK_VOUCHER_10250,233.0,2.0,,,,,234,19,,,,,233.5,0.0
1,123300,VOLCANIC_ROCK_VOUCHER_10250,234.0,14.0,,,,,236,14,,,,,235.0,0.0
1,123400,VOLCANIC_ROCK_VOUCHER_10250,235.0,22.0,,,,,236,22,,,,,235.5,0.0
1,123500,VOLCANIC_ROCK_VOUCHER_10250,235.0,15.0,,,,,236,15,,,,,235.5,0.0
1,123600,VOLCANIC_ROCK_VOUCHER_10250,234.0,10.0,,,,,235,10,,,,,234.5,0.0
1,123700,VOLCANIC_ROCK_VOUCHER_10250,233.0,15.0,,,,,234,15,,,,,233.5,0.0
1,123800,VOLCANIC_ROCK_VOUCHER_10250,232.0,17.0,,,,,233,17,,,,,232.5,0.0
1,123900,VOLCANIC_ROCK_VOUCHER_10250,231.0,21.0,,,,,232,21,,,,,231.5,0.0
1,124000,VOLCANIC_ROCK_VOUCHER_10250,233.0,15.0,,,,,234,15,,,,,233.5,0.0
1,124100,VOLCANIC_ROCK_VOUCHER_10250,231.0,13.0,,,,,232,13,,,,,231.5,0.0
1,124200,VOLCANIC_ROCK_VOUCHER_10250,231.0,16.0,,,,,232,16,,,,,231.5,0.0
1,124300,VOLCANIC_ROCK_VOUCHER_10250,231.0,14.0,,,,,232,14,,,,,231.5,0.0
1,124400,VOLCANIC_ROCK_VOUCHER_10250,231.0,21.0,,,,,232,21,,,,,231.5,0.0
1,124500,VOLCANIC_ROCK_VOUCHER_10250,230.0,19.0,,,,,231,19,,,,,230.5,0.0
1,124600,VOLCANIC_ROCK_VOUCHER_10250,230.0,37.0,,,,,231,18,,,,,230.5,0.0
1,124700,VOLCANIC_ROCK_VOUCHER_10250,228.0,30.0,,,,,229,17,,,,,228.5,0.0
1,124800,VOLCANIC_ROCK_VOUCHER_10250,225.0,7.0,,,,,226,18,,,,,225.5,0.0
1,124900,VOLCANIC_ROCK_VOUCHER_10250,223.0,15.0,,,,,224,15,,,,,223.5,0.0
1,125000,VOLCANIC_ROCK_VOUCHER_10250,225.0,14.0,,,,,226,14,,,,,225.5,0.0
1,125100,VOLCANIC_ROCK_VOUCHER_10250,224.0,18.0,,,,,225,18,,,,,224.5,0.0
1,125200,VOLCANIC_ROCK_VOUCHER_10250,227.0,27.0,,,,,228,16,,,,,227.5,0.0
1,125300,VOLCANIC_ROCK_VOUCHER_10250,225.0,18.0,,,,,226,18,,,,,225.5,0.0
1,125400,VOLCANIC_ROCK_VOUCHER_10250,223.0,12.0,,,,,224,12,,,,,223.5,0.0
1,125500,VOLCANIC_ROCK_VOUCHER_10250,222.0,19.0,,,,,223,19,,,,,222.5,0.0
1,125600,VOLCANIC_ROCK_VOUCHER_10250,222.0,13.0,,,,,223,13,,,,,222.5,0.0
1,125700,VOLCANIC_ROCK_VOUCHER_10250,223.0,15.0,,,,,224,15,,,,,223.5,0.0
1,125800,VOLCANIC_ROCK_VOUCHER_10250,224.0,14.0,,,,,225,14,,,,,224.5,0.0
1,125900,VOLCANIC_ROCK_VOUCHER_10250,225.0,20.0,,,,,226,20,,,,,225.5,0.0
1,126000,VOLCANIC_ROCK_VOUCHER_10250,224.0,19.0,,,,,225,19,,,,,224.5,0.0
1,126100,VOLCANIC_ROCK_VOUCHER_10250,224.0,9.0,,,,,225,19,,,,,224.5,0.0
1,126200,VOLCANIC_ROCK_VOUCHER_10250,223.0,14.0,,,,,225,14,,,,,224.0,0.0
1,126300,VOLCANIC_ROCK_VOUCHER_10250,226.0,18.0,,,,,227,18,,,,,226.5,0.0
1,126400,VOLCANIC_ROCK_VOUCHER_10250,229.0,15.0,,,,,230,15,,,,,229.5,0.0
1,126500,VOLCANIC_ROCK_VOUCHER_10250,228.0,21.0,,,,,229,21,,,,,228.5,0.0
1,126600,VOLCANIC_ROCK_VOUCHER_10250,224.0,16.0,,,,,225,16,,,,,224.5,0.0
1,126700,VOLCANIC_ROCK_VOUCHER_10250,224.0,19.0,,,,,225,19,,,,,224.5,0.0
1,126800,VOLCANIC_ROCK_VOUCHER_10250,225.0,12.0,,,,,226,12,,,,,225.5,0.0
1,126900,VOLCANIC_ROCK_VOUCHER_10250,224.0,12.0,,,,,226,12,,,,,225.0,0.0
1,127000,VOLCANIC_ROCK_VOUCHER_10250,226.0,14.0,,,,,227,14,,,,,226.5,0.0
1,127100,VOLCANIC_ROCK_VOUCHER_10250,225.0,20.0,,,,,227,20,,,,,226.0,0.0
1,127200,VOLCANIC_ROCK_VOUCHER_10250,225.0,21.0,,,,,226,21,,,,,225.5,0.0
1,127300,VOLCANIC_ROCK_VOUCHER_10250,225.0,12.0,,,,,226,12,,,,,225.5,0.0
1,127400,VOLCANIC_ROCK_VOUCHER_10250,224.0,16.0,,,,,225,16,,,,,224.5,0.0
1,127500,VOLCANIC_ROCK_VOUCHER_10250,222.0,16.0,,,,,223,16,,,,,222.5,0.0
1,127600,VOLCANIC_ROCK_VOUCHER_10250,221.0,19.0,,,,,222,19,,,,,221.5,0.0
1,127700,VOLCANIC_ROCK_VOUCHER_10250,221.0,18.0,,,,,222,18,,,,,221.5,0.0
1,127800,VOLCANIC_ROCK_VOUCHER_10250,219.0,13.0,,,,,220,13,,,,,219.5,0.0
1,127900,VOLCANIC_ROCK_VOUCHER_10250,220.0,12.0,,,,,221,12,,,,,220.5,0.0
1,128000,VOLCANIC_ROCK_VOUCHER_10250,220.0,20.0,,,,,221,20,,,,,220.5,0.0
1,128100,VOLCANIC_ROCK_VOUCHER_10250,221.0,18.0,,,,,223,18,,,,,222.0,0.0
1,128200,VOLCANIC_ROCK_VOUCHER_10250,217.0,18.0,,,,,218,18,,,,,217.5,0.0
1,128300,VOLCANIC_ROCK_VOUCHER_10250,216.0,13.0,,,,,217,13,,,,,216.5,0.0
1,128400,VOLCANIC_ROCK_VOUCHER_10250,215.0,18.0,,,,,216,18,,,,,215.5,0.0
1,128500,VOLCANIC_ROCK_VOUCHER_10250,216.0,15.0,,,,,217,15,,,,,216.5,0.0
1,128600,VOLCANIC_ROCK_VOUCHER_10250,217.0,20.0,,,,,218,20,,,,,217.5,0.0
1,128700,VOLCANIC_ROCK_VOUCHER_10250,217.0,18.0,,,,,218,18,,,,,217.5,0.0
1,128800,VOLCANIC_ROCK_VOUCHER_10250,217.0,13.0,,,,,218,13,,,,,217.5,0.0
1,128900,VOLCANIC_ROCK_VOUCHER_10250,216.0,13.0,,,,,217,13,,,,,216.5,0.0
1,129000,VOLCANIC_ROCK_VOUCHER_10250,218.0,14.0,,,,,219,14,,,,,218.5,0.0
1,129100,VOLCANIC_ROCK_VOUCHER_10250,214.0,16.0,,,,,215,16,,,,,214.5,0.0
1,129200,VOLCANIC_ROCK_VOUCHER_10250,208.0,19.0,,,,,209,19,,,,,208.5,0.0
1,129300,VOLCANIC_ROCK_VOUCHER_10250,203.0,11.0,,,,,204,11,,,,,203.5,0.0
1,129400,VOLCANIC_ROCK_VOUCHER_10250,201.0,15.0,,,,,202,15,,,,,201.5,0.0
1,129500,VOLCANIC_ROCK_VOUCHER_10250,203.0,12.0,,,,,204,12,,,,,203.5,0.0
1,129600,VOLCANIC_ROCK_VOUCHER_10250,199.0,17.0,,,,,200,17,,,,,199.5,0.0
1,129700,VOLCANIC_ROCK_VOUCHER_10250,196.0,10.0,,,,,197,10,,,,,196.5,0.0
1,129800,VOLCANIC_ROCK_VOUCHER_10250,188.0,21.0,,,,,189,21,,,,,188.5,0.0
1,129900,VOLCANIC_ROCK_VOUCHER_10250,189.0,17.0,,,,,190,17,,,,,189.5,0.0
1,130000,VOLCANIC_ROCK_VOUCHER_10250,189.0,20.0,,,,,190,20,,,,,189.5,0.0
1,130100,VOLCANIC_ROCK_VOUCHER_10250,189.0,15.0,,,,,190,15,,,,,189.5,0.0
1,130200,VOLCANIC_ROCK_VOUCHER_10250,189.0,18.0,,,,,190,18,,,,,189.5,0.0
1,130300,VOLCANIC_ROCK_VOUCHER_10250,192.0,20.0,,,,,193,20,,,,,192.5,0.0
1,130400,VOLCANIC_ROCK_VOUCHER_10250,,,,,,,196,2,197.0,18.0,,,196.0,0.0
1,130500,VOLCANIC_ROCK_VOUCHER_10250,192.0,22.0,,,,,193,22,,,,,192.5,0.0
1,130600,VOLCANIC_ROCK_VOUCHER_10250,193.0,12.0,,,,,194,12,,,,,193.5,0.0
1,130700,VOLCANIC_ROCK_VOUCHER_10250,191.0,16.0,,,,,192,16,,,,,191.5,0.0
1,130800,VOLCANIC_ROCK_VOUCHER_10250,189.0,10.0,,,,,190,10,,,,,189.5,0.0
1,130900,VOLCANIC_ROCK_VOUCHER_10250,190.0,12.0,,,,,191,12,,,,,190.5,0.0
1,131000,VOLCANIC_ROCK_VOUCHER_10250,190.0,14.0,,,,,191,14,,,,,190.5,0.0
1,131100,VOLCANIC_ROCK_VOUCHER_10250,186.0,20.0,,,,,187,20,,,,,186.5,0.0
1,131200,VOLCANIC_ROCK_VOUCHER_10250,188.0,15.0,,,,,189,15,,,,,188.5,0.0
1,131300,VOLCANIC_ROCK_VOUCHER_10250,192.0,13.0,,,,,193,13,,,,,192.5,0.0
1,131400,VOLCANIC_ROCK_VOUCHER_10250,191.0,15.0,,,,,192,15,,,,,191.5,0.0
1,131500,VOLCANIC_ROCK_VOUCHER_10250,193.0,14.0,,,,,194,14,,,,,193.5,0.0
1,131600,VOLCANIC_ROCK_VOUCHER_10250,197.0,18.0,,,,,198,18,,,,,197.5,0.0
1,131700,VOLCANIC_ROCK_VOUCHER_10250,195.0,18.0,,,,,196,18,,,,,195.5,0.0
1,131800,VOLCANIC_ROCK_VOUCHER_10250,196.0,12.0,,,,,197,12,,,,,196.5,0.0
1,131900,VOLCANIC_ROCK_VOUCHER_10250,198.0,13.0,,,,,199,13,,,,,198.5,0.0
1,132000,VOLCANIC_ROCK_VOUCHER_10250,196.0,15.0,,,,,197,15,,,,,196.5,0.0
1,132100,VOLCANIC_ROCK_VOUCHER_10250,197.0,12.0,,,,,198,12,,,,,197.5,0.0
1,132200,VOLCANIC_ROCK_VOUCHER_10250,196.0,33.0,,,,,197,13,,,,,196.5,0.0
1,132300,VOLCANIC_ROCK_VOUCHER_10250,199.0,18.0,,,,,200,18,,,,,199.5,0.0
1,132400,VOLCANIC_ROCK_VOUCHER_10250,196.0,15.0,,,,,197,15,,,,,196.5,0.0
1,132500,VOLCANIC_ROCK_VOUCHER_10250,194.0,12.0,,,,,195,12,,,,,194.5,0.0
1,132600,VOLCANIC_ROCK_VOUCHER_10250,196.0,19.0,,,,,197,19,,,,,196.5,0.0
1,132700,VOLCANIC_ROCK_VOUCHER_10250,197.0,20.0,,,,,198,20,,,,,197.5,0.0
1,132800,VOLCANIC_ROCK_VOUCHER_10250,198.0,20.0,,,,,199,20,,,,,198.5,0.0
1,132900,VOLCANIC_ROCK_VOUCHER_10250,198.0,18.0,,,,,199,18,,,,,198.5,0.0
1,133000,VOLCANIC_ROCK_VOUCHER_10250,199.0,12.0,,,,,200,12,,,,,199.5,0.0
1,133100,VOLCANIC_ROCK_VOUCHER_10250,196.0,15.0,,,,,197,15,,,,,196.5,0.0
1,133200,VOLCANIC_ROCK_VOUCHER_10250,198.0,16.0,,,,,199,16,,,,,198.5,0.0
1,133300,VOLCANIC_ROCK_VOUCHER_10250,198.0,20.0,,,,,199,20,,,,,198.5,0.0
1,133400,VOLCANIC_ROCK_VOUCHER_10250,201.0,13.0,,,,,202,13,,,,,201.5,0.0
1,133500,VOLCANIC_ROCK_VOUCHER_10250,207.0,15.0,,,,,208,22,,,,,207.5,0.0
1,133600,VOLCANIC_ROCK_VOUCHER_10250,207.0,19.0,,,,,208,19,,,,,207.5,0.0
1,133700,VOLCANIC_ROCK_VOUCHER_10250,202.0,10.0,,,,,203,10,,,,,202.5,0.0
1,133800,VOLCANIC_ROCK_VOUCHER_10250,205.0,33.0,,,,,206,18,,,,,205.5,0.0
1,133900,VOLCANIC_ROCK_VOUCHER_10250,202.0,15.0,,,,,203,15,,,,,202.5,0.0
1,134000,VOLCANIC_ROCK_VOUCHER_10250,203.0,19.0,,,,,204,19,,,,,203.5,0.0
1,134100,VOLCANIC_ROCK_VOUCHER_10250,198.0,19.0,,,,,199,19,,,,,198.5,0.0
1,134200,VOLCANIC_ROCK_VOUCHER_10250,200.0,19.0,,,,,201,19,,,,,200.5,0.0
1,134300,VOLCANIC_ROCK_VOUCHER_10250,201.0,20.0,,,,,202,20,,,,,201.5,0.0
1,134400,VOLCANIC_ROCK_VOUCHER_10250,201.0,28.0,,,,,203,15,,,,,202.0,0.0
1,134500,VOLCANIC_ROCK_VOUCHER_10250,202.0,19.0,,,,,203,19,,,,,202.5,0.0
1,134600,VOLCANIC_ROCK_VOUCHER_10250,202.0,10.0,,,,,203,10,,,,,202.5,0.0
1,134700,VOLCANIC_ROCK_VOUCHER_10250,199.0,14.0,,,,,200,14,,,,,199.5,0.0
1,134800,VOLCANIC_ROCK_VOUCHER_10250,201.0,19.0,,,,,202,19,,,,,201.5,0.0
1,134900,VOLCANIC_ROCK_VOUCHER_10250,202.0,11.0,,,,,203,11,,,,,202.5,0.0
1,135000,VOLCANIC_ROCK_VOUCHER_10250,204.0,11.0,,,,,205,11,,,,,204.5,0.0
1,135100,VOLCANIC_ROCK_VOUCHER_10250,204.0,31.0,,,,,205,22,,,,,204.5,0.0
1,135200,VOLCANIC_ROCK_VOUCHER_10250,211.0,15.0,,,,,212,15,,,,,211.5,0.0
1,135300,VOLCANIC_ROCK_VOUCHER_10250,209.0,11.0,,,,,210,11,,,,,209.5,0.0
1,135400,VOLCANIC_ROCK_VOUCHER_10250,209.0,21.0,,,,,210,21,,,,,209.5,0.0
1,135500,VOLCANIC_ROCK_VOUCHER_10250,210.0,16.0,,,,,211,16,,,,,210.5,0.0
1,135600,VOLCANIC_ROCK_VOUCHER_10250,209.0,12.0,,,,,210,12,,,,,209.5,0.0
1,135700,VOLCANIC_ROCK_VOUCHER_10250,214.0,5.0,,,,,215,15,,,,,214.5,0.0
1,135800,VOLCANIC_ROCK_VOUCHER_10250,214.0,13.0,,,,,215,13,,,,,214.5,0.0
1,135900,VOLCANIC_ROCK_VOUCHER_10250,214.0,20.0,,,,,215,20,,,,,214.5,0.0
1,136000,VOLCANIC_ROCK_VOUCHER_10250,213.0,32.0,,,,,214,17,,,,,213.5,0.0
1,136100,VOLCANIC_ROCK_VOUCHER_10250,215.0,9.0,,,,,216,19,,,,,215.5,0.0
1,136200,VOLCANIC_ROCK_VOUCHER_10250,213.0,17.0,,,,,215,17,,,,,214.0,0.0
1,136300,VOLCANIC_ROCK_VOUCHER_10250,214.0,19.0,,,,,215,19,,,,,214.5,0.0
1,136400,VOLCANIC_ROCK_VOUCHER_10250,209.0,16.0,,,,,210,16,,,,,209.5,0.0
1,136500,VOLCANIC_ROCK_VOUCHER_10250,207.0,17.0,,,,,208,17,,,,,207.5,0.0
1,136600,VOLCANIC_ROCK_VOUCHER_10250,206.0,20.0,,,,,207,20,,,,,206.5,0.0
1,136700,VOLCANIC_ROCK_VOUCHER_10250,206.0,40.0,,,,,207,20,,,,,206.5,0.0
1,136800,VOLCANIC_ROCK_VOUCHER_10250,202.0,21.0,,,,,203,16,,,,,202.5,0.0
1,136900,VOLCANIC_ROCK_VOUCHER_10250,202.0,20.0,,,,,203,20,,,,,202.5,0.0
1,137000,VOLCANIC_ROCK_VOUCHER_10250,200.0,21.0,,,,,201,21,,,,,200.5,0.0
1,137100,VOLCANIC_ROCK_VOUCHER_10250,201.0,21.0,,,,,202,21,,,,,201.5,0.0
1,137200,VOLCANIC_ROCK_VOUCHER_10250,205.0,19.0,,,,,206,19,,,,,205.5,0.0
1,137300,VOLCANIC_ROCK_VOUCHER_10250,203.0,21.0,,,,,204,21,,,,,203.5,0.0
1,137400,VOLCANIC_ROCK_VOUCHER_10250,204.0,19.0,,,,,205,19,,,,,204.5,0.0
1,137500,VOLCANIC_ROCK_VOUCHER_10250,205.0,13.0,,,,,206,13,,,,,205.5,0.0
1,137600,VOLCANIC_ROCK_VOUCHER_10250,205.0,16.0,,,,,206,16,,,,,205.5,0.0
1,137700,VOLCANIC_ROCK_VOUCHER_10250,205.0,19.0,,,,,206,19,,,,,205.5,0.0
1,137800,VOLCANIC_ROCK_VOUCHER_10250,204.0,17.0,,,,,205,17,,,,,204.5,0.0
1,137900,VOLCANIC_ROCK_VOUCHER_10250,200.0,17.0,,,,,201,17,,,,,200.5,0.0
1,138000,VOLCANIC_ROCK_VOUCHER_10250,199.0,14.0,,,,,200,14,,,,,199.5,0.0
1,138100,VOLCANIC_ROCK_VOUCHER_10250,203.0,11.0,,,,,204,11,,,,,203.5,0.0
