day,timestamp,product,bid_price_1,bid_volume_1,bid_price_2,bid_volume_2,bid_price_3,bid_volume_3,ask_price_1,ask_volume_1,ask_price_2,ask_volume_2,ask_price_3,ask_volume_3,mid_price,profit_and_loss
0,0,VOLCANIC_ROCK_VOUCHER_10250,273.0,19.0,,,,,274,19,,,,,273.5,0.0
0,100,VOLCANIC_ROCK_VOUCHER_10250,279.0,13.0,,,,,280,13,,,,,279.5,0.0
0,200,VOLCANIC_ROCK_VOUCHER_10250,282.0,15.0,,,,,283,15,,,,,282.5,0.0
0,300,VOLCANIC_ROCK_VOUCHER_10250,285.0,13.0,,,,,286,13,,,,,285.5,0.0
0,400,VOLCANIC_ROCK_VOUCHER_10250,279.0,15.0,,,,,280,15,,,,,279.5,0.0
0,500,VOLCANIC_ROCK_VOUCHER_10250,276.0,2.0,275.0,16.0,,,277,18,,,,,276.5,0.0
0,600,VOLCANIC_ROCK_VOUCHER_10250,273.0,15.0,,,,,274,15,,,,,273.5,0.0
0,700,VOLCANIC_ROCK_VOUCHER_10250,273.0,16.0,,,,,274,16,,,,,273.5,0.0
0,800,VOLCANIC_ROCK_VOUCHER_10250,268.0,10.0,,,,,269,10,,,,,268.5,0.0
0,900,VOLCANIC_ROCK_VOUCHER_10250,266.0,22.0,,,,,267,22,,,,,266.5,0.0
0,1000,VOLCANIC_ROCK_VOUCHER_10250,269.0,18.0,,,,,270,18,,,,,269.5,0.0
0,1100,VOLCANIC_ROCK_VOUCHER_10250,271.0,18.0,,,,,272,18,,,,,271.5,0.0
0,1200,VOLCANIC_ROCK_VOUCHER_10250,274.0,15.0,,,,,275,15,,,,,274.5,0.0
0,1300,VOLCANIC_ROCK_VOUCHER_10250,279.0,15.0,,,,,280,15,,,,,279.5,0.0
0,1400,VOLCANIC_ROCK_VOUCHER_10250,279.0,17.0,,,,,280,17,,,,,279.5,0.0
0,1500,VOLCANIC_ROCK_VOUCHER_10250,274.0,20.0,,,,,275,20,,,,,274.5,0.0
0,1600,VOLCANIC_ROCK_VOUCHER_10250,274.0,11.0,,,,,275,11,,,,,274.5,0.0
0,1700,VOLCANIC_ROCK_VOUCHER_10250,269.0,20.0,,,,,270,20,,,,,269.5,0.0
0,1800,VOLCANIC_ROCK_VOUCHER_10250,268.0,14.0,,,,,269,14,,,,,268.5,0.0
0,1900,VOLCANIC_ROCK_VOUCHER_10250,264.0,19.0,,,,,265,19,,,,,264.5,0.0
0,2000,VOLCANIC_ROCK_VOUCHER_10250,264.0,2.0,,,,,265,15,,,,,264.5,0.0
0,2100,VOLCANIC_ROCK_VOUCHER_10250,260.0,13.0,,,,,261,13,,,,,260.5,0.0
0,2200,VOLCANIC_ROCK_VOUCHER_10250,258.0,17.0,,,,,259,17,,,,,258.5,0.0
0,2300,VOLCANIC_ROCK_VOUCHER_10250,263.0,20.0,,,,,264,20,,,,,263.5,0.0
0,2400,VOLCANIC_ROCK_VOUCHER_10250,258.0,15.0,,,,,259,15,,,,,258.5,0.0
0,2500,VOLCANIC_ROCK_VOUCHER_10250,254.0,16.0,,,,,255,16,,,,,254.5,0.0
0,2600,VOLCANIC_ROCK_VOUCHER_10250,249.0,5.0,,,,,250,15,,,,,249.5,0.0
0,2700,VOLCANIC_ROCK_VOUCHER_10250,241.0,18.0,,,,,242,18,,,,,241.5,0.0
0,2800,VOLCANIC_ROCK_VOUCHER_10250,247.0,20.0,,,,,248,20,,,,,247.5,0.0
0,2900,VOLCANIC_ROCK_VOUCHER_10250,248.0,20.0,,,,,249,20,,,,,248.5,0.0
0,3000,VOLCANIC_ROCK_VOUCHER_10250,252.0,15.0,,,,,253,15,,,,,252.5,0.0
0,3100,VOLCANIC_ROCK_VOUCHER_10250,248.0,18.0,,,,,249,21,,,,,248.5,0.0
0,3200,VOLCANIC_ROCK_VOUCHER_10250,253.0,14.0,,,,,254,14,,,,,253.5,0.0
0,3300,VOLCANIC_ROCK_VOUCHER_10250,253.0,12.0,,,,,254,12,,,,,253.5,0.0
0,3400,VOLCANIC_ROCK_VOUCHER_10250,253.0,12.0,,,,,254,12,,,,,253.5,0.0
0,3500,VOLCANIC_ROCK_VOUCHER_10250,261.0,12.0,,,,,262,12,,,,,261.5,0.0
0,3600,VOLCANIC_ROCK_VOUCHER_10250,257.0,16.0,,,,,258,16,,,,,257.5,0.0
0,3700,VOLCANIC_ROCK_VOUCHER_10250,256.0,12.0,,,,,257,12,,,,,256.5,0.0
0,3800,VOLCANIC_ROCK_VOUCHER_10250,256.0,12.0,,,,,257,12,,,,,256.5,0.0
0,3900,VOLCANIC_ROCK_VOUCHER_10250,255.0,10.0,,,,,256,10,,,,,255.5,0.0
0,4000,VOLCANIC_ROCK_VOUCHER_10250,250.0,15.0,,,,,251,15,,,,,250.5,0.0
0,4100,VOLCANIC_ROCK_VOUCHER_10250,247.0,20.0,,,,,248,20,,,,,247.5,0.0
0,4200,VOLCANIC_ROCK_VOUCHER_10250,,,,,,,242,4,243.0,14.0,,,242.0,0.0
0,4300,VOLCANIC_ROCK_VOUCHER_10250,241.0,12.0,,,,,242,12,,,,,241.5,0.0
0,4400,VOLCANIC_ROCK_VOUCHER_10250,236.0,19.0,,,,,237,19,,,,,236.5,0.0
0,4500,VOLCANIC_ROCK_VOUCHER_10250,235.0,10.0,,,,,236,10,,,,,235.5,0.0
0,4600,VOLCANIC_ROCK_VOUCHER_10250,230.0,13.0,,,,,231,13,,,,,230.5,0.0
0,4700,VOLCANIC_ROCK_VOUCHER_10250,235.0,19.0,,,,,236,19,,,,,235.5,0.0
0,4800,VOLCANIC_ROCK_VOUCHER_10250,240.0,16.0,,,,,241,16,,,,,240.5,0.0
0,4900,VOLCANIC_ROCK_VOUCHER_10250,240.0,10.0,,,,,241,10,,,,,240.5,0.0
0,5000,VOLCANIC_ROCK_VOUCHER_10250,239.0,12.0,,,,,240,12,,,,,239.5,0.0
0,5100,VOLCANIC_ROCK_VOUCHER_10250,231.0,15.0,,,,,232,15,,,,,231.5,0.0
0,5200,VOLCANIC_ROCK_VOUCHER_10250,233.0,5.0,,,,,234,17,,,,,233.5,0.0
0,5300,VOLCANIC_ROCK_VOUCHER_10250,229.0,14.0,,,,,230,14,,,,,229.5,0.0
0,5400,VOLCANIC_ROCK_VOUCHER_10250,229.0,20.0,,,,,230,20,,,,,229.5,0.0
0,5500,VOLCANIC_ROCK_VOUCHER_10250,221.0,20.0,,,,,222,20,,,,,221.5,0.0
0,5600,VOLCANIC_ROCK_VOUCHER_10250,225.0,13.0,,,,,226,13,,,,,225.5,0.0
0,5700,VOLCANIC_ROCK_VOUCHER_10250,224.0,14.0,,,,,225,14,,,,,224.5,0.0
0,5800,VOLCANIC_ROCK_VOUCHER_10250,220.0,12.0,,,,,221,12,,,,,220.5,0.0
0,5900,VOLCANIC_ROCK_VOUCHER_10250,214.0,17.0,,,,,215,17,,,,,214.5,0.0
0,6000,VOLCANIC_ROCK_VOUCHER_10250,224.0,13.0,,,,,226,13,,,,,225.0,0.0
0,6100,VOLCANIC_ROCK_VOUCHER_10250,221.0,12.0,,,,,222,12,,,,,221.5,0.0
0,6200,VOLCANIC_ROCK_VOUCHER_10250,226.0,14.0,,,,,227,14,,,,,226.5,0.0
0,6300,VOLCANIC_ROCK_VOUCHER_10250,221.0,25.0,,,,,222,18,,,,,221.5,0.0
0,6400,VOLCANIC_ROCK_VOUCHER_10250,222.0,3.0,,,,,223,16,,,,,222.5,0.0
0,6500,VOLCANIC_ROCK_VOUCHER_10250,223.0,20.0,,,,,224,20,,,,,223.5,0.0
0,6600,VOLCANIC_ROCK_VOUCHER_10250,220.0,15.0,,,,,221,15,,,,,220.5,0.0
0,6700,VOLCANIC_ROCK_VOUCHER_10250,209.0,20.0,,,,,210,20,,,,,209.5,0.0
0,6800,VOLCANIC_ROCK_VOUCHER_10250,214.0,18.0,,,,,215,18,,,,,214.5,0.0
0,6900,VOLCANIC_ROCK_VOUCHER_10250,215.0,13.0,,,,,216,20,,,,,215.5,0.0
0,7000,VOLCANIC_ROCK_VOUCHER_10250,214.0,12.0,,,,,215,12,,,,,214.5,0.0
0,7100,VOLCANIC_ROCK_VOUCHER_10250,216.0,14.0,,,,,217,14,,,,,216.5,0.0
0,7200,VOLCANIC_ROCK_VOUCHER_10250,219.0,28.0,,,,,220,13,,,,,219.5,0.0
0,7300,VOLCANIC_ROCK_VOUCHER_10250,218.0,20.0,,,,,219,20,,,,,218.5,0.0
0,7400,VOLCANIC_ROCK_VOUCHER_10250,219.0,12.0,,,,,220,12,,,,,219.5,0.0
0,7500,VOLCANIC_ROCK_VOUCHER_10250,221.0,11.0,,,,,222,11,,,,,221.5,0.0
0,7600,VOLCANIC_ROCK_VOUCHER_10250,221.0,12.0,,,,,222,12,,,,,221.5,0.0
0,7700,VOLCANIC_ROCK_VOUCHER_10250,217.0,15.0,,,,,218,15,,,,,217.5,0.0
0,7800,VOLCANIC_ROCK_VOUCHER_10250,221.0,13.0,,,,,222,13,,,,,221.5,0.0
0,7900,VOLCANIC_ROCK_VOUCHER_10250,226.0,6.0,,,,,227,16,,,,,226.5,0.0
0,8000,VOLCANIC_ROCK_VOUCHER_10250,223.0,7.0,,,,,224,17,,,,,223.5,0.0
0,8100,VOLCANIC_ROCK_VOUCHER_10250,226.0,27.0,,,,,227,15,,,,,226.5,0.0
0,8200,VOLCANIC_ROCK_VOUCHER_10250,229.0,11.0,,,,,230,11,,,,,229.5,0.0
0,8300,VOLCANIC_ROCK_VOUCHER_10250,221.0,18.0,,,,,222,18,,,,,221.5,0.0
0,8400,VOLCANIC_ROCK_VOUCHER_10250,224.0,17.0,,,,,225,17,,,,,224.5,0.0
0,8500,VOLCANIC_ROCK_VOUCHER_10250,226.0,11.0,,,,,227,11,,,,,226.5,0.0
0,8600,VOLCANIC_ROCK_VOUCHER_10250,221.0,13.0,,,,,222,13,,,,,221.5,0.0
0,8700,VOLCANIC_ROCK_VOUCHER_10250,217.0,14.0,,,,,218,14,,,,,217.5,0.0
0,8800,VOLCANIC_ROCK_VOUCHER_10250,214.0,15.0,,,,,215,15,,,,,214.5,0.0
0,8900,VOLCANIC_ROCK_VOUCHER_10250,213.0,12.0,,,,,214,12,,,,,213.5,0.0
0,9000,VOLCANIC_ROCK_VOUCHER_10250,214.0,10.0,,,,,215,10,,,,,214.5,0.0
0,9100,VOLCANIC_ROCK_VOUCHER_10250,207.0,20.0,,,,,208,20,,,,,207.5,0.0
0,9200,VOLCANIC_ROCK_VOUCHER_10250,207.0,20.0,,,,,208,20,,,,,207.5,0.0
0,9300,VOLCANIC_ROCK_VOUCHER_10250,206.0,10.0,,,,,207,10,,,,,206.5,0.0
0,9400,VOLCANIC_ROCK_VOUCHER_10250,208.0,17.0,,,,,209,17,,,,,208.5,0.0
0,9500,VOLCANIC_ROCK_VOUCHER_10250,208.0,15.0,,,,,209,15,,,,,208.5,0.0
0,9600,VOLCANIC_ROCK_VOUCHER_10250,213.0,12.0,,,,,214,12,,,,,213.5,0.0
0,9700,VOLCANIC_ROCK_VOUCHER_10250,209.0,18.0,,,,,210,18,,,,,209.5,0.0
0,9800,VOLCANIC_ROCK_VOUCHER_10250,210.0,13.0,,,,,211,13,,,,,210.5,0.0
0,9900,VOLCANIC_ROCK_VOUCHER_10250,209.0,13.0,,,,,210,13,,,,,209.5,0.0
0,10000,VOLCANIC_ROCK_VOUCHER_10250,203.0,21.0,,,,,204,21,,,,,203.5,0.0
0,10100,VOLCANIC_ROCK_VOUCHER_10250,208.0,22.0,,,,,209,10,,,,,208.5,0.0
0,10200,VOLCANIC_ROCK_VOUCHER_10250,204.0,13.0,,,,,205,13,,,,,204.5,0.0
0,10300,VOLCANIC_ROCK_VOUCHER_10250,205.0,20.0,,,,,206,20,,,,,205.5,0.0
0,10400,VOLCANIC_ROCK_VOUCHER_10250,208.0,16.0,,,,,209,16,,,,,208.5,0.0
0,10500,VOLCANIC_ROCK_VOUCHER_10250,209.0,20.0,,,,,210,20,,,,,209.5,0.0
0,10600,VOLCANIC_ROCK_VOUCHER_10250,212.0,18.0,,,,,213,18,,,,,212.5,0.0
0,10700,VOLCANIC_ROCK_VOUCHER_10250,210.0,14.0,,,,,211,14,,,,,210.5,0.0
0,10800,VOLCANIC_ROCK_VOUCHER_10250,214.0,18.0,,,,,215,18,,,,,214.5,0.0
0,10900,VOLCANIC_ROCK_VOUCHER_10250,218.0,12.0,,,,,219,12,,,,,218.5,0.0
0,11000,VOLCANIC_ROCK_VOUCHER_10250,225.0,15.0,,,,,226,15,,,,,225.5,0.0
0,11100,VOLCANIC_ROCK_VOUCHER_10250,218.0,20.0,,,,,219,20,,,,,218.5,0.0
0,11200,VOLCANIC_ROCK_VOUCHER_10250,225.0,12.0,,,,,226,12,,,,,225.5,0.0
0,11300,VOLCANIC_ROCK_VOUCHER_10250,221.0,11.0,,,,,222,11,,,,,221.5,0.0
0,11400,VOLCANIC_ROCK_VOUCHER_10250,226.0,15.0,,,,,228,15,,,,,227.0,0.0
0,11500,VOLCANIC_ROCK_VOUCHER_10250,225.0,18.0,,,,,226,18,,,,,225.5,0.0
0,11600,VOLCANIC_ROCK_VOUCHER_10250,222.0,12.0,,,,,224,12,,,,,223.0,0.0
0,11700,VOLCANIC_ROCK_VOUCHER_10250,219.0,15.0,,,,,220,15,,,,,219.5,0.0
0,11800,VOLCANIC_ROCK_VOUCHER_10250,216.0,19.0,,,,,217,19,,,,,216.5,0.0
0,11900,VOLCANIC_ROCK_VOUCHER_10250,210.0,17.0,,,,,211,17,,,,,210.5,0.0
0,12000,VOLCANIC_ROCK_VOUCHER_10250,212.0,13.0,,,,,213,13,,,,,212.5,0.0
0,12100,VOLCANIC_ROCK_VOUCHER_10250,212.0,20.0,,,,,213,20,,,,,212.5,0.0
0,12200,VOLCANIC_ROCK_VOUCHER_10250,,,,,,,210,6,211.0,14.0,,,210.0,0.0
0,12300,VOLCANIC_ROCK_VOUCHER_10250,214.0,15.0,,,,,215,15,,,,,214.5,0.0
0,12400,VOLCANIC_ROCK_VOUCHER_10250,216.0,12.0,,,,,217,12,,,,,216.5,0.0
0,12500,VOLCANIC_ROCK_VOUCHER_10250,213.0,18.0,,,,,214,18,,,,,213.5,0.0
0,12600,VOLCANIC_ROCK_VOUCHER_10250,206.0,13.0,,,,,207,13,,,,,206.5,0.0
0,12700,VOLCANIC_ROCK_VOUCHER_10250,208.0,22.0,,,,,209,22,,,,,208.5,0.0
0,12800,VOLCANIC_ROCK_VOUCHER_10250,212.0,14.0,,,,,213,14,,,,,212.5,0.0
0,12900,VOLCANIC_ROCK_VOUCHER_10250,208.0,15.0,,,,,209,15,,,,,208.5,0.0
0,13000,VOLCANIC_ROCK_VOUCHER_10250,209.0,11.0,,,,,210,11,,,,,209.5,0.0
0,13100,VOLCANIC_ROCK_VOUCHER_10250,206.0,22.0,,,,,207,22,,,,,206.5,0.0
0,13200,VOLCANIC_ROCK_VOUCHER_10250,200.0,16.0,,,,,201,16,,,,,200.5,0.0
0,13300,VOLCANIC_ROCK_VOUCHER_10250,198.0,17.0,,,,,200,17,,,,,199.0,0.0
0,13400,VOLCANIC_ROCK_VOUCHER_10250,199.0,15.0,,,,,200,15,,,,,199.5,0.0
0,13500,VOLCANIC_ROCK_VOUCHER_10250,196.0,17.0,,,,,197,17,,,,,196.5,0.0
0,13600,VOLCANIC_ROCK_VOUCHER_10250,192.0,19.0,,,,,193,19,,,,,192.5,0.0
0,13700,VOLCANIC_ROCK_VOUCHER_10250,192.0,21.0,,,,,193,21,,,,,192.5,0.0
0,13800,VOLCANIC_ROCK_VOUCHER_10250,174.0,13.0,,,,,175,13,,,,,174.5,0.0
0,13900,VOLCANIC_ROCK_VOUCHER_10250,182.0,20.0,,,,,183,20,,,,,182.5,0.0
0,14000,VOLCANIC_ROCK_VOUCHER_10250,172.0,14.0,,,,,173,14,,,,,172.5,0.0
0,14100,VOLCANIC_ROCK_VOUCHER_10250,183.0,22.0,,,,,184,22,,,,,183.5,0.0
0,14200,VOLCANIC_ROCK_VOUCHER_10250,193.0,12.0,,,,,194,12,,,,,193.5,0.0
0,14300,VOLCANIC_ROCK_VOUCHER_10250,184.0,22.0,,,,,185,22,,,,,184.5,0.0
0,14400,VOLCANIC_ROCK_VOUCHER_10250,190.0,17.0,,,,,191,17,,,,,190.5,0.0
0,14500,VOLCANIC_ROCK_VOUCHER_10250,192.0,22.0,,,,,193,15,,,,,192.5,0.0
0,14600,VOLCANIC_ROCK_VOUCHER_10250,191.0,31.0,,,,,192,11,,,,,191.5,0.0
0,14700,VOLCANIC_ROCK_VOUCHER_10250,200.0,13.0,,,,,201,13,,,,,200.5,0.0
0,14800,VOLCANIC_ROCK_VOUCHER_10250,195.0,35.0,,,,,196,16,,,,,195.5,0.0
0,14900,VOLCANIC_ROCK_VOUCHER_10250,198.0,17.0,,,,,199,17,,,,,198.5,0.0
0,15000,VOLCANIC_ROCK_VOUCHER_10250,207.0,14.0,,,,,208,14,,,,,207.5,0.0
0,15100,VOLCANIC_ROCK_VOUCHER_10250,209.0,28.0,,,,,210,15,,,,,209.5,0.0
0,15200,VOLCANIC_ROCK_VOUCHER_10250,213.0,13.0,,,,,214,13,,,,,213.5,0.0
0,15300,VOLCANIC_ROCK_VOUCHER_10250,217.0,16.0,,,,,218,16,,,,,217.5,0.0
0,15400,VOLCANIC_ROCK_VOUCHER_10250,218.0,35.0,,,,,219,22,,,,,218.5,0.0
0,15500,VOLCANIC_ROCK_VOUCHER_10250,219.0,15.0,,,,,220,15,,,,,219.5,0.0
0,15600,VOLCANIC_ROCK_VOUCHER_10250,223.0,19.0,,,,,224,19,,,,,223.5,0.0
0,15700,VOLCANIC_ROCK_VOUCHER_10250,224.0,14.0,,,,,225,14,,,,,224.5,0.0
0,15800,VOLCANIC_ROCK_VOUCHER_10250,,,,,,,233,6,234.0,12.0,,,233.0,0.0
0,15900,VOLCANIC_ROCK_VOUCHER_10250,242.0,20.0,,,,,243,20,,,,,242.5,0.0
0,16000,VOLCANIC_ROCK_VOUCHER_10250,236.0,18.0,,,,,237,18,,,,,236.5,0.0
0,16100,VOLCANIC_ROCK_VOUCHER_10250,233.0,15.0,,,,,234,15,,,,,233.5,0.0
0,16200,VOLCANIC_ROCK_VOUCHER_10250,244.0,10.0,,,,,245,10,,,,,244.5,0.0
0,16300,VOLCANIC_ROCK_VOUCHER_10250,240.0,18.0,,,,,241,18,,,,,240.5,0.0
0,16400,VOLCANIC_ROCK_VOUCHER_10250,238.0,16.0,,,,,239,16,,,,,238.5,0.0
0,16500,VOLCANIC_ROCK_VOUCHER_10250,243.0,38.0,,,,,244,22,,,,,243.5,0.0
0,16600,VOLCANIC_ROCK_VOUCHER_10250,243.0,19.0,,,,,244,19,,,,,243.5,0.0
0,16700,VOLCANIC_ROCK_VOUCHER_10250,247.0,17.0,,,,,248,17,,,,,247.5,0.0
0,16800,VOLCANIC_ROCK_VOUCHER_10250,250.0,16.0,,,,,251,16,,,,,250.5,0.0
0,16900,VOLCANIC_ROCK_VOUCHER_10250,254.0,20.0,,,,,255,20,,,,,254.5,0.0
0,17000,VOLCANIC_ROCK_VOUCHER_10250,249.0,20.0,,,,,250,20,,,,,249.5,0.0
0,17100,VOLCANIC_ROCK_VOUCHER_10250,255.0,15.0,,,,,256,15,,,,,255.5,0.0
0,17200,VOLCANIC_ROCK_VOUCHER_10250,252.0,12.0,,,,,253,12,,,,,252.5,0.0
0,17300,VOLCANIC_ROCK_VOUCHER_10250,255.0,11.0,,,,,256,11,,,,,255.5,0.0
0,17400,VOLCANIC_ROCK_VOUCHER_10250,253.0,14.0,,,,,254,14,,,,,253.5,0.0
0,17500,VOLCANIC_ROCK_VOUCHER_10250,253.0,12.0,,,,,254,12,,,,,253.5,0.0
0,17600,VOLCANIC_ROCK_VOUCHER_10250,248.0,20.0,,,,,249,20,,,,,248.5,0.0
0,17700,VOLCANIC_ROCK_VOUCHER_10250,249.0,13.0,,,,,250,13,,,,,249.5,0.0
0,17800,VOLCANIC_ROCK_VOUCHER_10250,248.0,15.0,,,,,249,15,,,,,248.5,0.0
0,17900,VOLCANIC_ROCK_VOUCHER_10250,,,,,,,244,5,245.0,14.0,,,244.0,0.0
0,18000,VOLCANIC_ROCK_VOUCHER_10250,241.0,15.0,,,,,242,15,,,,,241.5,0.0
0,18100,VOLCANIC_ROCK_VOUCHER_10250,232.0,10.0,,,,,233,10,,,,,232.5,0.0
0,18200,VOLCANIC_ROCK_VOUCHER_10250,238.0,12.0,,,,,239,12,,,,,238.5,0.0
0,18300,VOLCANIC_ROCK_VOUCHER_10250,239.0,28.0,,,,,240,12,,,,,239.5,0.0
0,18400,VOLCANIC_ROCK_VOUCHER_10250,244.0,14.0,,,,,245,14,,,,,244.5,0.0
0,18500,VOLCANIC_ROCK_VOUCHER_10250,244.0,20.0,,,,,245,20,,,,,244.5,0.0
0,18600,VOLCANIC_ROCK_VOUCHER_10250,242.0,14.0,,,,,243,14,,,,,242.5,0.0
0,18700,VOLCANIC_ROCK_VOUCHER_10250,236.0,18.0,,,,,237,18,,,,,236.5,0.0
0,18800,VOLCANIC_ROCK_VOUCHER_10250,238.0,19.0,,,,,239,19,,,,,238.5,0.0
0,18900,VOLCANIC_ROCK_VOUCHER_10250,243.0,18.0,,,,,244,18,,,,,243.5,0.0
0,19000,VOLCANIC_ROCK_VOUCHER_10250,243.0,16.0,,,,,244,16,,,,,243.5,0.0
0,19100,VOLCANIC_ROCK_VOUCHER_10250,243.0,17.0,,,,,244,17,,,,,243.5,0.0
0,19200,VOLCANIC_ROCK_VOUCHER_10250,240.0,11.0,,,,,241,11,,,,,240.5,0.0
0,19300,VOLCANIC_ROCK_VOUCHER_10250,242.0,19.0,,,,,243,19,,,,,242.5,0.0
0,19400,VOLCANIC_ROCK_VOUCHER_10250,241.0,17.0,,,,,242,17,,,,,241.5,0.0
0,19500,VOLCANIC_ROCK_VOUCHER_10250,243.0,12.0,,,,,244,12,,,,,243.5,0.0
0,19600,VOLCANIC_ROCK_VOUCHER_10250,242.0,22.0,,,,,243,22,,,,,242.5,0.0
0,19700,VOLCANIC_ROCK_VOUCHER_10250,237.0,17.0,,,,,238,17,,,,,237.5,0.0
0,19800,VOLCANIC_ROCK_VOUCHER_10250,238.0,9.0,,,,,239,19,,,,,238.5,0.0
0,19900,VOLCANIC_ROCK_VOUCHER_10250,237.0,20.0,,,,,238,20,,,,,237.5,0.0
0,20000,VOLCANIC_ROCK_VOUCHER_10250,233.0,15.0,,,,,234,15,,,,,233.5,0.0
0,20100,VOLCANIC_ROCK_VOUCHER_10250,226.0,13.0,,,,,227,13,,,,,226.5,0.0
0,20200,VOLCANIC_ROCK_VOUCHER_10250,220.0,14.0,,,,,222,14,,,,,221.0,0.0
0,20300,VOLCANIC_ROCK_VOUCHER_10250,217.0,17.0,,,,,218,17,,,,,217.5,0.0
0,20400,VOLCANIC_ROCK_VOUCHER_10250,225.0,15.0,,,,,226,15,,,,,225.5,0.0
0,20500,VOLCANIC_ROCK_VOUCHER_10250,227.0,11.0,,,,,228,11,,,,,227.5,0.0
0,20600,VOLCANIC_ROCK_VOUCHER_10250,229.0,15.0,,,,,230,15,,,,,229.5,0.0
0,20700,VOLCANIC_ROCK_VOUCHER_10250,228.0,13.0,,,,,229,13,,,,,228.5,0.0
0,20800,VOLCANIC_ROCK_VOUCHER_10250,234.0,37.0,,,,,235,22,,,,,234.5,0.0
0,20900,VOLCANIC_ROCK_VOUCHER_10250,232.0,12.0,,,,,233,12,,,,,232.5,0.0
0,21000,VOLCANIC_ROCK_VOUCHER_10250,228.0,19.0,,,,,229,19,,,,,228.5,0.0
0,21100,VOLCANIC_ROCK_VOUCHER_10250,,,,,,,229,3,230.0,13.0,,,229.0,0.0
0,21200,VOLCANIC_ROCK_VOUCHER_10250,231.0,5.0,,,,,232,17,,,,,231.5,0.0
0,21300,VOLCANIC_ROCK_VOUCHER_10250,236.0,14.0,,,,,237,14,,,,,236.5,0.0
0,21400,VOLCANIC_ROCK_VOUCHER_10250,237.0,15.0,,,,,238,15,,,,,237.5,0.0
0,21500,VOLCANIC_ROCK_VOUCHER_10250,234.0,23.0,,,,,235,13,,,,,234.5,0.0
0,21600,VOLCANIC_ROCK_VOUCHER_10250,233.0,16.0,,,,,234,16,,,,,233.5,0.0
0,21700,VOLCANIC_ROCK_VOUCHER_10250,232.0,21.0,,,,,233,21,,,,,232.5,0.0
0,21800,VOLCANIC_ROCK_VOUCHER_10250,234.0,11.0,,,,,235,11,,,,,234.5,0.0
0,21900,VOLCANIC_ROCK_VOUCHER_10250,233.0,18.0,,,,,234,18,,,,,233.5,0.0
0,22000,VOLCANIC_ROCK_VOUCHER_10250,232.0,21.0,,,,,233,21,,,,,232.5,0.0
0,22100,VOLCANIC_ROCK_VOUCHER_10250,235.0,12.0,,,,,236,12,,,,,235.5,0.0
0,22200,VOLCANIC_ROCK_VOUCHER_10250,234.0,14.0,,,,,235,14,,,,,234.5,0.0
0,22300,VOLCANIC_ROCK_VOUCHER_10250,230.0,12.0,,,,,231,12,,,,,230.5,0.0
0,22400,VOLCANIC_ROCK_VOUCHER_10250,230.0,13.0,,,,,231,13,,,,,230.5,0.0
0,22500,VOLCANIC_ROCK_VOUCHER_10250,233.0,12.0,,,,,234,12,,,,,233.5,0.0
0,22600,VOLCANIC_ROCK_VOUCHER_10250,238.0,14.0,,,,,239,14,,,,,238.5,0.0
0,22700,VOLCANIC_ROCK_VOUCHER_10250,247.0,11.0,,,,,248,11,,,,,247.5,0.0
0,22800,VOLCANIC_ROCK_VOUCHER_10250,252.0,11.0,,,,,253,11,,,,,252.5,0.0
0,22900,VOLCANIC_ROCK_VOUCHER_10250,249.0,14.0,,,,,250,14,,,,,249.5,0.0
0,23000,VOLCANIC_ROCK_VOUCHER_10250,256.0,22.0,,,,,257,22,,,,,256.5,0.0
0,23100,VOLCANIC_ROCK_VOUCHER_10250,251.0,13.0,,,,,252,13,,,,,251.5,0.0
0,23200,VOLCANIC_ROCK_VOUCHER_10250,248.0,18.0,,,,,249,18,,,,,248.5,0.0
0,23300,VOLCANIC_ROCK_VOUCHER_10250,248.0,10.0,,,,,249,10,,,,,248.5,0.0
0,23400,VOLCANIC_ROCK_VOUCHER_10250,247.0,18.0,,,,,248,18,,,,,247.5,0.0
0,23500,VOLCANIC_ROCK_VOUCHER_10250,246.0,25.0,,,,,247,15,,,,,246.5,0.0
0,23600,VOLCANIC_ROCK_VOUCHER_10250,251.0,19.0,,,,,252,19,,,,,251.5,0.0
0,23700,VOLCANIC_ROCK_VOUCHER_10250,254.0,14.0,,,,,255,14,,,,,254.5,0.0
0,23800,VOLCANIC_ROCK_VOUCHER_10250,252.0,39.0,,,,,253,22,,,,,252.5,0.0
0,23900,VOLCANIC_ROCK_VOUCHER_10250,251.0,16.0,,,,,252,16,,,,,251.5,0.0
0,24000,VOLCANIC_ROCK_VOUCHER_10250,251.0,14.0,,,,,252,14,,,,,251.5,0.0
0,24100,VOLCANIC_ROCK_VOUCHER_10250,248.0,22.0,,,,,249,22,,,,,248.5,0.0
0,24200,VOLCANIC_ROCK_VOUCHER_10250,246.0,21.0,,,,,247,21,,,,,246.5,0.0
0,24300,VOLCANIC_ROCK_VOUCHER_10250,248.0,12.0,,,,,249,12,,,,,248.5,0.0
0,24400,VOLCANIC_ROCK_VOUCHER_10250,248.0,10.0,,,,,249,10,,,,,248.5,0.0
0,24500,VOLCANIC_ROCK_VOUCHER_10250,242.0,15.0,,,,,243,15,,,,,242.5,0.0
0,24600,VOLCANIC_ROCK_VOUCHER_10250,240.0,20.0,,,,,241,20,,,,,240.5,0.0
0,24700,VOLCANIC_ROCK_VOUCHER_10250,235.0,15.0,,,,,236,15,,,,,235.5,0.0
0,24800,VOLCANIC_ROCK_VOUCHER_10250,238.0,22.0,,,,,239,22,,,,,238.5,0.0
0,24900,VOLCANIC_ROCK_VOUCHER_10250,238.0,22.0,,,,,239,22,,,,,238.5,0.0
0,25000,VOLCANIC_ROCK_VOUCHER_10250,242.0,17.0,,,,,243,17,,,,,242.5,0.0
0,25100,VOLCANIC_ROCK_VOUCHER_10250,245.0,14.0,,,,,246,14,,,,,245.5,0.0
0,25200,VOLCANIC_ROCK_VOUCHER_10250,245.0,3.0,,,,,246,22,,,,,245.5,0.0
0,25300,VOLCANIC_ROCK_VOUCHER_10250,242.0,14.0,,,,,243,14,,,,,242.5,0.0
0,25400,VOLCANIC_ROCK_VOUCHER_10250,240.0,15.0,,,,,242,15,,,,,241.0,0.0
0,25500,VOLCANIC_ROCK_VOUCHER_10250,241.0,21.0,,,,,242,21,,,,,241.5,0.0
0,25600,VOLCANIC_ROCK_VOUCHER_10250,238.0,5.0,,,,,239,17,,,,,238.5,0.0
0,25700,VOLCANIC_ROCK_VOUCHER_10250,240.0,26.0,,,,,241,11,,,,,240.5,0.0
0,25800,VOLCANIC_ROCK_VOUCHER_10250,240.0,11.0,,,,,242,11,,,,,241.0,0.0
0,25900,VOLCANIC_ROCK_VOUCHER_10250,238.0,12.0,,,,,239,12,,,,,238.5,0.0
0,26000,VOLCANIC_ROCK_VOUCHER_10250,241.0,20.0,,,,,242,20,,,,,241.5,0.0
0,26100,VOLCANIC_ROCK_VOUCHER_10250,236.0,2.0,,,,,237,14,,,,,236.5,0.0
0,26200,VOLCANIC_ROCK_VOUCHER_10250,235.0,11.0,,,,,236,11,,,,,235.5,0.0
0,26300,VOLCANIC_ROCK_VOUCHER_10250,233.0,13.0,,,,,234,13,,,,,233.5,0.0
0,26400,VOLCANIC_ROCK_VOUCHER_10250,238.0,12.0,,,,,239,12,,,,,238.5,0.0
0,26500,VOLCANIC_ROCK_VOUCHER_10250,237.0,17.0,,,,,238,17,,,,,237.5,0.0
0,26600,VOLCANIC_ROCK_VOUCHER_10250,237.0,6.0,,,,,238,21,,,,,237.5,0.0
0,26700,VOLCANIC_ROCK_VOUCHER_10250,240.0,15.0,,,,,241,15,,,,,240.5,0.0
0,26800,VOLCANIC_ROCK_VOUCHER_10250,242.0,35.0,,,,,243,20,,,,,242.5,0.0
0,26900,VOLCANIC_ROCK_VOUCHER_10250,239.0,11.0,,,,,240,11,,,,,239.5,0.0
0,27000,VOLCANIC_ROCK_VOUCHER_10250,234.0,16.0,,,,,235,16,,,,,234.5,0.0
0,27100,VOLCANIC_ROCK_VOUCHER_10250,234.0,12.0,,,,,235,12,,,,,234.5,0.0
0,27200,VOLCANIC_ROCK_VOUCHER_10250,239.0,14.0,,,,,240,14,,,,,239.5,0.0
0,27300,VOLCANIC_ROCK_VOUCHER_10250,237.0,18.0,,,,,238,18,,,,,237.5,0.0
0,27400,VOLCANIC_ROCK_VOUCHER_10250,236.0,20.0,,,,,237,20,,,,,236.5,0.0
0,27500,VOLCANIC_ROCK_VOUCHER_10250,234.0,21.0,,,,,235,21,,,,,234.5,0.0
0,27600,VOLCANIC_ROCK_VOUCHER_10250,231.0,14.0,,,,,232,14,,,,,231.5,0.0
0,27700,VOLCANIC_ROCK_VOUCHER_10250,228.0,13.0,,,,,229,13,,,,,228.5,0.0
0,27800,VOLCANIC_ROCK_VOUCHER_10250,218.0,14.0,,,,,219,14,,,,,218.5,0.0
0,27900,VOLCANIC_ROCK_VOUCHER_10250,221.0,19.0,,,,,222,19,,,,,221.5,0.0
0,28000,VOLCANIC_ROCK_VOUCHER_10250,222.0,15.0,,,,,223,15,,,,,222.5,0.0
0,28100,VOLCANIC_ROCK_VOUCHER_10250,221.0,10.0,,,,,222,10,,,,,221.5,0.0
0,28200,VOLCANIC_ROCK_VOUCHER_10250,222.0,14.0,,,,,223,14,,,,,222.5,0.0
0,28300,VOLCANIC_ROCK_VOUCHER_10250,214.0,18.0,,,,,215,18,,,,,214.5,0.0
0,28400,VOLCANIC_ROCK_VOUCHER_10250,220.0,13.0,,,,,221,13,,,,,220.5,0.0
0,28500,VOLCANIC_ROCK_VOUCHER_10250,219.0,18.0,,,,,220,18,,,,,219.5,0.0
0,28600,VOLCANIC_ROCK_VOUCHER_10250,217.0,18.0,,,,,218,18,,,,,217.5,0.0
0,28700,VOLCANIC_ROCK_VOUCHER_10250,221.0,12.0,,,,,222,12,,,,,221.5,0.0
0,28800,VOLCANIC_ROCK_VOUCHER_10250,219.0,22.0,,,,,221,22,,,,,220.0,0.0
0,28900,VOLCANIC_ROCK_VOUCHER_10250,224.0,14.0,,,,,225,14,,,,,224.5,0.0
0,29000,VOLCANIC_ROCK_VOUCHER_10250,224.0,15.0,,,,,225,15,,,,,224.5,0.0
0,29100,VOLCANIC_ROCK_VOUCHER_10250,221.0,12.0,,,,,222,12,,,,,221.5,0.0
0,29200,VOLCANIC_ROCK_VOUCHER_10250,222.0,18.0,,,,,223,18,,,,,222.5,0.0
0,29300,VOLCANIC_ROCK_VOUCHER_10250,227.0,19.0,,,,,228,19,,,,,227.5,0.0
0,29400,VOLCANIC_ROCK_VOUCHER_10250,227.0,12.0,,,,,228,12,,,,,227.5,0.0
0,29500,VOLCANIC_ROCK_VOUCHER_10250,224.0,22.0,,,,,225,22,,,,,224.5,0.0
0,29600,VOLCANIC_ROCK_VOUCHER_10250,219.0,18.0,,,,,220,18,,,,,219.5,0.0
0,29700,VOLCANIC_ROCK_VOUCHER_10250,219.0,19.0,,,,,220,19,,,,,219.5,0.0
0,29800,VOLCANIC_ROCK_VOUCHER_10250,223.0,30.0,,,,,224,18,,,,,223.5,0.0
0,29900,VOLCANIC_ROCK_VOUCHER_10250,222.0,17.0,,,,,223,17,,,,,222.5,0.0
0,30000,VOLCANIC_ROCK_VOUCHER_10250,223.0,4.0,,,,,224,18,,,,,223.5,0.0
0,30100,VOLCANIC_ROCK_VOUCHER_10250,220.0,19.0,,,,,221,19,,,,,220.5,0.0
0,30200,VOLCANIC_ROCK_VOUCHER_10250,214.0,4.0,,,,,215,18,,,,,214.5,0.0
0,30300,VOLCANIC_ROCK_VOUCHER_10250,215.0,14.0,,,,,216,14,,,,,215.5,0.0
0,30400,VOLCANIC_ROCK_VOUCHER_10250,212.0,22.0,,,,,213,22,,,,,212.5,0.0
0,30500,VOLCANIC_ROCK_VOUCHER_10250,,,,,,,213,1,214.0,13.0,,,213.0,0.0
0,30600,VOLCANIC_ROCK_VOUCHER_10250,,,,,,,209,2,210.0,10.0,,,209.0,0.0
0,30700,VOLCANIC_ROCK_VOUCHER_10250,208.0,13.0,,,,,209,13,,,,,208.5,0.0
0,30800,VOLCANIC_ROCK_VOUCHER_10250,207.0,17.0,,,,,209,17,,,,,208.0,0.0
0,30900,VOLCANIC_ROCK_VOUCHER_10250,211.0,18.0,,,,,212,18,,,,,211.5,0.0
0,31000,VOLCANIC_ROCK_VOUCHER_10250,209.0,10.0,,,,,210,10,,,,,209.5,0.0
0,31100,VOLCANIC_ROCK_VOUCHER_10250,209.0,12.0,,,,,210,12,,,,,209.5,0.0
0,31200,VOLCANIC_ROCK_VOUCHER_10250,212.0,15.0,,,,,213,15,,,,,212.5,0.0
0,31300,VOLCANIC_ROCK_VOUCHER_10250,206.0,15.0,,,,,207,15,,,,,206.5,0.0
0,31400,VOLCANIC_ROCK_VOUCHER_10250,208.0,14.0,,,,,209,14,,,,,208.5,0.0
0,31500,VOLCANIC_ROCK_VOUCHER_10250,208.0,11.0,,,,,210,11,,,,,209.0,0.0
0,31600,VOLCANIC_ROCK_VOUCHER_10250,210.0,22.0,,,,,211,22,,,,,210.5,0.0
0,31700,VOLCANIC_ROCK_VOUCHER_10250,211.0,17.0,,,,,212,17,,,,,211.5,0.0
0,31800,VOLCANIC_ROCK_VOUCHER_10250,213.0,10.0,,,,,214,10,,,,,213.5,0.0
0,31900,VOLCANIC_ROCK_VOUCHER_10250,213.0,22.0,,,,,214,22,,,,,213.5,0.0
0,32000,VOLCANIC_ROCK_VOUCHER_10250,214.0,21.0,,,,,215,21,,,,,214.5,0.0
0,32100,VOLCANIC_ROCK_VOUCHER_10250,211.0,16.0,,,,,212,16,,,,,211.5,0.0
0,32200,VOLCANIC_ROCK_VOUCHER_10250,,,,,,,209,7,210.0,12.0,,,209.0,0.0
0,32300,VOLCANIC_ROCK_VOUCHER_10250,210.0,8.0,,,,,211,19,,,,,210.5,0.0
0,32400,VOLCANIC_ROCK_VOUCHER_10250,212.0,18.0,,,,,213,18,,,,,212.5,0.0
0,32500,VOLCANIC_ROCK_VOUCHER_10250,212.0,17.0,,,,,213,17,,,,,212.5,0.0
0,32600,VOLCANIC_ROCK_VOUCHER_10250,217.0,14.0,,,,,218,14,,,,,217.5,0.0
0,32700,VOLCANIC_ROCK_VOUCHER_10250,218.0,13.0,,,,,219,13,,,,,218.5,0.0
0,32800,VOLCANIC_ROCK_VOUCHER_10250,218.0,19.0,,,,,220,19,,,,,219.0,0.0
0,32900,VOLCANIC_ROCK_VOUCHER_10250,220.0,21.0,,,,,221,21,,,,,220.5,0.0
0,33000,VOLCANIC_ROCK_VOUCHER_10250,219.0,17.0,,,,,220,17,,,,,219.5,0.0
0,33100,VOLCANIC_ROCK_VOUCHER_10250,217.0,16.0,,,,,218,16,,,,,217.5,0.0
0,33200,VOLCANIC_ROCK_VOUCHER_10250,216.0,20.0,,,,,217,20,,,,,216.5,0.0
0,33300,VOLCANIC_ROCK_VOUCHER_10250,218.0,16.0,,,,,219,16,,,,,218.5,0.0
0,33400,VOLCANIC_ROCK_VOUCHER_10250,218.0,19.0,,,,,219,19,,,,,218.5,0.0
0,33500,VOLCANIC_ROCK_VOUCHER_10250,216.0,32.0,,,,,217,17,,,,,216.5,0.0
0,33600,VOLCANIC_ROCK_VOUCHER_10250,214.0,18.0,,,,,215,18,,,,,214.5,0.0
0,33700,VOLCANIC_ROCK_VOUCHER_10250,208.0,14.0,,,,,209,14,,,,,208.5,0.0
0,33800,VOLCANIC_ROCK_VOUCHER_10250,215.0,13.0,,,,,216,13,,,,,215.5,0.0
0,33900,VOLCANIC_ROCK_VOUCHER_10250,215.0,13.0,,,,,216,13,,,,,215.5,0.0
0,34000,VOLCANIC_ROCK_VOUCHER_10250,215.0,17.0,,,,,216,17,,,,,215.5,0.0
0,34100,VOLCANIC_ROCK_VOUCHER_10250,216.0,13.0,,,,,217,13,,,,,216.5,0.0
0,34200,VOLCANIC_ROCK_VOUCHER_10250,210.0,13.0,,,,,211,13,,,,,210.5,0.0
0,34300,VOLCANIC_ROCK_VOUCHER_10250,211.0,13.0,,,,,212,13,,,,,211.5,0.0
0,34400,VOLCANIC_ROCK_VOUCHER_10250,210.0,14.0,,,,,211,14,,,,,210.5,0.0
0,34500,VOLCANIC_ROCK_VOUCHER_10250,218.0,12.0,,,,,219,12,,,,,218.5,0.0
0,34600,VOLCANIC_ROCK_VOUCHER_10250,218.0,10.0,,,,,219,10,,,,,218.5,0.0
0,34700,VOLCANIC_ROCK_VOUCHER_10250,216.0,20.0,,,,,217,20,,,,,216.5,0.0
0,34800,VOLCANIC_ROCK_VOUCHER_10250,218.0,18.0,,,,,219,18,,,,,218.5,0.0
0,34900,VOLCANIC_ROCK_VOUCHER_10250,218.0,21.0,,,,,219,21,,,,,218.5,0.0
0,35000,VOLCANIC_ROCK_VOUCHER_10250,217.0,33.0,,,,,218,19,,,,,217.5,0.0
0,35100,VOLCANIC_ROCK_VOUCHER_10250,220.0,11.0,,,,,221,11,,,,,220.5,0.0
0,35200,VOLCANIC_ROCK_VOUCHER_10250,219.0,13.0,,,,,220,13,,,,,219.5,0.0
0,35300,VOLCANIC_ROCK_VOUCHER_10250,222.0,13.0,,,,,223,13,,,,,222.5,0.0
0,35400,VOLCANIC_ROCK_VOUCHER_10250,222.0,17.0,,,,,223,17,,,,,222.5,0.0
0,35500,VOLCANIC_ROCK_VOUCHER_10250,222.0,18.0,,,,,223,18,,,,,222.5,0.0
0,35600,VOLCANIC_ROCK_VOUCHER_10250,228.0,12.0,,,,,229,12,,,,,228.5,0.0
0,35700,VOLCANIC_ROCK_VOUCHER_10250,225.0,13.0,,,,,227,13,,,,,226.0,0.0
0,35800,VOLCANIC_ROCK_VOUCHER_10250,224.0,21.0,,,,,225,21,,,,,224.5,0.0
0,35900,VOLCANIC_ROCK_VOUCHER_10250,221.0,21.0,,,,,222,21,,,,,221.5,0.0
0,36000,VOLCANIC_ROCK_VOUCHER_10250,220.0,17.0,,,,,221,17,,,,,220.5,0.0
0,36100,VOLCANIC_ROCK_VOUCHER_10250,221.0,14.0,,,,,222,14,,,,,221.5,0.0
0,36200,VOLCANIC_ROCK_VOUCHER_10250,222.0,18.0,,,,,223,18,,,,,222.5,0.0
0,36300,VOLCANIC_ROCK_VOUCHER_10250,221.0,14.0,,,,,223,14,,,,,222.0,0.0
0,36400,VOLCANIC_ROCK_VOUCHER_10250,229.0,16.0,,,,,230,16,,,,,229.5,0.0
0,36500,VOLCANIC_ROCK_VOUCHER_10250,224.0,15.0,,,,,225,15,,,,,224.5,0.0
0,36600,VOLCANIC_ROCK_VOUCHER_10250,226.0,14.0,,,,,227,14,,,,,226.5,0.0
0,36700,VOLCANIC_ROCK_VOUCHER_10250,227.0,16.0,,,,,228,16,,,,,227.5,0.0
0,36800,VOLCANIC_ROCK_VOUCHER_10250,224.0,18.0,,,,,225,18,,,,,224.5,0.0
0,36900,VOLCANIC_ROCK_VOUCHER_10250,224.0,14.0,,,,,225,14,,,,,224.5,0.0
0,37000,VOLCANIC_ROCK_VOUCHER_10250,226.0,14.0,,,,,227,14,,,,,226.5,0.0
0,37100,VOLCANIC_ROCK_VOUCHER_10250,231.0,15.0,,,,,232,15,,,,,231.5,0.0
0,37200,VOLCANIC_ROCK_VOUCHER_10250,227.0,10.0,,,,,228,10,,,,,227.5,0.0
0,37300,VOLCANIC_ROCK_VOUCHER_10250,228.0,12.0,,,,,229,12,,,,,228.5,0.0
0,37400,VOLCANIC_ROCK_VOUCHER_10250,232.0,15.0,,,,,233,15,,,,,232.5,0.0
0,37500,VOLCANIC_ROCK_VOUCHER_10250,233.0,12.0,,,,,234,12,,,,,233.5,0.0
0,37600,VOLCANIC_ROCK_VOUCHER_10250,234.0,21.0,,,,,235,21,,,,,234.5,0.0
0,37700,VOLCANIC_ROCK_VOUCHER_10250,234.0,21.0,,,,,235,21,,,,,234.5,0.0
0,37800,VOLCANIC_ROCK_VOUCHER_10250,232.0,22.0,,,,,233,22,,,,,232.5,0.0
0,37900,VOLCANIC_ROCK_VOUCHER_10250,229.0,12.0,,,,,230,12,,,,,229.5,0.0
0,38000,VOLCANIC_ROCK_VOUCHER_10250,228.0,15.0,,,,,229,15,,,,,228.5,0.0
0,38100,VOLCANIC_ROCK_VOUCHER_10250,226.0,20.0,,,,,227,20,,,,,226.5,0.0
0,38200,VOLCANIC_ROCK_VOUCHER_10250,224.0,20.0,,,,,225,20,,,,,224.5,0.0
0,38300,VOLCANIC_ROCK_VOUCHER_10250,229.0,20.0,,,,,230,20,,,,,229.5,0.0
0,38400,VOLCANIC_ROCK_VOUCHER_10250,229.0,10.0,,,,,230,10,,,,,229.5,0.0
0,38500,VOLCANIC_ROCK_VOUCHER_10250,230.0,19.0,,,,,231,19,,,,,230.5,0.0
0,38600,VOLCANIC_ROCK_VOUCHER_10250,226.0,13.0,,,,,227,13,,,,,226.5,0.0
0,38700,VOLCANIC_ROCK_VOUCHER_10250,225.0,36.0,,,,,226,21,,,,,225.5,0.0
0,38800,VOLCANIC_ROCK_VOUCHER_10250,225.0,14.0,,,,,226,14,,,,,225.5,0.0
0,38900,VOLCANIC_ROCK_VOUCHER_10250,223.0,21.0,,,,,225,21,,,,,224.0,0.0
0,39000,VOLCANIC_ROCK_VOUCHER_10250,221.0,10.0,,,,,222,10,,,,,221.5,0.0
0,39100,VOLCANIC_ROCK_VOUCHER_10250,225.0,20.0,,,,,226,20,,,,,225.5,0.0
0,39200,VOLCANIC_ROCK_VOUCHER_10250,230.0,19.0,,,,,231,19,,,,,230.5,0.0
0,39300,VOLCANIC_ROCK_VOUCHER_10250,233.0,30.0,,,,,234,14,,,,,233.5,0.0
0,39400,VOLCANIC_ROCK_VOUCHER_10250,232.0,34.0,,,,,233,18,,,,,232.5,0.0
0,39500,VOLCANIC_ROCK_VOUCHER_10250,231.0,13.0,,,,,232,13,,,,,231.5,0.0
0,39600,VOLCANIC_ROCK_VOUCHER_10250,230.0,26.0,,,,,231,11,,,,,230.5,0.0
0,39700,VOLCANIC_ROCK_VOUCHER_10250,231.0,10.0,,,,,232,10,,,,,231.5,0.0
0,39800,VOLCANIC_ROCK_VOUCHER_10250,227.0,12.0,,,,,228,12,,,,,227.5,0.0
0,39900,VOLCANIC_ROCK_VOUCHER_10250,228.0,22.0,,,,,229,22,,,,,228.5,0.0
0,40000,VOLCANIC_ROCK_VOUCHER_10250,227.0,28.0,,,,,228,14,,,,,227.5,0.0
0,40100,VOLCANIC_ROCK_VOUCHER_10250,226.0,16.0,,,,,227,16,,,,,226.5,0.0
0,40200,VOLCANIC_ROCK_VOUCHER_10250,226.0,3.0,,,,,227,15,,,,,226.5,0.0
0,40300,VOLCANIC_ROCK_VOUCHER_10250,223.0,17.0,,,,,224,17,,,,,223.5,0.0
0,40400,VOLCANIC_ROCK_VOUCHER_10250,224.0,16.0,,,,,225,16,,,,,224.5,0.0
0,40500,VOLCANIC_ROCK_VOUCHER_10250,220.0,17.0,,,,,221,17,,,,,220.5,0.0
0,40600,VOLCANIC_ROCK_VOUCHER_10250,217.0,10.0,,,,,218,21,,,,,217.5,0.0
0,40700,VOLCANIC_ROCK_VOUCHER_10250,217.0,21.0,,,,,218,21,,,,,217.5,0.0
0,40800,VOLCANIC_ROCK_VOUCHER_10250,215.0,15.0,,,,,216,15,,,,,215.5,0.0
0,40900,VOLCANIC_ROCK_VOUCHER_10250,,,,,,,215,3,216.0,13.0,,,215.0,0.0
0,41000,VOLCANIC_ROCK_VOUCHER_10250,217.0,18.0,,,,,219,18,,,,,218.0,0.0
0,41100,VOLCANIC_ROCK_VOUCHER_10250,,,,,,,212,1,213.0,19.0,,,212.0,0.0
0,41200,VOLCANIC_ROCK_VOUCHER_10250,213.0,14.0,,,,,214,14,,,,,213.5,0.0
0,41300,VOLCANIC_ROCK_VOUCHER_10250,212.0,12.0,,,,,213,12,,,,,212.5,0.0
0,41400,VOLCANIC_ROCK_VOUCHER_10250,,,,,,,216,4,217.0,15.0,,,216.0,0.0
0,41500,VOLCANIC_ROCK_VOUCHER_10250,218.0,16.0,,,,,219,16,,,,,218.5,0.0
0,41600,VOLCANIC_ROCK_VOUCHER_10250,213.0,15.0,,,,,214,15,,,,,213.5,0.0
0,41700,VOLCANIC_ROCK_VOUCHER_10250,214.0,3.0,,,,,215,15,,,,,214.5,0.0
0,41800,VOLCANIC_ROCK_VOUCHER_10250,213.0,17.0,,,,,214,17,,,,,213.5,0.0
0,41900,VOLCANIC_ROCK_VOUCHER_10250,208.0,16.0,,,,,209,16,,,,,208.5,0.0
0,42000,VOLCANIC_ROCK_VOUCHER_10250,,,,,,,211,4,212.0,14.0,,,211.0,0.0
0,42100,VOLCANIC_ROCK_VOUCHER_10250,206.0,14.0,,,,,207,14,,,,,206.5,0.0
0,42200,VOLCANIC_ROCK_VOUCHER_10250,205.0,23.0,,,,,206,10,,,,,205.5,0.0
0,42300,VOLCANIC_ROCK_VOUCHER_10250,207.0,19.0,,,,,208,19,,,,,207.5,0.0
0,42400,VOLCANIC_ROCK_VOUCHER_10250,207.0,3.0,,,,,208,15,,,,,207.5,0.0
0,42500,VOLCANIC_ROCK_VOUCHER_10250,208.0,12.0,,,,,209,12,,,,,208.5,0.0
0,42600,VOLCANIC_ROCK_VOUCHER_10250,203.0,12.0,,,,,205,12,,,,,204.0,0.0
0,42700,VOLCANIC_ROCK_VOUCHER_10250,200.0,12.0,,,,,201,12,,,,,200.5,0.0
0,42800,VOLCANIC_ROCK_VOUCHER_10250,198.0,13.0,,,,,199,13,,,,,198.5,0.0
0,42900,VOLCANIC_ROCK_VOUCHER_10250,199.0,19.0,,,,,200,19,,,,,199.5,0.0
0,43000,VOLCANIC_ROCK_VOUCHER_10250,199.0,16.0,,,,,200,16,,,,,199.5,0.0
0,43100,VOLCANIC_ROCK_VOUCHER_10250,199.0,15.0,,,,,200,15,,,,,199.5,0.0
0,43200,VOLCANIC_ROCK_VOUCHER_10250,200.0,14.0,,,,,201,14,,,,,200.5,0.0
0,43300,VOLCANIC_ROCK_VOUCHER_10250,202.0,17.0,,,,,203,17,,,,,202.5,0.0
0,43400,VOLCANIC_ROCK_VOUCHER_10250,200.0,12.0,,,,,201,12,,,,,200.5,0.0
0,43500,VOLCANIC_ROCK_VOUCHER_10250,200.0,15.0,,,,,202,15,,,,,201.0,0.0
0,43600,VOLCANIC_ROCK_VOUCHER_10250,202.0,10.0,,,,,203,10,,,,,202.5,0.0
0,43700,VOLCANIC_ROCK_VOUCHER_10250,203.0,15.0,,,,,204,15,,,,,203.5,0.0
0,43800,VOLCANIC_ROCK_VOUCHER_10250,202.0,18.0,,,,,203,18,,,,,202.5,0.0
0,43900,VOLCANIC_ROCK_VOUCHER_10250,203.0,14.0,,,,,204,14,,,,,203.5,0.0
0,44000,VOLCANIC_ROCK_VOUCHER_10250,207.0,16.0,,,,,208,16,,,,,207.5,0.0
0,44100,VOLCANIC_ROCK_VOUCHER_10250,203.0,22.0,,,,,204,22,,,,,203.5,0.0
0,44200,VOLCANIC_ROCK_VOUCHER_10250,198.0,13.0,,,,,199,13,,,,,198.5,0.0
0,44300,VOLCANIC_ROCK_VOUCHER_10250,202.0,11.0,,,,,203,11,,,,,202.5,0.0
0,44400,VOLCANIC_ROCK_VOUCHER_10250,203.0,20.0,,,,,204,20,,,,,203.5,0.0
0,44500,VOLCANIC_ROCK_VOUCHER_10250,208.0,12.0,,,,,209,12,,,,,208.5,0.0
0,44600,VOLCANIC_ROCK_VOUCHER_10250,207.0,12.0,,,,,208,12,,,,,207.5,0.0
0,44700,VOLCANIC_ROCK_VOUCHER_10250,205.0,21.0,,,,,206,21,,,,,205.5,0.0
0,44800,VOLCANIC_ROCK_VOUCHER_10250,204.0,18.0,,,,,205,18,,,,,204.5,0.0
0,44900,VOLCANIC_ROCK_VOUCHER_10250,204.0,14.0,,,,,205,14,,,,,204.5,0.0
0,45000,VOLCANIC_ROCK_VOUCHER_10250,202.0,19.0,,,,,203,19,,,,,202.5,0.0
0,45100,VOLCANIC_ROCK_VOUCHER_10250,202.0,22.0,,,,,203,22,,,,,202.5,0.0
0,45200,VOLCANIC_ROCK_VOUCHER_10250,207.0,19.0,,,,,208,19,,,,,207.5,0.0
0,45300,VOLCANIC_ROCK_VOUCHER_10250,206.0,11.0,,,,,207,11,,,,,206.5,0.0
0,45400,VOLCANIC_ROCK_VOUCHER_10250,202.0,21.0,,,,,203,21,,,,,202.5,0.0
0,45500,VOLCANIC_ROCK_VOUCHER_10250,203.0,16.0,,,,,204,16,,,,,203.5,0.0
0,45600,VOLCANIC_ROCK_VOUCHER_10250,205.0,18.0,,,,,206,18,,,,,205.5,0.0
0,45700,VOLCANIC_ROCK_VOUCHER_10250,202.0,20.0,,,,,203,20,,,,,202.5,0.0
0,45800,VOLCANIC_ROCK_VOUCHER_10250,204.0,13.0,,,,,205,13,,,,,204.5,0.0
0,45900,VOLCANIC_ROCK_VOUCHER_10250,203.0,15.0,,,,,204,15,,,,,203.5,0.0
0,46000,VOLCANIC_ROCK_VOUCHER_10250,202.0,20.0,,,,,203,20,,,,,202.5,0.0
0,46100,VOLCANIC_ROCK_VOUCHER_10250,,,,,,,204,1,205.0,15.0,,,204.0,0.0
0,46200,VOLCANIC_ROCK_VOUCHER_10250,201.0,16.0,,,,,202,16,,,,,201.5,0.0
0,46300,VOLCANIC_ROCK_VOUCHER_10250,203.0,19.0,,,,,204,19,,,,,203.5,0.0
0,46400,VOLCANIC_ROCK_VOUCHER_10250,205.0,14.0,,,,,206,14,,,,,205.5,0.0
0,46500,VOLCANIC_ROCK_VOUCHER_10250,206.0,14.0,,,,,207,14,,,,,206.5,0.0
0,46600,VOLCANIC_ROCK_VOUCHER_10250,214.0,18.0,,,,,215,18,,,,,214.5,0.0
0,46700,VOLCANIC_ROCK_VOUCHER_10250,212.0,1.0,,,,,213,17,,,,,212.5,0.0
0,46800,VOLCANIC_ROCK_VOUCHER_10250,209.0,21.0,,,,,210,21,,,,,209.5,0.0
0,46900,VOLCANIC_ROCK_VOUCHER_10250,204.0,18.0,,,,,205,18,,,,,204.5,0.0
0,47000,VOLCANIC_ROCK_VOUCHER_10250,203.0,18.0,,,,,204,18,,,,,203.5,0.0
0,47100,VOLCANIC_ROCK_VOUCHER_10250,202.0,18.0,,,,,203,18,,,,,202.5,0.0
0,47200,VOLCANIC_ROCK_VOUCHER_10250,202.0,19.0,,,,,203,19,,,,,202.5,0.0
0,47300,VOLCANIC_ROCK_VOUCHER_10250,201.0,11.0,,,,,202,11,,,,,201.5,0.0
0,47400,VOLCANIC_ROCK_VOUCHER_10250,202.0,15.0,,,,,203,15,,,,,202.5,0.0
0,47500,VOLCANIC_ROCK_VOUCHER_10250,201.0,19.0,,,,,202,19,,,,,201.5,0.0
0,47600,VOLCANIC_ROCK_VOUCHER_10250,199.0,15.0,,,,,200,15,,,,,199.5,0.0
0,47700,VOLCANIC_ROCK_VOUCHER_10250,201.0,15.0,,,,,202,15,,,,,201.5,0.0
0,47800,VOLCANIC_ROCK_VOUCHER_10250,199.0,11.0,,,,,200,11,,,,,199.5,0.0
0,47900,VOLCANIC_ROCK_VOUCHER_10250,197.0,11.0,,,,,198,11,,,,,197.5,0.0
0,48000,VOLCANIC_ROCK_VOUCHER_10250,198.0,20.0,,,,,199,20,,,,,198.5,0.0
0,48100,VOLCANIC_ROCK_VOUCHER_10250,189.0,12.0,,,,,190,12,,,,,189.5,0.0
0,48200,VOLCANIC_ROCK_VOUCHER_10250,188.0,18.0,,,,,189,18,,,,,188.5,0.0
0,48300,VOLCANIC_ROCK_VOUCHER_10250,,,,,,,193,5,194.0,15.0,,,193.0,0.0
0,48400,VOLCANIC_ROCK_VOUCHER_10250,194.0,10.0,,,,,195,10,,,,,194.5,0.0
0,48500,VOLCANIC_ROCK_VOUCHER_10250,194.0,16.0,,,,,195,16,,,,,194.5,0.0
0,48600,VOLCANIC_ROCK_VOUCHER_10250,,,,,,,192,2,193.0,14.0,,,192.0,0.0
0,48700,VOLCANIC_ROCK_VOUCHER_10250,190.0,11.0,,,,,191,11,,,,,190.5,0.0
0,48800,VOLCANIC_ROCK_VOUCHER_10250,186.0,12.0,,,,,187,12,,,,,186.5,0.0
0,48900,VOLCANIC_ROCK_VOUCHER_10250,184.0,15.0,,,,,185,15,,,,,184.5,0.0
0,49000,VOLCANIC_ROCK_VOUCHER_10250,183.0,11.0,,,,,184,11,,,,,183.5,0.0
0,49100,VOLCANIC_ROCK_VOUCHER_10250,179.0,15.0,,,,,180,15,,,,,179.5,0.0
0,49200,VOLCANIC_ROCK_VOUCHER_10250,188.0,18.0,,,,,189,18,,,,,188.5,0.0
0,49300,VOLCANIC_ROCK_VOUCHER_10250,188.0,16.0,,,,,189,16,,,,,188.5,0.0
0,49400,VOLCANIC_ROCK_VOUCHER_10250,185.0,14.0,,,,,186,14,,,,,185.5,0.0
0,49500,VOLCANIC_ROCK_VOUCHER_10250,183.0,10.0,,,,,184,10,,,,,183.5,0.0
0,49600,VOLCANIC_ROCK_VOUCHER_10250,182.0,20.0,,,,,183,20,,,,,182.5,0.0
0,49700,VOLCANIC_ROCK_VOUCHER_10250,181.0,18.0,,,,,182,18,,,,,181.5,0.0
0,49800,VOLCANIC_ROCK_VOUCHER_10250,174.0,18.0,,,,,176,18,,,,,175.0,0.0
0,49900,VOLCANIC_ROCK_VOUCHER_10250,181.0,15.0,,,,,182,15,,,,,181.5,0.0
0,50000,VOLCANIC_ROCK_VOUCHER_10250,179.0,13.0,,,,,180,13,,,,,179.5,0.0
0,50100,VOLCANIC_ROCK_VOUCHER_10250,176.0,21.0,,,,,177,21,,,,,176.5,0.0
0,50200,VOLCANIC_ROCK_VOUCHER_10250,175.0,12.0,,,,,176,12,,,,,175.5,0.0
0,50300,VOLCANIC_ROCK_VOUCHER_10250,174.0,13.0,,,,,175,13,,,,,174.5,0.0
0,50400,VOLCANIC_ROCK_VOUCHER_10250,178.0,33.0,,,,,179,17,,,,,178.5,0.0
0,50500,VOLCANIC_ROCK_VOUCHER_10250,180.0,20.0,,,,,181,20,,,,,180.5,0.0
0,50600,VOLCANIC_ROCK_VOUCHER_10250,177.0,13.0,,,,,178,13,,,,,177.5,0.0
0,50700,VOLCANIC_ROCK_VOUCHER_10250,181.0,15.0,,,,,183,15,,,,,182.0,0.0
0,50800,VOLCANIC_ROCK_VOUCHER_10250,190.0,16.0,,,,,191,16,,,,,190.5,0.0
0,50900,VOLCANIC_ROCK_VOUCHER_10250,189.0,21.0,,,,,190,21,,,,,189.5,0.0
0,51000,VOLCANIC_ROCK_VOUCHER_10250,190.0,21.0,,,,,191,21,,,,,190.5,0.0
0,51100,VOLCANIC_ROCK_VOUCHER_10250,193.0,19.0,,,,,194,19,,,,,193.5,0.0
0,51200,VOLCANIC_ROCK_VOUCHER_10250,199.0,19.0,,,,,200,19,,,,,199.5,0.0
0,51300,VOLCANIC_ROCK_VOUCHER_10250,197.0,21.0,,,,,198,21,,,,,197.5,0.0
0,51400,VOLCANIC_ROCK_VOUCHER_10250,197.0,17.0,,,,,199,17,,,,,198.0,0.0
0,51500,VOLCANIC_ROCK_VOUCHER_10250,191.0,15.0,,,,,192,15,,,,,191.5,0.0
0,51600,VOLCANIC_ROCK_VOUCHER_10250,192.0,20.0,,,,,193,20,,,,,192.5,0.0
0,51700,VOLCANIC_ROCK_VOUCHER_10250,198.0,1.0,,,,,199,19,,,,,198.5,0.0
0,51800,VOLCANIC_ROCK_VOUCHER_10250,201.0,31.0,,,,,202,17,,,,,201.5,0.0
0,51900,VOLCANIC_ROCK_VOUCHER_10250,199.0,13.0,,,,,200,13,,,,,199.5,0.0
0,52000,VOLCANIC_ROCK_VOUCHER_10250,194.0,21.0,,,,,195,21,,,,,194.5,0.0
0,52100,VOLCANIC_ROCK_VOUCHER_10250,200.0,14.0,,,,,201,14,,,,,200.5,0.0
0,52200,VOLCANIC_ROCK_VOUCHER_10250,202.0,11.0,,,,,203,11,,,,,202.5,0.0
0,52300,VOLCANIC_ROCK_VOUCHER_10250,199.0,16.0,,,,,200,16,,,,,199.5,0.0
0,52400,VOLCANIC_ROCK_VOUCHER_10250,191.0,13.0,,,,,192,13,,,,,191.5,0.0
0,52500,VOLCANIC_ROCK_VOUCHER_10250,193.0,21.0,,,,,194,21,,,,,193.5,0.0
0,52600,VOLCANIC_ROCK_VOUCHER_10250,193.0,19.0,,,,,194,19,,,,,193.5,0.0
0,52700,VOLCANIC_ROCK_VOUCHER_10250,193.0,12.0,,,,,194,12,,,,,193.5,0.0
0,52800,VOLCANIC_ROCK_VOUCHER_10250,194.0,12.0,,,,,195,12,,,,,194.5,0.0
0,52900,VOLCANIC_ROCK_VOUCHER_10250,190.0,15.0,,,,,191,15,,,,,190.5,0.0
0,53000,VOLCANIC_ROCK_VOUCHER_10250,187.0,18.0,,,,,188,18,,,,,187.5,0.0
0,53100,VOLCANIC_ROCK_VOUCHER_10250,185.0,15.0,,,,,186,15,,,,,185.5,0.0
0,53200,VOLCANIC_ROCK_VOUCHER_10250,184.0,17.0,,,,,185,17,,,,,184.5,0.0
0,53300,VOLCANIC_ROCK_VOUCHER_10250,184.0,11.0,,,,,185,11,,,,,184.5,0.0
0,53400,VOLCANIC_ROCK_VOUCHER_10250,182.0,18.0,,,,,183,18,,,,,182.5,0.0
0,53500,VOLCANIC_ROCK_VOUCHER_10250,182.0,14.0,,,,,183,14,,,,,182.5,0.0
0,53600,VOLCANIC_ROCK_VOUCHER_10250,178.0,13.0,,,,,180,13,,,,,179.0,0.0
0,53700,VOLCANIC_ROCK_VOUCHER_10250,180.0,21.0,,,,,181,21,,,,,180.5,0.0
0,53800,VOLCANIC_ROCK_VOUCHER_10250,186.0,13.0,,,,,187,13,,,,,186.5,0.0
0,53900,VOLCANIC_ROCK_VOUCHER_10250,185.0,17.0,,,,,186,17,,,,,185.5,0.0
0,54000,VOLCANIC_ROCK_VOUCHER_10250,185.0,15.0,,,,,186,15,,,,,185.5,0.0
0,54100,VOLCANIC_ROCK_VOUCHER_10250,186.0,23.0,,,,,187,11,,,,,186.5,0.0
0,54200,VOLCANIC_ROCK_VOUCHER_10250,185.0,13.0,,,,,186,13,,,,,185.5,0.0
0,54300,VOLCANIC_ROCK_VOUCHER_10250,193.0,15.0,,,,,194,15,,,,,193.5,0.0
0,54400,VOLCANIC_ROCK_VOUCHER_10250,193.0,17.0,,,,,194,17,,,,,193.5,0.0
0,54500,VOLCANIC_ROCK_VOUCHER_10250,193.0,4.0,,,,,194,15,,,,,193.5,0.0
0,54600,VOLCANIC_ROCK_VOUCHER_10250,191.0,14.0,,,,,192,14,,,,,191.5,0.0
0,54700,VOLCANIC_ROCK_VOUCHER_10250,186.0,17.0,,,,,187,17,,,,,186.5,0.0
0,54800,VOLCANIC_ROCK_VOUCHER_10250,184.0,26.0,,,,,185,14,,,,,184.5,0.0
0,54900,VOLCANIC_ROCK_VOUCHER_10250,183.0,12.0,,,,,184,12,,,,,183.5,0.0
0,55000,VOLCANIC_ROCK_VOUCHER_10250,183.0,13.0,,,,,184,13,,,,,183.5,0.0
0,55100,VOLCANIC_ROCK_VOUCHER_10250,182.0,20.0,,,,,183,20,,,,,182.5,0.0
0,55200,VOLCANIC_ROCK_VOUCHER_10250,182.0,12.0,,,,,183,12,,,,,182.5,0.0
0,55300,VOLCANIC_ROCK_VOUCHER_10250,179.0,16.0,,,,,180,16,,,,,179.5,0.0
0,55400,VOLCANIC_ROCK_VOUCHER_10250,179.0,20.0,,,,,180,20,,,,,179.5,0.0
0,55500,VOLCANIC_ROCK_VOUCHER_10250,184.0,15.0,,,,,185,15,,,,,184.5,0.0
0,55600,VOLCANIC_ROCK_VOUCHER_10250,182.0,17.0,,,,,183,17,,,,,182.5,0.0
0,55700,VOLCANIC_ROCK_VOUCHER_10250,182.0,20.0,,,,,183,20,,,,,182.5,0.0
0,55800,VOLCANIC_ROCK_VOUCHER_10250,180.0,18.0,,,,,181,18,,,,,180.5,0.0
0,55900,VOLCANIC_ROCK_VOUCHER_10250,177.0,13.0,,,,,178,13,,,,,177.5,0.0
0,56000,VOLCANIC_ROCK_VOUCHER_10250,178.0,16.0,,,,,179,16,,,,,178.5,0.0
0,56100,VOLCANIC_ROCK_VOUCHER_10250,179.0,15.0,,,,,180,15,,,,,179.5,0.0
0,56200,VOLCANIC_ROCK_VOUCHER_10250,175.0,18.0,,,,,176,18,,,,,175.5,0.0
0,56300,VOLCANIC_ROCK_VOUCHER_10250,175.0,20.0,,,,,176,20,,,,,175.5,0.0
0,56400,VOLCANIC_ROCK_VOUCHER_10250,177.0,18.0,,,,,178,18,,,,,177.5,0.0
0,56500,VOLCANIC_ROCK_VOUCHER_10250,179.0,16.0,,,,,180,16,,,,,179.5,0.0
0,56600,VOLCANIC_ROCK_VOUCHER_10250,174.0,31.0,,,,,175,17,,,,,174.5,0.0
0,56700,VOLCANIC_ROCK_VOUCHER_10250,171.0,15.0,,,,,172,15,,,,,171.5,0.0
0,56800,VOLCANIC_ROCK_VOUCHER_10250,168.0,14.0,,,,,169,14,,,,,168.5,0.0
0,56900,VOLCANIC_ROCK_VOUCHER_10250,168.0,14.0,,,,,169,14,,,,,168.5,0.0
0,57000,VOLCANIC_ROCK_VOUCHER_10250,169.0,26.0,,,,,170,12,,,,,169.5,0.0
0,57100,VOLCANIC_ROCK_VOUCHER_10250,173.0,20.0,,,,,174,20,,,,,173.5,0.0
0,57200,VOLCANIC_ROCK_VOUCHER_10250,173.0,12.0,,,,,174,12,,,,,173.5,0.0
0,57300,VOLCANIC_ROCK_VOUCHER_10250,174.0,22.0,,,,,175,11,,,,,174.5,0.0
0,57400,VOLCANIC_ROCK_VOUCHER_10250,173.0,16.0,,,,,174,16,,,,,173.5,0.0
0,57500,VOLCANIC_ROCK_VOUCHER_10250,177.0,11.0,,,,,178,11,,,,,177.5,0.0
0,57600,VOLCANIC_ROCK_VOUCHER_10250,182.0,16.0,,,,,183,16,,,,,182.5,0.0
0,57700,VOLCANIC_ROCK_VOUCHER_10250,185.0,17.0,,,,,186,17,,,,,185.5,0.0
0,57800,VOLCANIC_ROCK_VOUCHER_10250,182.0,14.0,,,,,183,14,,,,,182.5,0.0
0,57900,VOLCANIC_ROCK_VOUCHER_10250,182.0,12.0,,,,,183,12,,,,,182.5,0.0
0,58000,VOLCANIC_ROCK_VOUCHER_10250,178.0,14.0,,,,,179,14,,,,,178.5,0.0
0,58100,VOLCANIC_ROCK_VOUCHER_10250,180.0,20.0,,,,,181,20,,,,,180.5,0.0
0,58200,VOLCANIC_ROCK_VOUCHER_10250,180.0,17.0,,,,,181,17,,,,,180.5,0.0
0,58300,VOLCANIC_ROCK_VOUCHER_10250,180.0,17.0,,,,,181,17,,,,,180.5,0.0
0,58400,VOLCANIC_ROCK_VOUCHER_10250,181.0,6.0,,,,,182,20,,,,,181.5,0.0
0,58500,VOLCANIC_ROCK_VOUCHER_10250,179.0,18.0,,,,,180,18,,,,,179.5,0.0
0,58600,VOLCANIC_ROCK_VOUCHER_10250,177.0,20.0,,,,,178,20,,,,,177.5,0.0
0,58700,VOLCANIC_ROCK_VOUCHER_10250,177.0,17.0,,,,,178,17,,,,,177.5,0.0
0,58800,VOLCANIC_ROCK_VOUCHER_10250,180.0,24.0,,,,,181,12,,,,,180.5,0.0
0,58900,VOLCANIC_ROCK_VOUCHER_10250,180.0,16.0,,,,,181,16,,,,,180.5,0.0
0,59000,VOLCANIC_ROCK_VOUCHER_10250,179.0,11.0,,,,,180,11,,,,,179.5,0.0
0,59100,VOLCANIC_ROCK_VOUCHER_10250,182.0,10.0,,,,,183,10,,,,,182.5,0.0
0,59200,VOLCANIC_ROCK_VOUCHER_10250,189.0,19.0,,,,,190,19,,,,,189.5,0.0
0,59300,VOLCANIC_ROCK_VOUCHER_10250,187.0,22.0,,,,,188,22,,,,,187.5,0.0
0,59400,VOLCANIC_ROCK_VOUCHER_10250,185.0,11.0,,,,,186,11,,,,,185.5,0.0
0,59500,VOLCANIC_ROCK_VOUCHER_10250,186.0,19.0,,,,,187,19,,,,,186.5,0.0
0,59600,VOLCANIC_ROCK_VOUCHER_10250,187.0,11.0,,,,,188,11,,,,,187.5,0.0
0,59700,VOLCANIC_ROCK_VOUCHER_10250,185.0,17.0,,,,,186,17,,,,,185.5,0.0
0,59800,VOLCANIC_ROCK_VOUCHER_10250,188.0,1.0,,,,,189,20,,,,,188.5,0.0
0,59900,VOLCANIC_ROCK_VOUCHER_10250,187.0,13.0,,,,,188,13,,,,,187.5,0.0
0,60000,VOLCANIC_ROCK_VOUCHER_10250,184.0,21.0,,,,,185,21,,,,,184.5,0.0
0,60100,VOLCANIC_ROCK_VOUCHER_10250,182.0,19.0,,,,,183,19,,,,,182.5,0.0
0,60200,VOLCANIC_ROCK_VOUCHER_10250,184.0,21.0,,,,,185,21,,,,,184.5,0.0
0,60300,VOLCANIC_ROCK_VOUCHER_10250,189.0,21.0,,,,,190,21,,,,,189.5,0.0
0,60400,VOLCANIC_ROCK_VOUCHER_10250,191.0,16.0,,,,,192,16,,,,,191.5,0.0
0,60500,VOLCANIC_ROCK_VOUCHER_10250,193.0,15.0,,,,,194,15,,,,,193.5,0.0
0,60600,VOLCANIC_ROCK_VOUCHER_10250,194.0,18.0,,,,,195,18,,,,,194.5,0.0
0,60700,VOLCANIC_ROCK_VOUCHER_10250,193.0,13.0,,,,,194,13,,,,,193.5,0.0
0,60800,VOLCANIC_ROCK_VOUCHER_10250,195.0,17.0,,,,,196,17,,,,,195.5,0.0
0,60900,VOLCANIC_ROCK_VOUCHER_10250,199.0,18.0,,,,,200,18,,,,,199.5,0.0
0,61000,VOLCANIC_ROCK_VOUCHER_10250,196.0,14.0,,,,,197,14,,,,,196.5,0.0
0,61100,VOLCANIC_ROCK_VOUCHER_10250,193.0,19.0,,,,,194,13,,,,,193.5,0.0
0,61200,VOLCANIC_ROCK_VOUCHER_10250,190.0,18.0,,,,,191,18,,,,,190.5,0.0
0,61300,VOLCANIC_ROCK_VOUCHER_10250,191.0,18.0,,,,,192,18,,,,,191.5,0.0
0,61400,VOLCANIC_ROCK_VOUCHER_10250,194.0,12.0,,,,,195,12,,,,,194.5,0.0
0,61500,VOLCANIC_ROCK_VOUCHER_10250,198.0,15.0,,,,,199,15,,,,,198.5,0.0
0,61600,VOLCANIC_ROCK_VOUCHER_10250,193.0,11.0,,,,,194,11,,,,,193.5,0.0
0,61700,VOLCANIC_ROCK_VOUCHER_10250,190.0,3.0,,,,,191,13,,,,,190.5,0.0
0,61800,VOLCANIC_ROCK_VOUCHER_10250,192.0,18.0,,,,,193,18,,,,,192.5,0.0
0,61900,VOLCANIC_ROCK_VOUCHER_10250,189.0,15.0,,,,,190,15,,,,,189.5,0.0
0,62000,VOLCANIC_ROCK_VOUCHER_10250,191.0,3.0,,,,,192,20,,,,,191.5,0.0
0,62100,VOLCANIC_ROCK_VOUCHER_10250,193.0,21.0,,,,,194,21,,,,,193.5,0.0
0,62200,VOLCANIC_ROCK_VOUCHER_10250,190.0,19.0,,,,,191,19,,,,,190.5,0.0
0,62300,VOLCANIC_ROCK_VOUCHER_10250,190.0,16.0,,,,,191,16,,,,,190.5,0.0
0,62400,VOLCANIC_ROCK_VOUCHER_10250,186.0,18.0,,,,,187,18,,,,,186.5,0.0
0,62500,VOLCANIC_ROCK_VOUCHER_10250,187.0,22.0,,,,,188,22,,,,,187.5,0.0
0,62600,VOLCANIC_ROCK_VOUCHER_10250,193.0,2.0,,,,,194,12,,,,,193.5,0.0
0,62700,VOLCANIC_ROCK_VOUCHER_10250,198.0,14.0,,,,,199,14,,,,,198.5,0.0
0,62800,VOLCANIC_ROCK_VOUCHER_10250,198.0,14.0,,,,,199,14,,,,,198.5,0.0
0,62900,VOLCANIC_ROCK_VOUCHER_10250,197.0,14.0,,,,,198,14,,,,,197.5,0.0
0,63000,VOLCANIC_ROCK_VOUCHER_10250,190.0,20.0,,,,,191,20,,,,,190.5,0.0
0,63100,VOLCANIC_ROCK_VOUCHER_10250,195.0,19.0,,,,,196,19,,,,,195.5,0.0
0,63200,VOLCANIC_ROCK_VOUCHER_10250,193.0,15.0,,,,,194,15,,,,,193.5,0.0
0,63300,VOLCANIC_ROCK_VOUCHER_10250,194.0,20.0,,,,,195,20,,,,,194.5,0.0
0,63400,VOLCANIC_ROCK_VOUCHER_10250,,,,,,,193,3,194.0,11.0,,,193.0,0.0
0,63500,VOLCANIC_ROCK_VOUCHER_10250,195.0,14.0,,,,,196,14,,,,,195.5,0.0
0,63600,VOLCANIC_ROCK_VOUCHER_10250,192.0,35.0,,,,,193,17,,,,,192.5,0.0
0,63700,VOLCANIC_ROCK_VOUCHER_10250,194.0,18.0,,,,,195,18,,,,,194.5,0.0
0,63800,VOLCANIC_ROCK_VOUCHER_10250,191.0,16.0,,,,,192,16,,,,,191.5,0.0
0,63900,VOLCANIC_ROCK_VOUCHER_10250,193.0,13.0,,,,,194,13,,,,,193.5,0.0
0,64000,VOLCANIC_ROCK_VOUCHER_10250,196.0,18.0,,,,,197,18,,,,,196.5,0.0
0,64100,VOLCANIC_ROCK_VOUCHER_10250,194.0,11.0,,,,,195,11,,,,,194.5,0.0
0,64200,VOLCANIC_ROCK_VOUCHER_10250,184.0,12.0,,,,,185,12,,,,,184.5,0.0
0,64300,VOLCANIC_ROCK_VOUCHER_10250,180.0,37.0,,,,,181,19,,,,,180.5,0.0
0,64400,VOLCANIC_ROCK_VOUCHER_10250,184.0,17.0,,,,,185,17,,,,,184.5,0.0
0,64500,VOLCANIC_ROCK_VOUCHER_10250,185.0,12.0,,,,,186,12,,,,,185.5,0.0
0,64600,VOLCANIC_ROCK_VOUCHER_10250,186.0,20.0,,,,,187,20,,,,,186.5,0.0
0,64700,VOLCANIC_ROCK_VOUCHER_10250,182.0,13.0,,,,,183,13,,,,,182.5,0.0
0,64800,VOLCANIC_ROCK_VOUCHER_10250,178.0,12.0,,,,,179,12,,,,,178.5,0.0
0,64900,VOLCANIC_ROCK_VOUCHER_10250,175.0,15.0,,,,,176,15,,,,,175.5,0.0
0,65000,VOLCANIC_ROCK_VOUCHER_10250,180.0,16.0,,,,,181,16,,,,,180.5,0.0
0,65100,VOLCANIC_ROCK_VOUCHER_10250,178.0,21.0,,,,,179,21,,,,,178.5,0.0
0,65200,VOLCANIC_ROCK_VOUCHER_10250,182.0,12.0,,,,,183,12,,,,,182.5,0.0
0,65300,VOLCANIC_ROCK_VOUCHER_10250,181.0,7.0,,,,,182,21,,,,,181.5,0.0
0,65400,VOLCANIC_ROCK_VOUCHER_10250,177.0,18.0,,,,,178,18,,,,,177.5,0.0
0,65500,VOLCANIC_ROCK_VOUCHER_10250,181.0,20.0,,,,,182,20,,,,,181.5,0.0
0,65600,VOLCANIC_ROCK_VOUCHER_10250,178.0,18.0,,,,,179,18,,,,,178.5,0.0
0,65700,VOLCANIC_ROCK_VOUCHER_10250,177.0,12.0,,,,,178,12,,,,,177.5,0.0
0,65800,VOLCANIC_ROCK_VOUCHER_10250,176.0,10.0,,,,,177,10,,,,,176.5,0.0
0,65900,VOLCANIC_ROCK_VOUCHER_10250,,,,,,,183,4,184.0,12.0,,,183.0,0.0
0,66000,VOLCANIC_ROCK_VOUCHER_10250,182.0,20.0,,,,,183,20,,,,,182.5,0.0
0,66100,VOLCANIC_ROCK_VOUCHER_10250,181.0,12.0,,,,,182,12,,,,,181.5,0.0
0,66200,VOLCANIC_ROCK_VOUCHER_10250,180.0,20.0,,,,,181,20,,,,,180.5,0.0
0,66300,VOLCANIC_ROCK_VOUCHER_10250,179.0,18.0,,,,,180,18,,,,,179.5,0.0
0,66400,VOLCANIC_ROCK_VOUCHER_10250,181.0,17.0,,,,,182,17,,,,,181.5,0.0
0,66500,VOLCANIC_ROCK_VOUCHER_10250,183.0,16.0,,,,,185,16,,,,,184.0,0.0
0,66600,VOLCANIC_ROCK_VOUCHER_10250,184.0,16.0,,,,,185,16,,,,,184.5,0.0
0,66700,VOLCANIC_ROCK_VOUCHER_10250,183.0,21.0,,,,,184,10,,,,,183.5,0.0
0,66800,VOLCANIC_ROCK_VOUCHER_10250,190.0,12.0,,,,,191,12,,,,,190.5,0.0
0,66900,VOLCANIC_ROCK_VOUCHER_10250,192.0,20.0,,,,,193,20,,,,,192.5,0.0
0,67000,VOLCANIC_ROCK_VOUCHER_10250,195.0,12.0,,,,,196,12,,,,,195.5,0.0
0,67100,VOLCANIC_ROCK_VOUCHER_10250,197.0,13.0,,,,,198,13,,,,,197.5,0.0
0,67200,VOLCANIC_ROCK_VOUCHER_10250,201.0,13.0,,,,,202,13,,,,,201.5,0.0
0,67300,VOLCANIC_ROCK_VOUCHER_10250,203.0,33.0,,,,,204,18,,,,,203.5,0.0
0,67400,VOLCANIC_ROCK_VOUCHER_10250,204.0,14.0,,,,,205,14,,,,,204.5,0.0
0,67500,VOLCANIC_ROCK_VOUCHER_10250,202.0,21.0,,,,,203,21,,,,,202.5,0.0
0,67600,VOLCANIC_ROCK_VOUCHER_10250,201.0,21.0,,,,,202,12,,,,,201.5,0.0
0,67700,VOLCANIC_ROCK_VOUCHER_10250,198.0,13.0,,,,,199,13,,,,,198.5,0.0
0,67800,VOLCANIC_ROCK_VOUCHER_10250,196.0,14.0,,,,,197,14,,,,,196.5,0.0
0,67900,VOLCANIC_ROCK_VOUCHER_10250,199.0,21.0,,,,,200,21,,,,,199.5,0.0
0,68000,VOLCANIC_ROCK_VOUCHER_10250,199.0,15.0,,,,,200,15,,,,,199.5,0.0
0,68100,VOLCANIC_ROCK_VOUCHER_10250,196.0,14.0,,,,,197,14,,,,,196.5,0.0
0,68200,VOLCANIC_ROCK_VOUCHER_10250,192.0,21.0,,,,,193,21,,,,,192.5,0.0
0,68300,VOLCANIC_ROCK_VOUCHER_10250,192.0,21.0,,,,,193,21,,,,,192.5,0.0
0,68400,VOLCANIC_ROCK_VOUCHER_10250,196.0,10.0,,,,,197,10,,,,,196.5,0.0
0,68500,VOLCANIC_ROCK_VOUCHER_10250,193.0,12.0,,,,,194,12,,,,,193.5,0.0
0,68600,VOLCANIC_ROCK_VOUCHER_10250,197.0,20.0,,,,,198,20,,,,,197.5,0.0
0,68700,VOLCANIC_ROCK_VOUCHER_10250,197.0,16.0,,,,,198,16,,,,,197.5,0.0
0,68800,VOLCANIC_ROCK_VOUCHER_10250,201.0,14.0,,,,,202,14,,,,,201.5,0.0
0,68900,VOLCANIC_ROCK_VOUCHER_10250,209.0,15.0,,,,,210,15,,,,,209.5,0.0
0,69000,VOLCANIC_ROCK_VOUCHER_10250,208.0,21.0,,,,,209,21,,,,,208.5,0.0
0,69100,VOLCANIC_ROCK_VOUCHER_10250,213.0,12.0,,,,,214,12,,,,,213.5,0.0
0,69200,VOLCANIC_ROCK_VOUCHER_10250,213.0,12.0,,,,,214,12,,,,,213.5,0.0
0,69300,VOLCANIC_ROCK_VOUCHER_10250,210.0,13.0,,,,,211,13,,,,,210.5,0.0
0,69400,VOLCANIC_ROCK_VOUCHER_10250,214.0,20.0,,,,,215,20,,,,,214.5,0.0
0,69500,VOLCANIC_ROCK_VOUCHER_10250,209.0,3.0,,,,,210,14,,,,,209.5,0.0
0,69600,VOLCANIC_ROCK_VOUCHER_10250,209.0,11.0,,,,,210,11,,,,,209.5,0.0
0,69700,VOLCANIC_ROCK_VOUCHER_10250,212.0,22.0,,,,,213,22,,,,,212.5,0.0
0,69800,VOLCANIC_ROCK_VOUCHER_10250,210.0,2.0,,,,,211,17,,,,,210.5,0.0
0,69900,VOLCANIC_ROCK_VOUCHER_10250,218.0,18.0,,,,,219,18,,,,,218.5,0.0
0,70000,VOLCANIC_ROCK_VOUCHER_10250,223.0,19.0,,,,,224,19,,,,,223.5,0.0
0,70100,VOLCANIC_ROCK_VOUCHER_10250,221.0,18.0,,,,,222,18,,,,,221.5,0.0
0,70200,VOLCANIC_ROCK_VOUCHER_10250,220.0,13.0,,,,,221,13,,,,,220.5,0.0
0,70300,VOLCANIC_ROCK_VOUCHER_10250,221.0,20.0,,,,,222,20,,,,,221.5,0.0
0,70400,VOLCANIC_ROCK_VOUCHER_10250,221.0,19.0,,,,,222,19,,,,,221.5,0.0
0,70500,VOLCANIC_ROCK_VOUCHER_10250,220.0,14.0,,,,,221,14,,,,,220.5,0.0
0,70600,VOLCANIC_ROCK_VOUCHER_10250,222.0,13.0,,,,,223,13,,,,,222.5,0.0
0,70700,VOLCANIC_ROCK_VOUCHER_10250,221.0,10.0,,,,,222,10,,,,,221.5,0.0
0,70800,VOLCANIC_ROCK_VOUCHER_10250,224.0,17.0,,,,,225,17,,,,,224.5,0.0
0,70900,VOLCANIC_ROCK_VOUCHER_10250,233.0,13.0,,,,,234,13,,,,,233.5,0.0
0,71000,VOLCANIC_ROCK_VOUCHER_10250,236.0,22.0,,,,,237,22,,,,,236.5,0.0
0,71100,VOLCANIC_ROCK_VOUCHER_10250,244.0,27.0,,,,,245,14,,,,,244.5,0.0
0,71200,VOLCANIC_ROCK_VOUCHER_10250,240.0,12.0,,,,,241,12,,,,,240.5,0.0
0,71300,VOLCANIC_ROCK_VOUCHER_10250,239.0,12.0,,,,,241,12,,,,,240.0,0.0
0,71400,VOLCANIC_ROCK_VOUCHER_10250,238.0,18.0,,,,,239,18,,,,,238.5,0.0
0,71500,VOLCANIC_ROCK_VOUCHER_10250,243.0,19.0,,,,,244,19,,,,,243.5,0.0
0,71600,VOLCANIC_ROCK_VOUCHER_10250,236.0,11.0,,,,,237,11,,,,,236.5,0.0
0,71700,VOLCANIC_ROCK_VOUCHER_10250,238.0,17.0,,,,,239,17,,,,,238.5,0.0
0,71800,VOLCANIC_ROCK_VOUCHER_10250,240.0,14.0,,,,,241,14,,,,,240.5,0.0
0,71900,VOLCANIC_ROCK_VOUCHER_10250,246.0,22.0,,,,,247,22,,,,,246.5,0.0
0,72000,VOLCANIC_ROCK_VOUCHER_10250,238.0,20.0,,,,,239,13,,,,,238.5,0.0
0,72100,VOLCANIC_ROCK_VOUCHER_10250,246.0,13.0,,,,,247,13,,,,,246.5,0.0
0,72200,VOLCANIC_ROCK_VOUCHER_10250,245.0,17.0,,,,,246,17,,,,,245.5,0.0
0,72300,VOLCANIC_ROCK_VOUCHER_10250,245.0,20.0,,,,,246,20,,,,,245.5,0.0
0,72400,VOLCANIC_ROCK_VOUCHER_10250,246.0,19.0,,,,,247,19,,,,,246.5,0.0
0,72500,VOLCANIC_ROCK_VOUCHER_10250,247.0,17.0,,,,,248,17,,,,,247.5,0.0
0,72600,VOLCANIC_ROCK_VOUCHER_10250,244.0,20.0,,,,,245,20,,,,,244.5,0.0
0,72700,VOLCANIC_ROCK_VOUCHER_10250,,,,,,,243,8,244.0,12.0,,,243.0,0.0
0,72800,VOLCANIC_ROCK_VOUCHER_10250,246.0,14.0,,,,,247,14,,,,,246.5,0.0
0,72900,VOLCANIC_ROCK_VOUCHER_10250,242.0,17.0,,,,,243,17,,,,,242.5,0.0
0,73000,VOLCANIC_ROCK_VOUCHER_10250,243.0,2.0,242.0,20.0,,,244,22,,,,,243.5,0.0
0,73100,VOLCANIC_ROCK_VOUCHER_10250,240.0,16.0,,,,,241,16,,,,,240.5,0.0
0,73200,VOLCANIC_ROCK_VOUCHER_10250,240.0,1.0,,,,,241,21,,,,,240.5,0.0
0,73300,VOLCANIC_ROCK_VOUCHER_10250,243.0,15.0,,,,,244,15,,,,,243.5,0.0
0,73400,VOLCANIC_ROCK_VOUCHER_10250,246.0,20.0,,,,,247,20,,,,,246.5,0.0
0,73500,VOLCANIC_ROCK_VOUCHER_10250,251.0,15.0,,,,,252,15,,,,,251.5,0.0
0,73600,VOLCANIC_ROCK_VOUCHER_10250,250.0,10.0,,,,,251,10,,,,,250.5,0.0
0,73700,VOLCANIC_ROCK_VOUCHER_10250,252.0,19.0,,,,,253,19,,,,,252.5,0.0
0,73800,VOLCANIC_ROCK_VOUCHER_10250,244.0,20.0,,,,,245,20,,,,,244.5,0.0
0,73900,VOLCANIC_ROCK_VOUCHER_10250,238.0,20.0,,,,,239,20,,,,,238.5,0.0
0,74000,VOLCANIC_ROCK_VOUCHER_10250,237.0,27.0,,,,,238,15,,,,,237.5,0.0
0,74100,VOLCANIC_ROCK_VOUCHER_10250,237.0,16.0,,,,,238,16,,,,,237.5,0.0
0,74200,VOLCANIC_ROCK_VOUCHER_10250,239.0,28.0,,,,,240,10,,,,,239.5,0.0
0,74300,VOLCANIC_ROCK_VOUCHER_10250,233.0,13.0,,,,,234,13,,,,,233.5,0.0
0,74400,VOLCANIC_ROCK_VOUCHER_10250,232.0,10.0,,,,,233,10,,,,,232.5,0.0
0,74500,VOLCANIC_ROCK_VOUCHER_10250,234.0,27.0,,,,,235,17,,,,,234.5,0.0
0,74600,VOLCANIC_ROCK_VOUCHER_10250,238.0,13.0,,,,,239,13,,,,,238.5,0.0
0,74700,VOLCANIC_ROCK_VOUCHER_10250,236.0,18.0,,,,,237,18,,,,,236.5,0.0
0,74800,VOLCANIC_ROCK_VOUCHER_10250,236.0,17.0,,,,,237,17,,,,,236.5,0.0
0,74900,VOLCANIC_ROCK_VOUCHER_10250,245.0,18.0,,,,,246,18,,,,,245.5,0.0
0,75000,VOLCANIC_ROCK_VOUCHER_10250,242.0,14.0,,,,,243,14,,,,,242.5,0.0
0,75100,VOLCANIC_ROCK_VOUCHER_10250,240.0,31.0,,,,,241,12,,,,,240.5,0.0
0,75200,VOLCANIC_ROCK_VOUCHER_10250,239.0,21.0,,,,,240,21,,,,,239.5,0.0
0,75300,VOLCANIC_ROCK_VOUCHER_10250,244.0,17.0,,,,,245,17,,,,,244.5,0.0
0,75400,VOLCANIC_ROCK_VOUCHER_10250,239.0,21.0,,,,,240,21,,,,,239.5,0.0
0,75500,VOLCANIC_ROCK_VOUCHER_10250,242.0,16.0,,,,,243,16,,,,,242.5,0.0
0,75600,VOLCANIC_ROCK_VOUCHER_10250,240.0,19.0,,,,,241,19,,,,,240.5,0.0
0,75700,VOLCANIC_ROCK_VOUCHER_10250,240.0,24.0,,,,,241,10,,,,,240.5,0.0
0,75800,VOLCANIC_ROCK_VOUCHER_10250,242.0,20.0,,,,,243,20,,,,,242.5,0.0
0,75900,VOLCANIC_ROCK_VOUCHER_10250,244.0,12.0,,,,,245,12,,,,,244.5,0.0
0,76000,VOLCANIC_ROCK_VOUCHER_10250,247.0,20.0,,,,,249,20,,,,,248.0,0.0
0,76100,VOLCANIC_ROCK_VOUCHER_10250,247.0,19.0,,,,,248,19,,,,,247.5,0.0
0,76200,VOLCANIC_ROCK_VOUCHER_10250,257.0,17.0,,,,,258,17,,,,,257.5,0.0
0,76300,VOLCANIC_ROCK_VOUCHER_10250,262.0,9.0,,,,,263,20,,,,,262.5,0.0
0,76400,VOLCANIC_ROCK_VOUCHER_10250,255.0,19.0,,,,,256,19,,,,,255.5,0.0
0,76500,VOLCANIC_ROCK_VOUCHER_10250,255.0,12.0,,,,,256,12,,,,,255.5,0.0
0,76600,VOLCANIC_ROCK_VOUCHER_10250,259.0,16.0,,,,,260,16,,,,,259.5,0.0
0,76700,VOLCANIC_ROCK_VOUCHER_10250,255.0,15.0,,,,,256,15,,,,,255.5,0.0
0,76800,VOLCANIC_ROCK_VOUCHER_10250,252.0,16.0,,,,,253,16,,,,,252.5,0.0
0,76900,VOLCANIC_ROCK_VOUCHER_10250,248.0,15.0,,,,,249,15,,,,,248.5,0.0
0,77000,VOLCANIC_ROCK_VOUCHER_10250,248.0,12.0,,,,,249,12,,,,,248.5,0.0
0,77100,VOLCANIC_ROCK_VOUCHER_10250,247.0,19.0,,,,,249,19,,,,,248.0,0.0
0,77200,VOLCANIC_ROCK_VOUCHER_10250,247.0,21.0,,,,,248,21,,,,,247.5,0.0
0,77300,VOLCANIC_ROCK_VOUCHER_10250,248.0,14.0,,,,,249,14,,,,,248.5,0.0
0,77400,VOLCANIC_ROCK_VOUCHER_10250,249.0,20.0,,,,,250,20,,,,,249.5,0.0
0,77500,VOLCANIC_ROCK_VOUCHER_10250,,,,,,,245,2,247.0,14.0,,,245.0,0.0
0,77600,VOLCANIC_ROCK_VOUCHER_10250,245.0,11.0,,,,,246,11,,,,,245.5,0.0
0,77700,VOLCANIC_ROCK_VOUCHER_10250,248.0,7.0,,,,,249,14,,,,,248.5,0.0
0,77800,VOLCANIC_ROCK_VOUCHER_10250,247.0,15.0,,,,,248,15,,,,,247.5,0.0
0,77900,VOLCANIC_ROCK_VOUCHER_10250,247.0,12.0,,,,,248,12,,,,,247.5,0.0
0,78000,VOLCANIC_ROCK_VOUCHER_10250,243.0,19.0,,,,,244,19,,,,,243.5,0.0
0,78100,VOLCANIC_ROCK_VOUCHER_10250,,,,,,,251,5,252.0,11.0,,,251.0,0.0
0,78200,VOLCANIC_ROCK_VOUCHER_10250,248.0,19.0,,,,,249,19,,,,,248.5,0.0
0,78300,VOLCANIC_ROCK_VOUCHER_10250,247.0,13.0,,,,,248,13,,,,,247.5,0.0
0,78400,VOLCANIC_ROCK_VOUCHER_10250,249.0,16.0,,,,,250,16,,,,,249.5,0.0
0,78500,VOLCANIC_ROCK_VOUCHER_10250,252.0,12.0,,,,,253,12,,,,,252.5,0.0
0,78600,VOLCANIC_ROCK_VOUCHER_10250,246.0,21.0,,,,,247,21,,,,,246.5,0.0
0,78700,VOLCANIC_ROCK_VOUCHER_10250,242.0,11.0,,,,,243,11,,,,,242.5,0.0
0,78800,VOLCANIC_ROCK_VOUCHER_10250,243.0,13.0,,,,,244,13,,,,,243.5,0.0
0,78900,VOLCANIC_ROCK_VOUCHER_10250,239.0,13.0,,,,,240,13,,,,,239.5,0.0
0,79000,VOLCANIC_ROCK_VOUCHER_10250,242.0,20.0,,,,,243,20,,,,,242.5,0.0
0,79100,VOLCANIC_ROCK_VOUCHER_10250,238.0,11.0,,,,,239,11,,,,,238.5,0.0
0,79200,VOLCANIC_ROCK_VOUCHER_10250,234.0,20.0,,,,,235,20,,,,,234.5,0.0
0,79300,VOLCANIC_ROCK_VOUCHER_10250,237.0,13.0,,,,,238,13,,,,,237.5,0.0
0,79400,VOLCANIC_ROCK_VOUCHER_10250,234.0,0.0,,,,,235,19,,,,,234.5,0.0
0,79500,VOLCANIC_ROCK_VOUCHER_10250,242.0,15.0,,,,,243,15,,,,,242.5,0.0
0,79600,VOLCANIC_ROCK_VOUCHER_10250,241.0,16.0,,,,,242,16,,,,,241.5,0.0
0,79700,VOLCANIC_ROCK_VOUCHER_10250,236.0,22.0,,,,,237,22,,,,,236.5,0.0
0,79800,VOLCANIC_ROCK_VOUCHER_10250,234.0,18.0,,,,,235,18,,,,,234.5,0.0
0,79900,VOLCANIC_ROCK_VOUCHER_10250,235.0,14.0,,,,,236,14,,,,,235.5,0.0
0,80000,VOLCANIC_ROCK_VOUCHER_10250,234.0,21.0,,,,,235,21,,,,,234.5,0.0
0,80100,VOLCANIC_ROCK_VOUCHER_10250,234.0,11.0,,,,,235,11,,,,,234.5,0.0
0,80200,VOLCANIC_ROCK_VOUCHER_10250,231.0,19.0,,,,,232,19,,,,,231.5,0.0
0,80300,VOLCANIC_ROCK_VOUCHER_10250,231.0,17.0,,,,,232,17,,,,,231.5,0.0
0,80400,VOLCANIC_ROCK_VOUCHER_10250,230.0,12.0,,,,,231,12,,,,,230.5,0.0
0,80500,VOLCANIC_ROCK_VOUCHER_10250,,,,,,,223,1,224.0,14.0,,,223.0,0.0
0,80600,VOLCANIC_ROCK_VOUCHER_10250,227.0,20.0,,,,,228,20,,,,,227.5,0.0
0,80700,VOLCANIC_ROCK_VOUCHER_10250,223.0,15.0,,,,,224,15,,,,,223.5,0.0
0,80800,VOLCANIC_ROCK_VOUCHER_10250,223.0,12.0,,,,,224,12,,,,,223.5,0.0
0,80900,VOLCANIC_ROCK_VOUCHER_10250,224.0,15.0,,,,,225,15,,,,,224.5,0.0
0,81000,VOLCANIC_ROCK_VOUCHER_10250,229.0,15.0,,,,,230,15,,,,,229.5,0.0
0,81100,VOLCANIC_ROCK_VOUCHER_10250,229.0,16.0,,,,,230,16,,,,,229.5,0.0
0,81200,VOLCANIC_ROCK_VOUCHER_10250,234.0,13.0,,,,,235,13,,,,,234.5,0.0
0,81300,VOLCANIC_ROCK_VOUCHER_10250,235.0,13.0,,,,,236,13,,,,,235.5,0.0
0,81400,VOLCANIC_ROCK_VOUCHER_10250,233.0,20.0,,,,,234,20,,,,,233.5,0.0
0,81500,VOLCANIC_ROCK_VOUCHER_10250,235.0,16.0,,,,,236,16,,,,,235.5,0.0
0,81600,VOLCANIC_ROCK_VOUCHER_10250,239.0,16.0,,,,,240,16,,,,,239.5,0.0
0,81700,VOLCANIC_ROCK_VOUCHER_10250,243.0,3.0,,,,,244,18,,,,,243.5,0.0
0,81800,VOLCANIC_ROCK_VOUCHER_10250,243.0,19.0,,,,,244,19,,,,,243.5,0.0
0,81900,VOLCANIC_ROCK_VOUCHER_10250,243.0,34.0,,,,,244,21,,,,,243.5,0.0
0,82000,VOLCANIC_ROCK_VOUCHER_10250,241.0,19.0,,,,,242,19,,,,,241.5,0.0
0,82100,VOLCANIC_ROCK_VOUCHER_10250,243.0,14.0,,,,,244,14,,,,,243.5,0.0
0,82200,VOLCANIC_ROCK_VOUCHER_10250,243.0,15.0,,,,,244,15,,,,,243.5,0.0
0,82300,VOLCANIC_ROCK_VOUCHER_10250,244.0,19.0,,,,,245,19,,,,,244.5,0.0
0,82400,VOLCANIC_ROCK_VOUCHER_10250,254.0,17.0,,,,,255,17,,,,,254.5,0.0
0,82500,VOLCANIC_ROCK_VOUCHER_10250,251.0,15.0,,,,,252,15,,,,,251.5,0.0
0,82600,VOLCANIC_ROCK_VOUCHER_10250,249.0,13.0,,,,,250,13,,,,,249.5,0.0
0,82700,VOLCANIC_ROCK_VOUCHER_10250,247.0,21.0,,,,,248,21,,,,,247.5,0.0
0,82800,VOLCANIC_ROCK_VOUCHER_10250,251.0,15.0,,,,,252,15,,,,,251.5,0.0
0,82900,VOLCANIC_ROCK_VOUCHER_10250,251.0,18.0,,,,,252,18,,,,,251.5,0.0
0,83000,VOLCANIC_ROCK_VOUCHER_10250,256.0,13.0,,,,,257,13,,,,,256.5,0.0
0,83100,VOLCANIC_ROCK_VOUCHER_10250,259.0,1.0,,,,,260,20,,,,,259.5,0.0
0,83200,VOLCANIC_ROCK_VOUCHER_10250,265.0,12.0,,,,,266,12,,,,,265.5,0.0
0,83300,VOLCANIC_ROCK_VOUCHER_10250,258.0,16.0,,,,,259,16,,,,,258.5,0.0
0,83400,VOLCANIC_ROCK_VOUCHER_10250,261.0,15.0,,,,,262,15,,,,,261.5,0.0
0,83500,VOLCANIC_ROCK_VOUCHER_10250,265.0,18.0,,,,,266,18,,,,,265.5,0.0
0,83600,VOLCANIC_ROCK_VOUCHER_10250,263.0,11.0,,,,,264,11,,,,,263.5,0.0
0,83700,VOLCANIC_ROCK_VOUCHER_10250,260.0,14.0,,,,,261,14,,,,,260.5,0.0
0,83800,VOLCANIC_ROCK_VOUCHER_10250,267.0,12.0,,,,,268,12,,,,,267.5,0.0
0,83900,VOLCANIC_ROCK_VOUCHER_10250,265.0,12.0,,,,,266,12,,,,,265.5,0.0
0,84000,VOLCANIC_ROCK_VOUCHER_10250,262.0,12.0,,,,,263,12,,,,,262.5,0.0
0,84100,VOLCANIC_ROCK_VOUCHER_10250,256.0,18.0,,,,,257,18,,,,,256.5,0.0
0,84200,VOLCANIC_ROCK_VOUCHER_10250,260.0,15.0,,,,,261,15,,,,,260.5,0.0
0,84300,VOLCANIC_ROCK_VOUCHER_10250,258.0,20.0,,,,,259,20,,,,,258.5,0.0
0,84400,VOLCANIC_ROCK_VOUCHER_10250,262.0,16.0,,,,,263,16,,,,,262.5,0.0
0,84500,VOLCANIC_ROCK_VOUCHER_10250,270.0,16.0,,,,,271,16,,,,,270.5,0.0
0,84600,VOLCANIC_ROCK_VOUCHER_10250,267.0,16.0,,,,,268,16,,,,,267.5,0.0
0,84700,VOLCANIC_ROCK_VOUCHER_10250,266.0,20.0,,,,,267,20,,,,,266.5,0.0
0,84800,VOLCANIC_ROCK_VOUCHER_10250,,,,,,,262,4,263.0,14.0,,,262.0,0.0
0,84900,VOLCANIC_ROCK_VOUCHER_10250,263.0,13.0,,,,,264,13,,,,,263.5,0.0
0,85000,VOLCANIC_ROCK_VOUCHER_10250,259.0,14.0,,,,,260,14,,,,,259.5,0.0
0,85100,VOLCANIC_ROCK_VOUCHER_10250,257.0,13.0,,,,,258,13,,,,,257.5,0.0
0,85200,VOLCANIC_ROCK_VOUCHER_10250,259.0,17.0,,,,,260,17,,,,,259.5,0.0
0,85300,VOLCANIC_ROCK_VOUCHER_10250,263.0,15.0,,,,,264,15,,,,,263.5,0.0
0,85400,VOLCANIC_ROCK_VOUCHER_10250,261.0,17.0,,,,,262,17,,,,,261.5,0.0
0,85500,VOLCANIC_ROCK_VOUCHER_10250,262.0,19.0,,,,,263,19,,,,,262.5,0.0
0,85600,VOLCANIC_ROCK_VOUCHER_10250,265.0,21.0,,,,,266,21,,,,,265.5,0.0
0,85700,VOLCANIC_ROCK_VOUCHER_10250,262.0,17.0,,,,,263,17,,,,,262.5,0.0
0,85800,VOLCANIC_ROCK_VOUCHER_10250,264.0,17.0,,,,,265,17,,,,,264.5,0.0
0,85900,VOLCANIC_ROCK_VOUCHER_10250,272.0,28.0,,,,,273,13,,,,,272.5,0.0
0,86000,VOLCANIC_ROCK_VOUCHER_10250,272.0,14.0,,,,,273,14,,,,,272.5,0.0
0,86100,VOLCANIC_ROCK_VOUCHER_10250,268.0,19.0,,,,,269,19,,,,,268.5,0.0
0,86200,VOLCANIC_ROCK_VOUCHER_10250,269.0,10.0,,,,,270,10,,,,,269.5,0.0
0,86300,VOLCANIC_ROCK_VOUCHER_10250,270.0,21.0,,,,,271,21,,,,,270.5,0.0
0,86400,VOLCANIC_ROCK_VOUCHER_10250,275.0,12.0,,,,,276,12,,,,,275.5,0.0
0,86500,VOLCANIC_ROCK_VOUCHER_10250,277.0,12.0,,,,,278,12,,,,,277.5,0.0
0,86600,VOLCANIC_ROCK_VOUCHER_10250,276.0,13.0,,,,,278,13,,,,,277.0,0.0
0,86700,VOLCANIC_ROCK_VOUCHER_10250,279.0,15.0,,,,,280,15,,,,,279.5,0.0
0,86800,VOLCANIC_ROCK_VOUCHER_10250,281.0,12.0,,,,,282,12,,,,,281.5,0.0
0,86900,VOLCANIC_ROCK_VOUCHER_10250,283.0,12.0,,,,,284,12,,,,,283.5,0.0
0,87000,VOLCANIC_ROCK_VOUCHER_10250,278.0,16.0,,,,,280,16,,,,,279.0,0.0
0,87100,VOLCANIC_ROCK_VOUCHER_10250,278.0,13.0,,,,,279,13,,,,,278.5,0.0
0,87200,VOLCANIC_ROCK_VOUCHER_10250,280.0,16.0,,,,,281,16,,,,,280.5,0.0
0,87300,VOLCANIC_ROCK_VOUCHER_10250,279.0,16.0,,,,,280,16,,,,,279.5,0.0
0,87400,VOLCANIC_ROCK_VOUCHER_10250,279.0,10.0,,,,,280,10,,,,,279.5,0.0
0,87500,VOLCANIC_ROCK_VOUCHER_10250,284.0,10.0,,,,,285,10,,,,,284.5,0.0
0,87600,VOLCANIC_ROCK_VOUCHER_10250,284.0,20.0,,,,,285,20,,,,,284.5,0.0
0,87700,VOLCANIC_ROCK_VOUCHER_10250,281.0,12.0,,,,,282,12,,,,,281.5,0.0
0,87800,VOLCANIC_ROCK_VOUCHER_10250,282.0,22.0,,,,,283,22,,,,,282.5,0.0
0,87900,VOLCANIC_ROCK_VOUCHER_10250,280.0,15.0,,,,,282,15,,,,,281.0,0.0
0,88000,VOLCANIC_ROCK_VOUCHER_10250,279.0,20.0,,,,,280,20,,,,,279.5,0.0
0,88100,VOLCANIC_ROCK_VOUCHER_10250,278.0,15.0,,,,,279,15,,,,,278.5,0.0
0,88200,VOLCANIC_ROCK_VOUCHER_10250,274.0,10.0,,,,,275,10,,,,,274.5,0.0
0,88300,VOLCANIC_ROCK_VOUCHER_10250,277.0,12.0,,,,,278,12,,,,,277.5,0.0
0,88400,VOLCANIC_ROCK_VOUCHER_10250,280.0,17.0,,,,,281,17,,,,,280.5,0.0
0,88500,VOLCANIC_ROCK_VOUCHER_10250,283.0,22.0,,,,,284,22,,,,,283.5,0.0
0,88600,VOLCANIC_ROCK_VOUCHER_10250,280.0,20.0,,,,,281,20,,,,,280.5,0.0
0,88700,VOLCANIC_ROCK_VOUCHER_10250,278.0,13.0,,,,,279,13,,,,,278.5,0.0
0,88800,VOLCANIC_ROCK_VOUCHER_10250,274.0,27.0,,,,,275,17,,,,,274.5,0.0
0,88900,VOLCANIC_ROCK_VOUCHER_10250,269.0,20.0,,,,,270,20,,,,,269.5,0.0
0,89000,VOLCANIC_ROCK_VOUCHER_10250,268.0,22.0,,,,,269,22,,,,,268.5,0.0
0,89100,VOLCANIC_ROCK_VOUCHER_10250,267.0,10.0,,,,,268,10,,,,,267.5,0.0
0,89200,VOLCANIC_ROCK_VOUCHER_10250,264.0,18.0,,,,,265,18,,,,,264.5,0.0
0,89300,VOLCANIC_ROCK_VOUCHER_10250,270.0,2.0,269.0,14.0,,,271,16,,,,,270.5,0.0
0,89400,VOLCANIC_ROCK_VOUCHER_10250,269.0,20.0,,,,,270,20,,,,,269.5,0.0
0,89500,VOLCANIC_ROCK_VOUCHER_10250,270.0,14.0,,,,,271,14,,,,,270.5,0.0
0,89600,VOLCANIC_ROCK_VOUCHER_10250,272.0,4.0,,,,,273,19,,,,,272.5,0.0
0,89700,VOLCANIC_ROCK_VOUCHER_10250,270.0,17.0,,,,,271,17,,,,,270.5,0.0
0,89800,VOLCANIC_ROCK_VOUCHER_10250,272.0,21.0,,,,,273,21,,,,,272.5,0.0
0,89900,VOLCANIC_ROCK_VOUCHER_10250,274.0,20.0,,,,,275,20,,,,,274.5,0.0
0,90000,VOLCANIC_ROCK_VOUCHER_10250,271.0,14.0,,,,,272,14,,,,,271.5,0.0
0,90100,VOLCANIC_ROCK_VOUCHER_10250,269.0,23.0,,,,,270,13,,,,,269.5,0.0
0,90200,VOLCANIC_ROCK_VOUCHER_10250,271.0,19.0,,,,,272,19,,,,,271.5,0.0
0,90300,VOLCANIC_ROCK_VOUCHER_10250,271.0,19.0,,,,,272,19,,,,,271.5,0.0
0,90400,VOLCANIC_ROCK_VOUCHER_10250,,,,,,,269,5,270.0,11.0,,,269.0,0.0
0,90500,VOLCANIC_ROCK_VOUCHER_10250,266.0,13.0,,,,,267,13,,,,,266.5,0.0
0,90600,VOLCANIC_ROCK_VOUCHER_10250,260.0,11.0,,,,,261,11,,,,,260.5,0.0
0,90700,VOLCANIC_ROCK_VOUCHER_10250,260.0,19.0,,,,,261,19,,,,,260.5,0.0
0,90800,VOLCANIC_ROCK_VOUCHER_10250,,,,,,,254,6,256.0,12.0,,,254.0,0.0
0,90900,VOLCANIC_ROCK_VOUCHER_10250,253.0,11.0,,,,,254,11,,,,,253.5,0.0
0,91000,VOLCANIC_ROCK_VOUCHER_10250,254.0,20.0,,,,,255,20,,,,,254.5,0.0
0,91100,VOLCANIC_ROCK_VOUCHER_10250,251.0,21.0,,,,,252,21,,,,,251.5,0.0
0,91200,VOLCANIC_ROCK_VOUCHER_10250,249.0,21.0,,,,,250,21,,,,,249.5,0.0
0,91300,VOLCANIC_ROCK_VOUCHER_10250,251.0,13.0,,,,,252,13,,,,,251.5,0.0
0,91400,VOLCANIC_ROCK_VOUCHER_10250,250.0,20.0,,,,,251,20,,,,,250.5,0.0
0,91500,VOLCANIC_ROCK_VOUCHER_10250,252.0,14.0,,,,,253,14,,,,,252.5,0.0
0,91600,VOLCANIC_ROCK_VOUCHER_10250,259.0,16.0,,,,,260,16,,,,,259.5,0.0
0,91700,VOLCANIC_ROCK_VOUCHER_10250,260.0,20.0,,,,,261,20,,,,,260.5,0.0
0,91800,VOLCANIC_ROCK_VOUCHER_10250,256.0,12.0,,,,,257,12,,,,,256.5,0.0
0,91900,VOLCANIC_ROCK_VOUCHER_10250,256.0,14.0,,,,,257,14,,,,,256.5,0.0
0,92000,VOLCANIC_ROCK_VOUCHER_10250,259.0,15.0,,,,,260,15,,,,,259.5,0.0
0,92100,VOLCANIC_ROCK_VOUCHER_10250,260.0,15.0,,,,,261,15,,,,,260.5,0.0
0,92200,VOLCANIC_ROCK_VOUCHER_10250,254.0,18.0,,,,,255,18,,,,,254.5,0.0
0,92300,VOLCANIC_ROCK_VOUCHER_10250,254.0,6.0,,,,,255,16,,,,,254.5,0.0
0,92400,VOLCANIC_ROCK_VOUCHER_10250,,,,,,,258,5,259.0,12.0,,,258.0,0.0
0,92500,VOLCANIC_ROCK_VOUCHER_10250,257.0,12.0,,,,,258,12,,,,,257.5,0.0
0,92600,VOLCANIC_ROCK_VOUCHER_10250,258.0,13.0,,,,,259,13,,,,,258.5,0.0
0,92700,VOLCANIC_ROCK_VOUCHER_10250,257.0,17.0,,,,,258,17,,,,,257.5,0.0
0,92800,VOLCANIC_ROCK_VOUCHER_10250,257.0,11.0,,,,,258,11,,,,,257.5,0.0
0,92900,VOLCANIC_ROCK_VOUCHER_10250,,,,,,,256,1,257.0,18.0,,,256.0,0.0
0,93000,VOLCANIC_ROCK_VOUCHER_10250,257.0,14.0,,,,,258,14,,,,,257.5,0.0
0,93100,VOLCANIC_ROCK_VOUCHER_10250,263.0,22.0,,,,,264,22,,,,,263.5,0.0
0,93200,VOLCANIC_ROCK_VOUCHER_10250,263.0,20.0,,,,,264,20,,,,,263.5,0.0
0,93300,VOLCANIC_ROCK_VOUCHER_10250,260.0,19.0,,,,,261,19,,,,,260.5,0.0
0,93400,VOLCANIC_ROCK_VOUCHER_10250,255.0,14.0,,,,,256,14,,,,,255.5,0.0
0,93500,VOLCANIC_ROCK_VOUCHER_10250,255.0,15.0,,,,,256,15,,,,,255.5,0.0
0,93600,VOLCANIC_ROCK_VOUCHER_10250,256.0,21.0,,,,,257,21,,,,,256.5,0.0
0,93700,VOLCANIC_ROCK_VOUCHER_10250,258.0,11.0,,,,,259,13,,,,,258.5,0.0
0,93800,VOLCANIC_ROCK_VOUCHER_10250,257.0,5.0,,,,,258,20,,,,,257.5,0.0
0,93900,VOLCANIC_ROCK_VOUCHER_10250,261.0,14.0,,,,,262,17,263.0,14.0,,,261.5,0.0
0,94000,VOLCANIC_ROCK_VOUCHER_10250,262.0,21.0,,,,,263,21,,,,,262.5,0.0
0,94100,VOLCANIC_ROCK_VOUCHER_10250,261.0,10.0,,,,,262,10,,,,,261.5,0.0
0,94200,VOLCANIC_ROCK_VOUCHER_10250,260.0,17.0,,,,,261,17,,,,,260.5,0.0
0,94300,VOLCANIC_ROCK_VOUCHER_10250,261.0,15.0,,,,,262,15,,,,,261.5,0.0
0,94400,VOLCANIC_ROCK_VOUCHER_10250,264.0,19.0,,,,,265,19,,,,,264.5,0.0
0,94500,VOLCANIC_ROCK_VOUCHER_10250,263.0,17.0,,,,,264,17,,,,,263.5,0.0
0,94600,VOLCANIC_ROCK_VOUCHER_10250,258.0,11.0,,,,,259,11,,,,,258.5,0.0
0,94700,VOLCANIC_ROCK_VOUCHER_10250,258.0,16.0,,,,,259,16,,,,,258.5,0.0
0,94800,VOLCANIC_ROCK_VOUCHER_10250,260.0,14.0,,,,,261,14,,,,,260.5,0.0
0,94900,VOLCANIC_ROCK_VOUCHER_10250,264.0,21.0,,,,,265,21,,,,,264.5,0.0
0,95000,VOLCANIC_ROCK_VOUCHER_10250,261.0,16.0,,,,,263,16,,,,,262.0,0.0
0,95100,VOLCANIC_ROCK_VOUCHER_10250,266.0,17.0,,,,,267,17,,,,,266.5,0.0
0,95200,VOLCANIC_ROCK_VOUCHER_10250,265.0,12.0,,,,,266,12,,,,,265.5,0.0
0,95300,VOLCANIC_ROCK_VOUCHER_10250,266.0,21.0,,,,,267,21,,,,,266.5,0.0
0,95400,VOLCANIC_ROCK_VOUCHER_10250,266.0,12.0,,,,,267,12,,,,,266.5,0.0
0,95500,VOLCANIC_ROCK_VOUCHER_10250,265.0,17.0,,,,,266,17,,,,,265.5,0.0
0,95600,VOLCANIC_ROCK_VOUCHER_10250,270.0,11.0,,,,,271,11,,,,,270.5,0.0
0,95700,VOLCANIC_ROCK_VOUCHER_10250,264.0,22.0,,,,,265,22,,,,,264.5,0.0
0,95800,VOLCANIC_ROCK_VOUCHER_10250,262.0,15.0,,,,,263,15,,,,,262.5,0.0
0,95900,VOLCANIC_ROCK_VOUCHER_10250,257.0,19.0,,,,,258,19,,,,,257.5,0.0
0,96000,VOLCANIC_ROCK_VOUCHER_10250,254.0,19.0,,,,,255,19,,,,,254.5,0.0
0,96100,VOLCANIC_ROCK_VOUCHER_10250,249.0,19.0,,,,,250,19,,,,,249.5,0.0
0,96200,VOLCANIC_ROCK_VOUCHER_10250,252.0,12.0,,,,,253,12,,,,,252.5,0.0
0,96300,VOLCANIC_ROCK_VOUCHER_10250,250.0,20.0,,,,,251,20,,,,,250.5,0.0
0,96400,VOLCANIC_ROCK_VOUCHER_10250,248.0,19.0,,,,,249,19,,,,,248.5,0.0
0,96500,VOLCANIC_ROCK_VOUCHER_10250,252.0,19.0,,,,,253,19,,,,,252.5,0.0
0,96600,VOLCANIC_ROCK_VOUCHER_10250,252.0,30.0,,,,,253,14,,,,,252.5,0.0
0,96700,VOLCANIC_ROCK_VOUCHER_10250,252.0,16.0,,,,,253,16,,,,,252.5,0.0
0,96800,VOLCANIC_ROCK_VOUCHER_10250,250.0,16.0,,,,,251,16,,,,,250.5,0.0
0,96900,VOLCANIC_ROCK_VOUCHER_10250,253.0,18.0,,,,,254,18,,,,,253.5,0.0
0,97000,VOLCANIC_ROCK_VOUCHER_10250,253.0,22.0,,,,,254,22,,,,,253.5,0.0
0,97100,VOLCANIC_ROCK_VOUCHER_10250,255.0,19.0,,,,,256,19,,,,,255.5,0.0
0,97200,VOLCANIC_ROCK_VOUCHER_10250,250.0,14.0,,,,,251,14,,,,,250.5,0.0
0,97300,VOLCANIC_ROCK_VOUCHER_10250,249.0,17.0,,,,,250,17,,,,,249.5,0.0
0,97400,VOLCANIC_ROCK_VOUCHER_10250,253.0,22.0,,,,,254,22,,,,,253.5,0.0
0,97500,VOLCANIC_ROCK_VOUCHER_10250,254.0,20.0,,,,,255,20,,,,,254.5,0.0
0,97600,VOLCANIC_ROCK_VOUCHER_10250,252.0,10.0,,,,,253,10,,,,,252.5,0.0
0,97700,VOLCANIC_ROCK_VOUCHER_10250,251.0,17.0,,,,,252,17,,,,,251.5,0.0
0,97800,VOLCANIC_ROCK_VOUCHER_10250,252.0,15.0,,,,,253,15,,,,,252.5,0.0
0,97900,VOLCANIC_ROCK_VOUCHER_10250,248.0,18.0,,,,,249,18,,,,,248.5,0.0
0,98000,VOLCANIC_ROCK_VOUCHER_10250,244.0,25.0,,,,,245,13,,,,,244.5,0.0
0,98100,VOLCANIC_ROCK_VOUCHER_10250,243.0,14.0,,,,,244,14,,,,,243.5,0.0
0,98200,VOLCANIC_ROCK_VOUCHER_10250,239.0,17.0,,,,,240,17,,,,,239.5,0.0
0,98300,VOLCANIC_ROCK_VOUCHER_10250,238.0,33.0,,,,,239,20,,,,,238.5,0.0
0,98400,VOLCANIC_ROCK_VOUCHER_10250,237.0,12.0,,,,,239,12,,,,,238.0,0.0
0,98500,VOLCANIC_ROCK_VOUCHER_10250,239.0,17.0,,,,,240,17,,,,,239.5,0.0
0,98600,VOLCANIC_ROCK_VOUCHER_10250,240.0,18.0,,,,,241,18,,,,,240.5,0.0
0,98700,VOLCANIC_ROCK_VOUCHER_10250,242.0,21.0,,,,,243,21,,,,,242.5,0.0
0,98800,VOLCANIC_ROCK_VOUCHER_10250,238.0,16.0,,,,,239,16,,,,,238.5,0.0
0,98900,VOLCANIC_ROCK_VOUCHER_10250,238.0,18.0,,,,,239,18,,,,,238.5,0.0
0,99000,VOLCANIC_ROCK_VOUCHER_10250,235.0,41.0,,,,,236,21,,,,,235.5,0.0
0,99100,VOLCANIC_ROCK_VOUCHER_10250,238.0,22.0,,,,,239,22,,,,,238.5,0.0
0,99200,VOLCANIC_ROCK_VOUCHER_10250,233.0,16.0,,,,,234,16,,,,,233.5,0.0
0,99300,VOLCANIC_ROCK_VOUCHER_10250,229.0,18.0,,,,,230,18,,,,,229.5,0.0
0,99400,VOLCANIC_ROCK_VOUCHER_10250,229.0,20.0,,,,,230,20,,,,,229.5,0.0
0,99500,VOLCANIC_ROCK_VOUCHER_10250,227.0,16.0,,,,,228,16,,,,,227.5,0.0
0,99600,VOLCANIC_ROCK_VOUCHER_10250,227.0,13.0,,,,,228,13,,,,,227.5,0.0
0,99700,VOLCANIC_ROCK_VOUCHER_10250,227.0,15.0,,,,,228,15,,,,,227.5,0.0
0,99800,VOLCANIC_ROCK_VOUCHER_10250,226.0,16.0,,,,,227,16,,,,,226.5,0.0
0,99900,VOLCANIC_ROCK_VOUCHER_10250,226.0,12.0,,,,,227,12,,,,,226.5,0.0
0,100000,VOLCANIC_ROCK_VOUCHER_10250,225.0,20.0,,,,,226,20,,,,,225.5,0.0
0,100100,VOLCANIC_ROCK_VOUCHER_10250,232.0,10.0,,,,,233,19,,,,,232.5,0.0
0,100200,VOLCANIC_ROCK_VOUCHER_10250,232.0,16.0,,,,,233,16,,,,,232.5,0.0
0,100300,VOLCANIC_ROCK_VOUCHER_10250,229.0,16.0,,,,,230,16,,,,,229.5,0.0
0,100400,VOLCANIC_ROCK_VOUCHER_10250,229.0,11.0,,,,,230,11,,,,,229.5,0.0
0,100500,VOLCANIC_ROCK_VOUCHER_10250,231.0,12.0,,,,,232,12,,,,,231.5,0.0
0,100600,VOLCANIC_ROCK_VOUCHER_10250,229.0,13.0,,,,,230,13,,,,,229.5,0.0
0,100700,VOLCANIC_ROCK_VOUCHER_10250,230.0,13.0,,,,,231,13,,,,,230.5,0.0
0,100800,VOLCANIC_ROCK_VOUCHER_10250,231.0,15.0,,,,,232,15,,,,,231.5,0.0
0,100900,VOLCANIC_ROCK_VOUCHER_10250,229.0,13.0,,,,,230,13,,,,,229.5,0.0
0,101000,VOLCANIC_ROCK_VOUCHER_10250,229.0,3.0,,,,,230,21,,,,,229.5,0.0
0,101100,VOLCANIC_ROCK_VOUCHER_10250,229.0,20.0,,,,,230,20,,,,,229.5,0.0
0,101200,VOLCANIC_ROCK_VOUCHER_10250,230.0,19.0,,,,,231,19,,,,,230.5,0.0
0,101300,VOLCANIC_ROCK_VOUCHER_10250,230.0,14.0,,,,,231,14,,,,,230.5,0.0
0,101400,VOLCANIC_ROCK_VOUCHER_10250,232.0,10.0,,,,,233,10,,,,,232.5,0.0
0,101500,VOLCANIC_ROCK_VOUCHER_10250,238.0,12.0,,,,,239,12,,,,,238.5,0.0
0,101600,VOLCANIC_ROCK_VOUCHER_10250,235.0,21.0,,,,,236,21,,,,,235.5,0.0
0,101700,VOLCANIC_ROCK_VOUCHER_10250,237.0,20.0,,,,,238,20,,,,,237.5,0.0
0,101800,VOLCANIC_ROCK_VOUCHER_10250,233.0,18.0,,,,,234,18,,,,,233.5,0.0
0,101900,VOLCANIC_ROCK_VOUCHER_10250,237.0,17.0,,,,,238,17,,,,,237.5,0.0
0,102000,VOLCANIC_ROCK_VOUCHER_10250,237.0,20.0,,,,,238,20,,,,,237.5,0.0
0,102100,VOLCANIC_ROCK_VOUCHER_10250,239.0,12.0,,,,,240,12,,,,,239.5,0.0
0,102200,VOLCANIC_ROCK_VOUCHER_10250,244.0,2.0,,,,,245,21,,,,,244.5,0.0
0,102300,VOLCANIC_ROCK_VOUCHER_10250,250.0,11.0,,,,,251,11,,,,,250.5,0.0
0,102400,VOLCANIC_ROCK_VOUCHER_10250,252.0,12.0,,,,,253,12,,,,,252.5,0.0
0,102500,VOLCANIC_ROCK_VOUCHER_10250,262.0,16.0,,,,,263,16,,,,,262.5,0.0
0,102600,VOLCANIC_ROCK_VOUCHER_10250,258.0,12.0,,,,,259,12,,,,,258.5,0.0
0,102700,VOLCANIC_ROCK_VOUCHER_10250,256.0,11.0,,,,,257,11,,,,,256.5,0.0
0,102800,VOLCANIC_ROCK_VOUCHER_10250,248.0,20.0,,,,,249,20,,,,,248.5,0.0
0,102900,VOLCANIC_ROCK_VOUCHER_10250,243.0,19.0,,,,,244,19,,,,,243.5,0.0
0,103000,VOLCANIC_ROCK_VOUCHER_10250,240.0,4.0,,,,,241,16,,,,,240.5,0.0
0,103100,VOLCANIC_ROCK_VOUCHER_10250,239.0,15.0,,,,,240,1,241.0,14.0,,,239.5,0.0
0,103200,VOLCANIC_ROCK_VOUCHER_10250,240.0,18.0,,,,,242,18,,,,,241.0,0.0
0,103300,VOLCANIC_ROCK_VOUCHER_10250,241.0,14.0,,,,,242,14,,,,,241.5,0.0
0,103400,VOLCANIC_ROCK_VOUCHER_10250,238.0,19.0,,,,,239,19,,,,,238.5,0.0
0,103500,VOLCANIC_ROCK_VOUCHER_10250,238.0,16.0,,,,,239,16,,,,,238.5,0.0
0,103600,VOLCANIC_ROCK_VOUCHER_10250,238.0,15.0,,,,,240,15,,,,,239.0,0.0
0,103700,VOLCANIC_ROCK_VOUCHER_10250,241.0,13.0,,,,,242,13,,,,,241.5,0.0
0,103800,VOLCANIC_ROCK_VOUCHER_10250,242.0,17.0,,,,,243,17,,,,,242.5,0.0
0,103900,VOLCANIC_ROCK_VOUCHER_10250,238.0,17.0,,,,,239,17,,,,,238.5,0.0
0,104000,VOLCANIC_ROCK_VOUCHER_10250,237.0,32.0,,,,,238,18,,,,,237.5,0.0
0,104100,VOLCANIC_ROCK_VOUCHER_10250,242.0,11.0,,,,,243,11,,,,,242.5,0.0
0,104200,VOLCANIC_ROCK_VOUCHER_10250,241.0,17.0,,,,,242,17,,,,,241.5,0.0
0,104300,VOLCANIC_ROCK_VOUCHER_10250,237.0,19.0,,,,,238,19,,,,,237.5,0.0
0,104400,VOLCANIC_ROCK_VOUCHER_10250,236.0,20.0,,,,,237,20,,,,,236.5,0.0
0,104500,VOLCANIC_ROCK_VOUCHER_10250,231.0,20.0,,,,,232,20,,,,,231.5,0.0
0,104600,VOLCANIC_ROCK_VOUCHER_10250,229.0,20.0,,,,,230,20,,,,,229.5,0.0
0,104700,VOLCANIC_ROCK_VOUCHER_10250,227.0,18.0,,,,,228,18,,,,,227.5,0.0
0,104800,VOLCANIC_ROCK_VOUCHER_10250,227.0,11.0,,,,,228,11,,,,,227.5,0.0
0,104900,VOLCANIC_ROCK_VOUCHER_10250,227.0,16.0,,,,,228,16,,,,,227.5,0.0
0,105000,VOLCANIC_ROCK_VOUCHER_10250,229.0,16.0,,,,,230,16,,,,,229.5,0.0
0,105100,VOLCANIC_ROCK_VOUCHER_10250,231.0,19.0,,,,,232,19,,,,,231.5,0.0
0,105200,VOLCANIC_ROCK_VOUCHER_10250,235.0,19.0,,,,,236,19,,,,,235.5,0.0
0,105300,VOLCANIC_ROCK_VOUCHER_10250,234.0,2.0,,,,,235,20,,,,,234.5,0.0
0,105400,VOLCANIC_ROCK_VOUCHER_10250,235.0,17.0,,,,,236,17,,,,,235.5,0.0
0,105500,VOLCANIC_ROCK_VOUCHER_10250,236.0,11.0,,,,,237,19,,,,,236.5,0.0
0,105600,VOLCANIC_ROCK_VOUCHER_10250,232.0,11.0,,,,,233,11,,,,,232.5,0.0
0,105700,VOLCANIC_ROCK_VOUCHER_10250,232.0,15.0,,,,,233,15,,,,,232.5,0.0
0,105800,VOLCANIC_ROCK_VOUCHER_10250,235.0,20.0,,,,,236,20,,,,,235.5,0.0
0,105900,VOLCANIC_ROCK_VOUCHER_10250,235.0,10.0,,,,,236,10,,,,,235.5,0.0
0,106000,VOLCANIC_ROCK_VOUCHER_10250,235.0,21.0,,,,,236,21,,,,,235.5,0.0
0,106100,VOLCANIC_ROCK_VOUCHER_10250,236.0,13.0,,,,,237,13,,,,,236.5,0.0
0,106200,VOLCANIC_ROCK_VOUCHER_10250,236.0,2.0,235.0,16.0,,,237,18,,,,,236.5,0.0
0,106300,VOLCANIC_ROCK_VOUCHER_10250,232.0,12.0,,,,,233,12,,,,,232.5,0.0
0,106400,VOLCANIC_ROCK_VOUCHER_10250,227.0,33.0,,,,,228,13,,,,,227.5,0.0
0,106500,VOLCANIC_ROCK_VOUCHER_10250,229.0,17.0,,,,,230,17,,,,,229.5,0.0
0,106600,VOLCANIC_ROCK_VOUCHER_10250,230.0,13.0,,,,,231,13,,,,,230.5,0.0
0,106700,VOLCANIC_ROCK_VOUCHER_10250,231.0,12.0,,,,,232,12,,,,,231.5,0.0
0,106800,VOLCANIC_ROCK_VOUCHER_10250,230.0,18.0,,,,,231,18,,,,,230.5,0.0
0,106900,VOLCANIC_ROCK_VOUCHER_10250,,,,,,,231,5,232.0,15.0,,,231.0,0.0
0,107000,VOLCANIC_ROCK_VOUCHER_10250,229.0,15.0,,,,,230,15,,,,,229.5,0.0
0,107100,VOLCANIC_ROCK_VOUCHER_10250,231.0,18.0,,,,,232,18,,,,,231.5,0.0
0,107200,VOLCANIC_ROCK_VOUCHER_10250,230.0,17.0,,,,,231,17,,,,,230.5,0.0
0,107300,VOLCANIC_ROCK_VOUCHER_10250,231.0,11.0,,,,,232,11,,,,,231.5,0.0
0,107400,VOLCANIC_ROCK_VOUCHER_10250,228.0,20.0,,,,,229,15,,,,,228.5,0.0
0,107500,VOLCANIC_ROCK_VOUCHER_10250,230.0,13.0,,,,,231,13,,,,,230.5,0.0
0,107600,VOLCANIC_ROCK_VOUCHER_10250,231.0,16.0,,,,,233,16,,,,,232.0,0.0
0,107700,VOLCANIC_ROCK_VOUCHER_10250,228.0,19.0,,,,,229,19,,,,,228.5,0.0
0,107800,VOLCANIC_ROCK_VOUCHER_10250,234.0,27.0,,,,,235,13,,,,,234.5,0.0
0,107900,VOLCANIC_ROCK_VOUCHER_10250,233.0,15.0,,,,,234,15,,,,,233.5,0.0
0,108000,VOLCANIC_ROCK_VOUCHER_10250,233.0,19.0,,,,,234,19,,,,,233.5,0.0
0,108100,VOLCANIC_ROCK_VOUCHER_10250,230.0,20.0,,,,,231,20,,,,,230.5,0.0
0,108200,VOLCANIC_ROCK_VOUCHER_10250,232.0,12.0,,,,,233,12,,,,,232.5,0.0
0,108300,VOLCANIC_ROCK_VOUCHER_10250,230.0,15.0,,,,,231,15,,,,,230.5,0.0
0,108400,VOLCANIC_ROCK_VOUCHER_10250,,,,,,,229,3,230.0,15.0,,,229.0,0.0
0,108500,VOLCANIC_ROCK_VOUCHER_10250,228.0,34.0,,,,,229,14,,,,,228.5,0.0
0,108600,VOLCANIC_ROCK_VOUCHER_10250,230.0,11.0,,,,,231,11,,,,,230.5,0.0
0,108700,VOLCANIC_ROCK_VOUCHER_10250,,,,,,,228,1,229.0,13.0,,,228.0,0.0
0,108800,VOLCANIC_ROCK_VOUCHER_10250,229.0,17.0,,,,,230,17,,,,,229.5,0.0
0,108900,VOLCANIC_ROCK_VOUCHER_10250,232.0,18.0,,,,,233,18,,,,,232.5,0.0
0,109000,VOLCANIC_ROCK_VOUCHER_10250,229.0,11.0,,,,,230,11,,,,,229.5,0.0
0,109100,VOLCANIC_ROCK_VOUCHER_10250,,,,,,,231,7,232.0,13.0,,,231.0,0.0
0,109200,VOLCANIC_ROCK_VOUCHER_10250,234.0,11.0,,,,,235,11,,,,,234.5,0.0
0,109300,VOLCANIC_ROCK_VOUCHER_10250,,,,,,,233,5,234.0,13.0,,,233.0,0.0
0,109400,VOLCANIC_ROCK_VOUCHER_10250,235.0,19.0,,,,,236,19,,,,,235.5,0.0
0,109500,VOLCANIC_ROCK_VOUCHER_10250,239.0,16.0,,,,,240,16,,,,,239.5,0.0
0,109600,VOLCANIC_ROCK_VOUCHER_10250,238.0,15.0,,,,,239,15,,,,,238.5,0.0
0,109700,VOLCANIC_ROCK_VOUCHER_10250,233.0,12.0,,,,,234,12,,,,,233.5,0.0
0,109800,VOLCANIC_ROCK_VOUCHER_10250,233.0,15.0,,,,,234,15,,,,,233.5,0.0
0,109900,VOLCANIC_ROCK_VOUCHER_10250,229.0,16.0,,,,,230,16,,,,,229.5,0.0
0,110000,VOLCANIC_ROCK_VOUCHER_10250,229.0,17.0,,,,,230,17,,,,,229.5,0.0
0,110100,VOLCANIC_ROCK_VOUCHER_10250,230.0,19.0,,,,,231,19,,,,,230.5,0.0
0,110200,VOLCANIC_ROCK_VOUCHER_10250,232.0,18.0,,,,,233,18,,,,,232.5,0.0
0,110300,VOLCANIC_ROCK_VOUCHER_10250,236.0,16.0,,,,,237,16,,,,,236.5,0.0
0,110400,VOLCANIC_ROCK_VOUCHER_10250,234.0,14.0,,,,,235,14,,,,,234.5,0.0
0,110500,VOLCANIC_ROCK_VOUCHER_10250,235.0,14.0,,,,,236,14,,,,,235.5,0.0
0,110600,VOLCANIC_ROCK_VOUCHER_10250,234.0,17.0,,,,,235,17,,,,,234.5,0.0
0,110700,VOLCANIC_ROCK_VOUCHER_10250,233.0,16.0,,,,,234,16,,,,,233.5,0.0
0,110800,VOLCANIC_ROCK_VOUCHER_10250,230.0,32.0,,,,,231,21,,,,,230.5,0.0
0,110900,VOLCANIC_ROCK_VOUCHER_10250,233.0,4.0,,,,,234,15,,,,,233.5,0.0
0,111000,VOLCANIC_ROCK_VOUCHER_10250,233.0,18.0,,,,,234,18,,,,,233.5,0.0
0,111100,VOLCANIC_ROCK_VOUCHER_10250,231.0,11.0,,,,,232,11,,,,,231.5,0.0
0,111200,VOLCANIC_ROCK_VOUCHER_10250,229.0,16.0,,,,,231,16,,,,,230.0,0.0
0,111300,VOLCANIC_ROCK_VOUCHER_10250,232.0,13.0,,,,,233,13,,,,,232.5,0.0
0,111400,VOLCANIC_ROCK_VOUCHER_10250,236.0,11.0,,,,,237,11,,,,,236.5,0.0
0,111500,VOLCANIC_ROCK_VOUCHER_10250,244.0,12.0,,,,,245,12,,,,,244.5,0.0
0,111600,VOLCANIC_ROCK_VOUCHER_10250,243.0,21.0,,,,,244,21,,,,,243.5,0.0
0,111700,VOLCANIC_ROCK_VOUCHER_10250,242.0,4.0,,,,,243,18,,,,,242.5,0.0
0,111800,VOLCANIC_ROCK_VOUCHER_10250,241.0,14.0,,,,,242,14,,,,,241.5,0.0
0,111900,VOLCANIC_ROCK_VOUCHER_10250,241.0,19.0,,,,,242,19,,,,,241.5,0.0
0,112000,VOLCANIC_ROCK_VOUCHER_10250,236.0,21.0,,,,,237,21,,,,,236.5,0.0
0,112100,VOLCANIC_ROCK_VOUCHER_10250,236.0,18.0,,,,,238,18,,,,,237.0,0.0
0,112200,VOLCANIC_ROCK_VOUCHER_10250,238.0,11.0,,,,,239,11,,,,,238.5,0.0
0,112300,VOLCANIC_ROCK_VOUCHER_10250,240.0,40.0,,,,,241,22,,,,,240.5,0.0
0,112400,VOLCANIC_ROCK_VOUCHER_10250,241.0,10.0,,,,,242,10,,,,,241.5,0.0
0,112500,VOLCANIC_ROCK_VOUCHER_10250,242.0,17.0,,,,,243,17,,,,,242.5,0.0
0,112600,VOLCANIC_ROCK_VOUCHER_10250,242.0,19.0,,,,,243,19,,,,,242.5,0.0
0,112700,VOLCANIC_ROCK_VOUCHER_10250,241.0,11.0,,,,,243,11,,,,,242.0,0.0
0,112800,VOLCANIC_ROCK_VOUCHER_10250,239.0,20.0,,,,,240,20,,,,,239.5,0.0
0,112900,VOLCANIC_ROCK_VOUCHER_10250,239.0,15.0,,,,,240,15,,,,,239.5,0.0
0,113000,VOLCANIC_ROCK_VOUCHER_10250,240.0,21.0,,,,,241,21,,,,,240.5,0.0
0,113100,VOLCANIC_ROCK_VOUCHER_10250,241.0,20.0,,,,,242,20,,,,,241.5,0.0
0,113200,VOLCANIC_ROCK_VOUCHER_10250,244.0,21.0,,,,,245,21,,,,,244.5,0.0
0,113300,VOLCANIC_ROCK_VOUCHER_10250,245.0,20.0,,,,,246,20,,,,,245.5,0.0
0,113400,VOLCANIC_ROCK_VOUCHER_10250,245.0,15.0,,,,,246,15,,,,,245.5,0.0
0,113500,VOLCANIC_ROCK_VOUCHER_10250,243.0,13.0,,,,,245,13,,,,,244.0,0.0
0,113600,VOLCANIC_ROCK_VOUCHER_10250,245.0,17.0,,,,,246,17,,,,,245.5,0.0
0,113700,VOLCANIC_ROCK_VOUCHER_10250,246.0,20.0,,,,,247,20,,,,,246.5,0.0
0,113800,VOLCANIC_ROCK_VOUCHER_10250,247.0,20.0,,,,,248,20,,,,,247.5,0.0
0,113900,VOLCANIC_ROCK_VOUCHER_10250,247.0,11.0,,,,,248,11,,,,,247.5,0.0
0,114000,VOLCANIC_ROCK_VOUCHER_10250,246.0,19.0,,,,,247,19,,,,,246.5,0.0
0,114100,VOLCANIC_ROCK_VOUCHER_10250,251.0,21.0,,,,,252,21,,,,,251.5,0.0
0,114200,VOLCANIC_ROCK_VOUCHER_10250,253.0,13.0,,,,,254,13,,,,,253.5,0.0
0,114300,VOLCANIC_ROCK_VOUCHER_10250,251.0,12.0,,,,,252,12,,,,,251.5,0.0
0,114400,VOLCANIC_ROCK_VOUCHER_10250,251.0,14.0,,,,,252,14,,,,,251.5,0.0
0,114500,VOLCANIC_ROCK_VOUCHER_10250,252.0,17.0,,,,,253,17,,,,,252.5,0.0
0,114600,VOLCANIC_ROCK_VOUCHER_10250,250.0,18.0,,,,,251,18,,,,,250.5,0.0
0,114700,VOLCANIC_ROCK_VOUCHER_10250,249.0,19.0,,,,,250,19,,,,,249.5,0.0
0,114800,VOLCANIC_ROCK_VOUCHER_10250,250.0,14.0,,,,,251,14,,,,,250.5,0.0
0,114900,VOLCANIC_ROCK_VOUCHER_10250,253.0,12.0,,,,,255,12,,,,,254.0,0.0
0,115000,VOLCANIC_ROCK_VOUCHER_10250,251.0,15.0,,,,,252,15,,,,,251.5,0.0
0,115100,VOLCANIC_ROCK_VOUCHER_10250,250.0,15.0,,,,,251,15,,,,,250.5,0.0
0,115200,VOLCANIC_ROCK_VOUCHER_10250,251.0,20.0,,,,,252,20,,,,,251.5,0.0
0,115300,VOLCANIC_ROCK_VOUCHER_10250,248.0,14.0,,,,,249,14,,,,,248.5,0.0
0,115400,VOLCANIC_ROCK_VOUCHER_10250,252.0,16.0,,,,,253,16,,,,,252.5,0.0
0,115500,VOLCANIC_ROCK_VOUCHER_10250,252.0,17.0,,,,,253,17,,,,,252.5,0.0
0,115600,VOLCANIC_ROCK_VOUCHER_10250,255.0,18.0,,,,,256,18,,,,,255.5,0.0
0,115700,VOLCANIC_ROCK_VOUCHER_10250,254.0,19.0,,,,,255,19,,,,,254.5,0.0
0,115800,VOLCANIC_ROCK_VOUCHER_10250,255.0,13.0,,,,,256,13,,,,,255.5,0.0
0,115900,VOLCANIC_ROCK_VOUCHER_10250,257.0,11.0,,,,,258,11,,,,,257.5,0.0
0,116000,VOLCANIC_ROCK_VOUCHER_10250,255.0,20.0,,,,,256,20,,,,,255.5,0.0
0,116100,VOLCANIC_ROCK_VOUCHER_10250,255.0,13.0,,,,,256,13,,,,,255.5,0.0
0,116200,VOLCANIC_ROCK_VOUCHER_10250,254.0,13.0,,,,,255,13,,,,,254.5,0.0
0,116300,VOLCANIC_ROCK_VOUCHER_10250,254.0,14.0,,,,,255,14,,,,,254.5,0.0
0,116400,VOLCANIC_ROCK_VOUCHER_10250,254.0,21.0,,,,,255,21,,,,,254.5,0.0
0,116500,VOLCANIC_ROCK_VOUCHER_10250,252.0,12.0,,,,,253,12,,,,,252.5,0.0
0,116600,VOLCANIC_ROCK_VOUCHER_10250,248.0,34.0,,,,,249,16,,,,,248.5,0.0
0,116700,VOLCANIC_ROCK_VOUCHER_10250,250.0,21.0,,,,,251,21,,,,,250.5,0.0
0,116800,VOLCANIC_ROCK_VOUCHER_10250,250.0,18.0,,,,,251,18,,,,,250.5,0.0
0,116900,VOLCANIC_ROCK_VOUCHER_10250,252.0,17.0,,,,,253,17,,,,,252.5,0.0
0,117000,VOLCANIC_ROCK_VOUCHER_10250,249.0,20.0,,,,,250,20,,,,,249.5,0.0
0,117100,VOLCANIC_ROCK_VOUCHER_10250,251.0,14.0,,,,,252,14,,,,,251.5,0.0
0,117200,VOLCANIC_ROCK_VOUCHER_10250,249.0,13.0,,,,,250,13,,,,,249.5,0.0
0,117300,VOLCANIC_ROCK_VOUCHER_10250,247.0,3.0,,,,,248,13,,,,,247.5,0.0
0,117400,VOLCANIC_ROCK_VOUCHER_10250,243.0,21.0,,,,,244,21,,,,,243.5,0.0
0,117500,VOLCANIC_ROCK_VOUCHER_10250,245.0,20.0,,,,,246,20,,,,,245.5,0.0
0,117600,VOLCANIC_ROCK_VOUCHER_10250,244.0,20.0,,,,,245,20,,,,,244.5,0.0
0,117700,VOLCANIC_ROCK_VOUCHER_10250,237.0,16.0,,,,,238,16,,,,,237.5,0.0
0,117800,VOLCANIC_ROCK_VOUCHER_10250,236.0,12.0,,,,,237,12,,,,,236.5,0.0
0,117900,VOLCANIC_ROCK_VOUCHER_10250,238.0,15.0,,,,,239,15,,,,,238.5,0.0
0,118000,VOLCANIC_ROCK_VOUCHER_10250,239.0,11.0,,,,,240,11,,,,,239.5,0.0
0,118100,VOLCANIC_ROCK_VOUCHER_10250,236.0,11.0,,,,,237,11,,,,,236.5,0.0
0,118200,VOLCANIC_ROCK_VOUCHER_10250,236.0,15.0,,,,,237,15,,,,,236.5,0.0
0,118300,VOLCANIC_ROCK_VOUCHER_10250,239.0,11.0,,,,,240,11,,,,,239.5,0.0
0,118400,VOLCANIC_ROCK_VOUCHER_10250,242.0,21.0,,,,,243,21,,,,,242.5,0.0
0,118500,VOLCANIC_ROCK_VOUCHER_10250,240.0,22.0,,,,,241,12,,,,,240.5,0.0
0,118600,VOLCANIC_ROCK_VOUCHER_10250,242.0,4.0,,,,,243,15,,,,,242.5,0.0
0,118700,VOLCANIC_ROCK_VOUCHER_10250,239.0,15.0,,,,,240,15,,,,,239.5,0.0
0,118800,VOLCANIC_ROCK_VOUCHER_10250,247.0,14.0,,,,,248,14,,,,,247.5,0.0
0,118900,VOLCANIC_ROCK_VOUCHER_10250,245.0,11.0,,,,,246,11,,,,,245.5,0.0
0,119000,VOLCANIC_ROCK_VOUCHER_10250,244.0,14.0,,,,,245,14,,,,,244.5,0.0
0,119100,VOLCANIC_ROCK_VOUCHER_10250,246.0,15.0,,,,,247,15,,,,,246.5,0.0
0,119200,VOLCANIC_ROCK_VOUCHER_10250,250.0,21.0,,,,,251,21,,,,,250.5,0.0
0,119300,VOLCANIC_ROCK_VOUCHER_10250,255.0,20.0,,,,,256,20,,,,,255.5,0.0
0,119400,VOLCANIC_ROCK_VOUCHER_10250,253.0,20.0,,,,,254,20,,,,,253.5,0.0
0,119500,VOLCANIC_ROCK_VOUCHER_10250,251.0,35.0,,,,,252,20,,,,,251.5,0.0
0,119600,VOLCANIC_ROCK_VOUCHER_10250,248.0,17.0,,,,,249,17,,,,,248.5,0.0
0,119700,VOLCANIC_ROCK_VOUCHER_10250,246.0,13.0,,,,,247,13,,,,,246.5,0.0
0,119800,VOLCANIC_ROCK_VOUCHER_10250,247.0,17.0,,,,,248,17,,,,,247.5,0.0
0,119900,VOLCANIC_ROCK_VOUCHER_10250,245.0,22.0,,,,,246,22,,,,,245.5,0.0
0,120000,VOLCANIC_ROCK_VOUCHER_10250,244.0,15.0,,,,,245,15,,,,,244.5,0.0
0,120100,VOLCANIC_ROCK_VOUCHER_10250,238.0,22.0,,,,,239,22,,,,,238.5,0.0
0,120200,VOLCANIC_ROCK_VOUCHER_10250,240.0,18.0,,,,,241,18,,,,,240.5,0.0
0,120300,VOLCANIC_ROCK_VOUCHER_10250,238.0,18.0,,,,,239,18,,,,,238.5,0.0
0,120400,VOLCANIC_ROCK_VOUCHER_10250,242.0,15.0,,,,,243,15,,,,,242.5,0.0
0,120500,VOLCANIC_ROCK_VOUCHER_10250,241.0,17.0,,,,,242,17,,,,,241.5,0.0
0,120600,VOLCANIC_ROCK_VOUCHER_10250,240.0,21.0,,,,,241,21,,,,,240.5,0.0
0,120700,VOLCANIC_ROCK_VOUCHER_10250,237.0,13.0,,,,,238,13,,,,,237.5,0.0
0,120800,VOLCANIC_ROCK_VOUCHER_10250,235.0,13.0,,,,,236,13,,,,,235.5,0.0
0,120900,VOLCANIC_ROCK_VOUCHER_10250,235.0,14.0,,,,,236,14,,,,,235.5,0.0
0,121000,VOLCANIC_ROCK_VOUCHER_10250,235.0,21.0,,,,,236,21,,,,,235.5,0.0
0,121100,VOLCANIC_ROCK_VOUCHER_10250,,,,,,,237,1,238.0,13.0,,,237.0,0.0
0,121200,VOLCANIC_ROCK_VOUCHER_10250,237.0,15.0,,,,,238,15,,,,,237.5,0.0
0,121300,VOLCANIC_ROCK_VOUCHER_10250,236.0,12.0,,,,,237,12,,,,,236.5,0.0
0,121400,VOLCANIC_ROCK_VOUCHER_10250,237.0,16.0,,,,,238,16,,,,,237.5,0.0
0,121500,VOLCANIC_ROCK_VOUCHER_10250,238.0,18.0,,,,,239,18,,,,,238.5,0.0
0,121600,VOLCANIC_ROCK_VOUCHER_10250,236.0,7.0,,,,,237,20,,,,,236.5,0.0
0,121700,VOLCANIC_ROCK_VOUCHER_10250,234.0,1.0,,,,,235,21,,,,,234.5,0.0
0,121800,VOLCANIC_ROCK_VOUCHER_10250,237.0,13.0,,,,,238,13,,,,,237.5,0.0
0,121900,VOLCANIC_ROCK_VOUCHER_10250,238.0,12.0,,,,,239,12,,,,,238.5,0.0
0,122000,VOLCANIC_ROCK_VOUCHER_10250,237.0,17.0,,,,,238,17,,,,,237.5,0.0
0,122100,VOLCANIC_ROCK_VOUCHER_10250,237.0,37.0,,,,,238,1,239.0,18.0,,,237.5,0.0
0,122200,VOLCANIC_ROCK_VOUCHER_10250,242.0,20.0,,,,,243,20,,,,,242.5,0.0
0,122300,VOLCANIC_ROCK_VOUCHER_10250,241.0,17.0,,,,,242,17,,,,,241.5,0.0
0,122400,VOLCANIC_ROCK_VOUCHER_10250,244.0,11.0,,,,,246,11,,,,,245.0,0.0
0,122500,VOLCANIC_ROCK_VOUCHER_10250,246.0,12.0,,,,,247,12,,,,,246.5,0.0
0,122600,VOLCANIC_ROCK_VOUCHER_10250,246.0,13.0,,,,,247,13,,,,,246.5,0.0
0,122700,VOLCANIC_ROCK_VOUCHER_10250,252.0,11.0,,,,,253,11,,,,,252.5,0.0
0,122800,VOLCANIC_ROCK_VOUCHER_10250,248.0,12.0,,,,,249,12,,,,,248.5,0.0
0,122900,VOLCANIC_ROCK_VOUCHER_10250,249.0,19.0,,,,,250,19,,,,,249.5,0.0
0,123000,VOLCANIC_ROCK_VOUCHER_10250,244.0,10.0,,,,,245,10,,,,,244.5,0.0
0,123100,VOLCANIC_ROCK_VOUCHER_10250,242.0,18.0,,,,,243,18,,,,,242.5,0.0
0,123200,VOLCANIC_ROCK_VOUCHER_10250,242.0,16.0,,,,,243,16,,,,,242.5,0.0
0,123300,VOLCANIC_ROCK_VOUCHER_10250,,,,,,,241,6,242.0,14.0,,,241.0,0.0
0,123400,VOLCANIC_ROCK_VOUCHER_10250,245.0,15.0,,,,,246,15,,,,,245.5,0.0
0,123500,VOLCANIC_ROCK_VOUCHER_10250,246.0,21.0,,,,,247,21,,,,,246.5,0.0
0,123600,VOLCANIC_ROCK_VOUCHER_10250,250.0,17.0,,,,,251,17,,,,,250.5,0.0
0,123700,VOLCANIC_ROCK_VOUCHER_10250,249.0,12.0,,,,,250,12,,,,,249.5,0.0
0,123800,VOLCANIC_ROCK_VOUCHER_10250,254.0,19.0,,,,,255,19,,,,,254.5,0.0
0,123900,VOLCANIC_ROCK_VOUCHER_10250,252.0,20.0,,,,,253,20,,,,,252.5,0.0
0,124000,VOLCANIC_ROCK_VOUCHER_10250,250.0,10.0,,,,,251,10,,,,,250.5,0.0
0,124100,VOLCANIC_ROCK_VOUCHER_10250,,,,,,,248,18,249.0,10.0,,,248.0,0.0
0,124200,VOLCANIC_ROCK_VOUCHER_10250,253.0,19.0,,,,,254,19,,,,,253.5,0.0
0,124300,VOLCANIC_ROCK_VOUCHER_10250,253.0,13.0,,,,,254,13,,,,,253.5,0.0
0,124400,VOLCANIC_ROCK_VOUCHER_10250,252.0,16.0,,,,,253,16,,,,,252.5,0.0
0,124500,VOLCANIC_ROCK_VOUCHER_10250,253.0,31.0,,,,,255,14,,,,,254.0,0.0
0,124600,VOLCANIC_ROCK_VOUCHER_10250,252.0,15.0,,,,,253,15,,,,,252.5,0.0
0,124700,VOLCANIC_ROCK_VOUCHER_10250,251.0,13.0,,,,,252,13,,,,,251.5,0.0
0,124800,VOLCANIC_ROCK_VOUCHER_10250,252.0,18.0,,,,,254,18,,,,,253.0,0.0
0,124900,VOLCANIC_ROCK_VOUCHER_10250,252.0,24.0,,,,,253,14,,,,,252.5,0.0
0,125000,VOLCANIC_ROCK_VOUCHER_10250,253.0,13.0,,,,,254,13,,,,,253.5,0.0
0,125100,VOLCANIC_ROCK_VOUCHER_10250,254.0,20.0,,,,,256,20,,,,,255.0,0.0
0,125200,VOLCANIC_ROCK_VOUCHER_10250,254.0,15.0,,,,,255,15,,,,,254.5,0.0
0,125300,VOLCANIC_ROCK_VOUCHER_10250,254.0,17.0,,,,,255,17,,,,,254.5,0.0
0,125400,VOLCANIC_ROCK_VOUCHER_10250,255.0,34.0,,,,,256,21,,,,,255.5,0.0
0,125500,VOLCANIC_ROCK_VOUCHER_10250,253.0,10.0,,,,,254,10,,,,,253.5,0.0
0,125600,VOLCANIC_ROCK_VOUCHER_10250,251.0,26.0,,,,,252,11,,,,,251.5,0.0
0,125700,VOLCANIC_ROCK_VOUCHER_10250,247.0,16.0,,,,,248,16,,,,,247.5,0.0
0,125800,VOLCANIC_ROCK_VOUCHER_10250,247.0,16.0,,,,,248,16,,,,,247.5,0.0
0,125900,VOLCANIC_ROCK_VOUCHER_10250,,,,,,,248,8,249.0,12.0,,,248.0,0.0
0,126000,VOLCANIC_ROCK_VOUCHER_10250,250.0,14.0,,,,,251,15,,,,,250.5,0.0
0,126100,VOLCANIC_ROCK_VOUCHER_10250,,,,,,,250,2,251.0,18.0,,,250.0,0.0
0,126200,VOLCANIC_ROCK_VOUCHER_10250,250.0,18.0,,,,,251,18,,,,,250.5,0.0
0,126300,VOLCANIC_ROCK_VOUCHER_10250,248.0,14.0,,,,,249,14,,,,,248.5,0.0
0,126400,VOLCANIC_ROCK_VOUCHER_10250,251.0,18.0,,,,,252,18,,,,,251.5,0.0
0,126500,VOLCANIC_ROCK_VOUCHER_10250,255.0,12.0,,,,,256,12,,,,,255.5,0.0
0,126600,VOLCANIC_ROCK_VOUCHER_10250,255.0,12.0,,,,,256,12,,,,,255.5,0.0
0,126700,VOLCANIC_ROCK_VOUCHER_10250,254.0,12.0,,,,,255,12,,,,,254.5,0.0
0,126800,VOLCANIC_ROCK_VOUCHER_10250,252.0,11.0,,,,,253,11,,,,,252.5,0.0
0,126900,VOLCANIC_ROCK_VOUCHER_10250,250.0,20.0,,,,,251,20,,,,,250.5,0.0
0,127000,VOLCANIC_ROCK_VOUCHER_10250,246.0,14.0,,,,,247,14,,,,,246.5,0.0
0,127100,VOLCANIC_ROCK_VOUCHER_10250,249.0,15.0,,,,,250,15,,,,,249.5,0.0
0,127200,VOLCANIC_ROCK_VOUCHER_10250,251.0,18.0,,,,,252,18,,,,,251.5,0.0
0,127300,VOLCANIC_ROCK_VOUCHER_10250,252.0,20.0,,,,,253,20,,,,,252.5,0.0
0,127400,VOLCANIC_ROCK_VOUCHER_10250,254.0,13.0,,,,,255,13,,,,,254.5,0.0
0,127500,VOLCANIC_ROCK_VOUCHER_10250,253.0,22.0,,,,,254,22,,,,,253.5,0.0
0,127600,VOLCANIC_ROCK_VOUCHER_10250,246.0,21.0,,,,,247,21,,,,,246.5,0.0
0,127700,VOLCANIC_ROCK_VOUCHER_10250,244.0,22.0,,,,,245,22,,,,,244.5,0.0
0,127800,VOLCANIC_ROCK_VOUCHER_10250,245.0,22.0,,,,,246,22,,,,,245.5,0.0
0,127900,VOLCANIC_ROCK_VOUCHER_10250,244.0,10.0,,,,,245,10,,,,,244.5,0.0
0,128000,VOLCANIC_ROCK_VOUCHER_10250,244.0,10.0,,,,,245,10,,,,,244.5,0.0
0,128100,VOLCANIC_ROCK_VOUCHER_10250,242.0,15.0,,,,,243,15,,,,,242.5,0.0
0,128200,VOLCANIC_ROCK_VOUCHER_10250,245.0,21.0,,,,,246,21,,,,,245.5,0.0
0,128300,VOLCANIC_ROCK_VOUCHER_10250,245.0,32.0,,,,,246,21,,,,,245.5,0.0
0,128400,VOLCANIC_ROCK_VOUCHER_10250,244.0,13.0,,,,,245,13,,,,,244.5,0.0
0,128500,VOLCANIC_ROCK_VOUCHER_10250,246.0,21.0,,,,,247,21,,,,,246.5,0.0
0,128600,VOLCANIC_ROCK_VOUCHER_10250,252.0,15.0,,,,,253,15,,,,,252.5,0.0
0,128700,VOLCANIC_ROCK_VOUCHER_10250,252.0,21.0,,,,,253,21,,,,,252.5,0.0
0,128800,VOLCANIC_ROCK_VOUCHER_10250,249.0,15.0,,,,,250,15,,,,,249.5,0.0
0,128900,VOLCANIC_ROCK_VOUCHER_10250,250.0,11.0,,,,,252,11,,,,,251.0,0.0
0,129000,VOLCANIC_ROCK_VOUCHER_10250,254.0,14.0,,,,,255,14,,,,,254.5,0.0
0,129100,VOLCANIC_ROCK_VOUCHER_10250,254.0,16.0,,,,,255,16,,,,,254.5,0.0
0,129200,VOLCANIC_ROCK_VOUCHER_10250,254.0,20.0,,,,,255,20,,,,,254.5,0.0
0,129300,VOLCANIC_ROCK_VOUCHER_10250,255.0,14.0,,,,,256,14,,,,,255.5,0.0
0,129400,VOLCANIC_ROCK_VOUCHER_10250,249.0,18.0,,,,,250,11,,,,,249.5,0.0
0,129500,VOLCANIC_ROCK_VOUCHER_10250,248.0,16.0,,,,,249,16,,,,,248.5,0.0
0,129600,VOLCANIC_ROCK_VOUCHER_10250,248.0,18.0,,,,,249,18,,,,,248.5,0.0
0,129700,VOLCANIC_ROCK_VOUCHER_10250,250.0,22.0,,,,,251,22,,,,,250.5,0.0
0,129800,VOLCANIC_ROCK_VOUCHER_10250,248.0,14.0,,,,,249,14,,,,,248.5,0.0
0,129900,VOLCANIC_ROCK_VOUCHER_10250,247.0,15.0,,,,,248,15,,,,,247.5,0.0
0,130000,VOLCANIC_ROCK_VOUCHER_10250,245.0,15.0,,,,,246,15,,,,,245.5,0.0
0,130100,VOLCANIC_ROCK_VOUCHER_10250,244.0,17.0,,,,,245,17,,,,,244.5,0.0
0,130200,VOLCANIC_ROCK_VOUCHER_10250,239.0,19.0,,,,,240,19,,,,,239.5,0.0
0,130300,VOLCANIC_ROCK_VOUCHER_10250,234.0,14.0,,,,,235,14,,,,,234.5,0.0
0,130400,VOLCANIC_ROCK_VOUCHER_10250,235.0,18.0,,,,,236,18,,,,,235.5,0.0
0,130500,VOLCANIC_ROCK_VOUCHER_10250,238.0,17.0,,,,,239,17,,,,,238.5,0.0
0,130600,VOLCANIC_ROCK_VOUCHER_10250,238.0,16.0,,,,,239,16,,,,,238.5,0.0
0,130700,VOLCANIC_ROCK_VOUCHER_10250,235.0,19.0,,,,,236,19,,,,,235.5,0.0
0,130800,VOLCANIC_ROCK_VOUCHER_10250,239.0,19.0,,,,,240,19,,,,,239.5,0.0
0,130900,VOLCANIC_ROCK_VOUCHER_10250,238.0,12.0,,,,,239,12,,,,,238.5,0.0
0,131000,VOLCANIC_ROCK_VOUCHER_10250,241.0,16.0,,,,,242,16,,,,,241.5,0.0
0,131100,VOLCANIC_ROCK_VOUCHER_10250,241.0,14.0,,,,,242,14,,,,,241.5,0.0
0,131200,VOLCANIC_ROCK_VOUCHER_10250,242.0,15.0,,,,,243,15,,,,,242.5,0.0
0,131300,VOLCANIC_ROCK_VOUCHER_10250,,,,,,,241,7,242.0,10.0,,,241.0,0.0
0,131400,VOLCANIC_ROCK_VOUCHER_10250,243.0,20.0,,,,,244,20,,,,,243.5,0.0
0,131500,VOLCANIC_ROCK_VOUCHER_10250,240.0,18.0,,,,,241,18,,,,,240.5,0.0
0,131600,VOLCANIC_ROCK_VOUCHER_10250,244.0,11.0,,,,,245,11,,,,,244.5,0.0
0,131700,VOLCANIC_ROCK_VOUCHER_10250,248.0,12.0,,,,,249,12,,,,,248.5,0.0
0,131800,VOLCANIC_ROCK_VOUCHER_10250,248.0,14.0,,,,,249,14,,,,,248.5,0.0
0,131900,VOLCANIC_ROCK_VOUCHER_10250,248.0,21.0,,,,,249,21,,,,,248.5,0.0
0,132000,VOLCANIC_ROCK_VOUCHER_10250,250.0,13.0,,,,,251,13,,,,,250.5,0.0
0,132100,VOLCANIC_ROCK_VOUCHER_10250,252.0,18.0,,,,,253,18,,,,,252.5,0.0
0,132200,VOLCANIC_ROCK_VOUCHER_10250,252.0,17.0,,,,,253,17,,,,,252.5,0.0
0,132300,VOLCANIC_ROCK_VOUCHER_10250,250.0,17.0,,,,,251,17,,,,,250.5,0.0
0,132400,VOLCANIC_ROCK_VOUCHER_10250,247.0,20.0,,,,,248,20,,,,,247.5,0.0
0,132500,VOLCANIC_ROCK_VOUCHER_10250,247.0,14.0,,,,,248,14,,,,,247.5,0.0
0,132600,VOLCANIC_ROCK_VOUCHER_10250,246.0,14.0,,,,,247,14,,,,,246.5,0.0
0,132700,VOLCANIC_ROCK_VOUCHER_10250,245.0,21.0,,,,,246,21,,,,,245.5,0.0
0,132800,VOLCANIC_ROCK_VOUCHER_10250,244.0,18.0,,,,,245,18,,,,,244.5,0.0
0,132900,VOLCANIC_ROCK_VOUCHER_10250,246.0,14.0,,,,,247,14,,,,,246.5,0.0
0,133000,VOLCANIC_ROCK_VOUCHER_10250,251.0,13.0,,,,,252,13,,,,,251.5,0.0
0,133100,VOLCANIC_ROCK_VOUCHER_10250,248.0,8.0,,,,,249,20,,,,,248.5,0.0
0,133200,VOLCANIC_ROCK_VOUCHER_10250,245.0,15.0,,,,,246,15,,,,,245.5,0.0
0,133300,VOLCANIC_ROCK_VOUCHER_10250,245.0,14.0,,,,,246,14,,,,,245.5,0.0
0,133400,VOLCANIC_ROCK_VOUCHER_10250,249.0,15.0,,,,,250,15,,,,,249.5,0.0
0,133500,VOLCANIC_ROCK_VOUCHER_10250,246.0,12.0,,,,,247,12,,,,,246.5,0.0
0,133600,VOLCANIC_ROCK_VOUCHER_10250,248.0,15.0,,,,,249,15,,,,,248.5,0.0
0,133700,VOLCANIC_ROCK_VOUCHER_10250,246.0,12.0,,,,,247,12,,,,,246.5,0.0
0,133800,VOLCANIC_ROCK_VOUCHER_10250,248.0,12.0,,,,,250,12,,,,,249.0,0.0
0,133900,VOLCANIC_ROCK_VOUCHER_10250,250.0,31.0,,,,,251,17,,,,,250.5,0.0
0,134000,VOLCANIC_ROCK_VOUCHER_10250,252.0,21.0,,,,,253,21,,,,,252.5,0.0
0,134100,VOLCANIC_ROCK_VOUCHER_10250,252.0,13.0,,,,,253,13,,,,,252.5,0.0
0,134200,VOLCANIC_ROCK_VOUCHER_10250,253.0,17.0,,,,,254,17,,,,,253.5,0.0
0,134300,VOLCANIC_ROCK_VOUCHER_10250,251.0,15.0,,,,,252,15,,,,,251.5,0.0
0,134400,VOLCANIC_ROCK_VOUCHER_10250,250.0,16.0,,,,,251,16,,,,,250.5,0.0
0,134500,VOLCANIC_ROCK_VOUCHER_10250,249.0,11.0,,,,,250,11,,,,,249.5,0.0
0,134600,VOLCANIC_ROCK_VOUCHER_10250,248.0,13.0,,,,,249,13,,,,,248.5,0.0
0,134700,VOLCANIC_ROCK_VOUCHER_10250,249.0,11.0,,,,,250,11,,,,,249.5,0.0
0,134800,VOLCANIC_ROCK_VOUCHER_10250,247.0,22.0,,,,,248,22,,,,,247.5,0.0
0,134900,VOLCANIC_ROCK_VOUCHER_10250,245.0,21.0,,,,,246,21,,,,,245.5,0.0
0,135000,VOLCANIC_ROCK_VOUCHER_10250,244.0,12.0,,,,,245,12,,,,,244.5,0.0
0,135100,VOLCANIC_ROCK_VOUCHER_10250,244.0,16.0,,,,,245,16,,,,,244.5,0.0
0,135200,VOLCANIC_ROCK_VOUCHER_10250,247.0,18.0,,,,,248,18,,,,,247.5,0.0
0,135300,VOLCANIC_ROCK_VOUCHER_10250,246.0,19.0,,,,,247,19,,,,,246.5,0.0
0,135400,VOLCANIC_ROCK_VOUCHER_10250,246.0,12.0,,,,,247,12,,,,,246.5,0.0
0,135500,VOLCANIC_ROCK_VOUCHER_10250,245.0,15.0,,,,,246,15,,,,,245.5,0.0
0,135600,VOLCANIC_ROCK_VOUCHER_10250,244.0,14.0,,,,,245,14,,,,,244.5,0.0
0,135700,VOLCANIC_ROCK_VOUCHER_10250,236.0,15.0,,,,,237,15,,,,,236.5,0.0
0,135800,VOLCANIC_ROCK_VOUCHER_10250,229.0,18.0,,,,,230,18,,,,,229.5,0.0
0,135900,VOLCANIC_ROCK_VOUCHER_10250,227.0,17.0,,,,,229,17,,,,,228.0,0.0
0,136000,VOLCANIC_ROCK_VOUCHER_10250,221.0,14.0,,,,,222,14,,,,,221.5,0.0
0,136100,VOLCANIC_ROCK_VOUCHER_10250,218.0,16.0,,,,,219,16,,,,,218.5,0.0
0,136200,VOLCANIC_ROCK_VOUCHER_10250,222.0,10.0,,,,,223,10,,,,,222.5,0.0
0,136300,VOLCANIC_ROCK_VOUCHER_10250,224.0,11.0,,,,,225,11,,,,,224.5,0.0
0,136400,VOLCANIC_ROCK_VOUCHER_10250,225.0,18.0,,,,,227,18,,,,,226.0,0.0
0,136500,VOLCANIC_ROCK_VOUCHER_10250,228.0,19.0,,,,,229,19,,,,,228.5,0.0
0,136600,VOLCANIC_ROCK_VOUCHER_10250,230.0,11.0,,,,,231,11,,,,,230.5,0.0
0,136700,VOLCANIC_ROCK_VOUCHER_10250,232.0,12.0,,,,,233,12,,,,,232.5,0.0
0,136800,VOLCANIC_ROCK_VOUCHER_10250,237.0,10.0,,,,,238,10,,,,,237.5,0.0
0,136900,VOLCANIC_ROCK_VOUCHER_10250,233.0,20.0,,,,,234,20,,,,,233.5,0.0
0,137000,VOLCANIC_ROCK_VOUCHER_10250,232.0,15.0,,,,,233,15,,,,,232.5,0.0
0,137100,VOLCANIC_ROCK_VOUCHER_10250,234.0,4.0,,,,,235,15,,,,,234.5,0.0
0,137200,VOLCANIC_ROCK_VOUCHER_10250,235.0,20.0,,,,,236,20,,,,,235.5,0.0
0,137300,VOLCANIC_ROCK_VOUCHER_10250,232.0,14.0,,,,,233,14,,,,,232.5,0.0
0,137400,VOLCANIC_ROCK_VOUCHER_10250,230.0,11.0,,,,,231,11,,,,,230.5,0.0
0,137500,VOLCANIC_ROCK_VOUCHER_10250,231.0,19.0,,,,,232,19,,,,,231.5,0.0
0,137600,VOLCANIC_ROCK_VOUCHER_10250,231.0,11.0,,,,,232,11,,,,,231.5,0.0
0,137700,VOLCANIC_ROCK_VOUCHER_10250,232.0,21.0,,,,,233,21,,,,,232.5,0.0
0,137800,VOLCANIC_ROCK_VOUCHER_10250,224.0,22.0,,,,,225,22,,,,,224.5,0.0
0,137900,VOLCANIC_ROCK_VOUCHER_10250,221.0,15.0,,,,,222,15,,,,,221.5,0.0
0,138000,VOLCANIC_ROCK_VOUCHER_10250,216.0,18.0,,,,,217,18,,,,,216.5,0.0
0,138100,VOLCANIC_ROCK_VOUCHER_10250,207.0,21.0,,,,,209,21,,,,,208.0,0.0
