day,timestamp,product,bid_price_1,bid_volume_1,bid_price_2,bid_volume_2,bid_price_3,bid_volume_3,ask_price_1,ask_volume_1,ask_price_2,ask_volume_2,ask_price_3,ask_volume_3,mid_price,profit_and_loss
2,0,VOLCANIC_ROCK_VOUCHER_9750,469.0,11.0,,,,,470,11,,,,,469.5,0.0
2,100,VOLCANIC_ROCK_VOUCHER_9750,468.0,19.0,,,,,470,19,,,,,469.0,0.0
2,200,VOLCANIC_ROCK_VOUCHER_9750,473.0,15.0,,,,,474,15,,,,,473.5,0.0
2,300,VOLCANIC_ROCK_VOUCHER_9750,474.0,16.0,,,,,475,16,,,,,474.5,0.0
2,400,VOLCANIC_ROCK_VOUCHER_9750,468.0,16.0,,,,,469,16,,,,,468.5,0.0
2,500,VOLCANIC_ROCK_VOUCHER_9750,468.0,14.0,,,,,469,14,,,,,468.5,0.0
2,600,VOLCANIC_ROCK_VOUCHER_9750,466.0,26.0,,,,,467,14,,,,,466.5,0.0
2,700,VOLCANIC_ROCK_VOUCHER_9750,470.0,12.0,,,,,471,12,,,,,470.5,0.0
2,800,VOLCANIC_ROCK_VOUCHER_9750,472.0,11.0,,,,,473,11,,,,,472.5,0.0
2,900,VOLCANIC_ROCK_VOUCHER_9750,469.0,14.0,,,,,470,14,,,,,469.5,0.0
2,1000,VOLCANIC_ROCK_VOUCHER_9750,468.0,20.0,,,,,469,20,,,,,468.5,0.0
2,1100,VOLCANIC_ROCK_VOUCHER_9750,468.0,21.0,,,,,469,21,,,,,468.5,0.0
2,1200,VOLCANIC_ROCK_VOUCHER_9750,467.0,13.0,,,,,468,13,,,,,467.5,0.0
2,1300,VOLCANIC_ROCK_VOUCHER_9750,469.0,10.0,,,,,470,10,,,,,469.5,0.0
2,1400,VOLCANIC_ROCK_VOUCHER_9750,469.0,18.0,,,,,470,18,,,,,469.5,0.0
2,1500,VOLCANIC_ROCK_VOUCHER_9750,469.0,18.0,,,,,470,18,,,,,469.5,0.0
2,1600,VOLCANIC_ROCK_VOUCHER_9750,471.0,13.0,,,,,472,13,,,,,471.5,0.0
2,1700,VOLCANIC_ROCK_VOUCHER_9750,468.0,29.0,,,,,469,18,,,,,468.5,0.0
2,1800,VOLCANIC_ROCK_VOUCHER_9750,470.0,17.0,,,,,471,17,,,,,470.5,0.0
2,1900,VOLCANIC_ROCK_VOUCHER_9750,476.0,13.0,,,,,477,13,,,,,476.5,0.0
2,2000,VOLCANIC_ROCK_VOUCHER_9750,474.0,11.0,,,,,475,11,,,,,474.5,0.0
2,2100,VOLCANIC_ROCK_VOUCHER_9750,475.0,16.0,,,,,476,16,,,,,475.5,0.0
2,2200,VOLCANIC_ROCK_VOUCHER_9750,476.0,14.0,,,,,477,14,,,,,476.5,0.0
2,2300,VOLCANIC_ROCK_VOUCHER_9750,474.0,31.0,,,,,475,19,,,,,474.5,0.0
2,2400,VOLCANIC_ROCK_VOUCHER_9750,470.0,17.0,,,,,471,17,,,,,470.5,0.0
2,2500,VOLCANIC_ROCK_VOUCHER_9750,473.0,11.0,,,,,474,11,,,,,473.5,0.0
2,2600,VOLCANIC_ROCK_VOUCHER_9750,472.0,11.0,,,,,473,11,,,,,472.5,0.0
2,2700,VOLCANIC_ROCK_VOUCHER_9750,471.0,13.0,,,,,473,13,,,,,472.0,0.0
2,2800,VOLCANIC_ROCK_VOUCHER_9750,472.0,12.0,,,,,473,12,,,,,472.5,0.0
2,2900,VOLCANIC_ROCK_VOUCHER_9750,474.0,17.0,,,,,475,17,,,,,474.5,0.0
2,3000,VOLCANIC_ROCK_VOUCHER_9750,479.0,12.0,,,,,480,12,,,,,479.5,0.0
2,3100,VOLCANIC_ROCK_VOUCHER_9750,477.0,18.0,,,,,479,18,,,,,478.0,0.0
2,3200,VOLCANIC_ROCK_VOUCHER_9750,474.0,13.0,,,,,475,13,,,,,474.5,0.0
2,3300,VOLCANIC_ROCK_VOUCHER_9750,475.0,14.0,,,,,476,14,,,,,475.5,0.0
2,3400,VOLCANIC_ROCK_VOUCHER_9750,471.0,20.0,,,,,472,20,,,,,471.5,0.0
2,3500,VOLCANIC_ROCK_VOUCHER_9750,,,,,,,473,4,474.0,16.0,,,473.0,0.0
2,3600,VOLCANIC_ROCK_VOUCHER_9750,472.0,15.0,,,,,473,15,,,,,472.5,0.0
2,3700,VOLCANIC_ROCK_VOUCHER_9750,472.0,17.0,,,,,473,17,,,,,472.5,0.0
2,3800,VOLCANIC_ROCK_VOUCHER_9750,469.0,12.0,,,,,470,12,,,,,469.5,0.0
2,3900,VOLCANIC_ROCK_VOUCHER_9750,469.0,13.0,,,,,470,13,,,,,469.5,0.0
2,4000,VOLCANIC_ROCK_VOUCHER_9750,469.0,33.0,,,,,470,18,,,,,469.5,0.0
2,4100,VOLCANIC_ROCK_VOUCHER_9750,468.0,19.0,,,,,469,12,,,,,468.5,0.0
2,4200,VOLCANIC_ROCK_VOUCHER_9750,465.0,15.0,,,,,466,22,,,,,465.5,0.0
2,4300,VOLCANIC_ROCK_VOUCHER_9750,465.0,19.0,,,,,466,19,,,,,465.5,0.0
2,4400,VOLCANIC_ROCK_VOUCHER_9750,467.0,16.0,,,,,468,16,,,,,467.5,0.0
2,4500,VOLCANIC_ROCK_VOUCHER_9750,467.0,11.0,,,,,468,11,,,,,467.5,0.0
2,4600,VOLCANIC_ROCK_VOUCHER_9750,466.0,13.0,,,,,467,13,,,,,466.5,0.0
2,4700,VOLCANIC_ROCK_VOUCHER_9750,465.0,19.0,,,,,466,19,,,,,465.5,0.0
2,4800,VOLCANIC_ROCK_VOUCHER_9750,467.0,1.0,466.0,17.0,,,468,18,,,,,467.5,0.0
2,4900,VOLCANIC_ROCK_VOUCHER_9750,466.0,17.0,,,,,467,17,,,,,466.5,0.0
2,5000,VOLCANIC_ROCK_VOUCHER_9750,466.0,18.0,,,,,468,18,,,,,467.0,0.0
2,5100,VOLCANIC_ROCK_VOUCHER_9750,467.0,1.0,466.0,13.0,,,468,14,,,,,467.5,0.0
2,5200,VOLCANIC_ROCK_VOUCHER_9750,468.0,14.0,,,,,469,14,,,,,468.5,0.0
2,5300,VOLCANIC_ROCK_VOUCHER_9750,469.0,12.0,,,,,470,12,,,,,469.5,0.0
2,5400,VOLCANIC_ROCK_VOUCHER_9750,471.0,15.0,,,,,472,15,,,,,471.5,0.0
2,5500,VOLCANIC_ROCK_VOUCHER_9750,472.0,19.0,,,,,473,19,,,,,472.5,0.0
2,5600,VOLCANIC_ROCK_VOUCHER_9750,473.0,17.0,,,,,474,17,,,,,473.5,0.0
2,5700,VOLCANIC_ROCK_VOUCHER_9750,473.0,20.0,,,,,474,20,,,,,473.5,0.0
2,5800,VOLCANIC_ROCK_VOUCHER_9750,472.0,17.0,,,,,473,17,,,,,472.5,0.0
2,5900,VOLCANIC_ROCK_VOUCHER_9750,474.0,16.0,,,,,475,16,,,,,474.5,0.0
2,6000,VOLCANIC_ROCK_VOUCHER_9750,476.0,20.0,,,,,477,20,,,,,476.5,0.0
2,6100,VOLCANIC_ROCK_VOUCHER_9750,475.0,14.0,,,,,476,14,,,,,475.5,0.0
2,6200,VOLCANIC_ROCK_VOUCHER_9750,477.0,30.0,,,,,478,15,,,,,477.5,0.0
2,6300,VOLCANIC_ROCK_VOUCHER_9750,478.0,15.0,,,,,479,15,,,,,478.5,0.0
2,6400,VOLCANIC_ROCK_VOUCHER_9750,477.0,20.0,,,,,478,20,,,,,477.5,0.0
2,6500,VOLCANIC_ROCK_VOUCHER_9750,480.0,15.0,,,,,481,15,,,,,480.5,0.0
2,6600,VOLCANIC_ROCK_VOUCHER_9750,479.0,13.0,,,,,480,13,,,,,479.5,0.0
2,6700,VOLCANIC_ROCK_VOUCHER_9750,478.0,14.0,,,,,479,14,,,,,478.5,0.0
2,6800,VOLCANIC_ROCK_VOUCHER_9750,477.0,16.0,,,,,478,16,,,,,477.5,0.0
2,6900,VOLCANIC_ROCK_VOUCHER_9750,476.0,16.0,,,,,477,16,,,,,476.5,0.0
2,7000,VOLCANIC_ROCK_VOUCHER_9750,476.0,17.0,,,,,477,17,,,,,476.5,0.0
2,7100,VOLCANIC_ROCK_VOUCHER_9750,477.0,27.0,,,,,478,20,,,,,477.5,0.0
2,7200,VOLCANIC_ROCK_VOUCHER_9750,479.0,21.0,,,,,480,10,,,,,479.5,0.0
2,7300,VOLCANIC_ROCK_VOUCHER_9750,480.0,16.0,,,,,481,16,,,,,480.5,0.0
2,7400,VOLCANIC_ROCK_VOUCHER_9750,478.0,12.0,,,,,479,12,,,,,478.5,0.0
2,7500,VOLCANIC_ROCK_VOUCHER_9750,480.0,11.0,,,,,481,11,,,,,480.5,0.0
2,7600,VOLCANIC_ROCK_VOUCHER_9750,478.0,2.0,,,,,479,15,,,,,478.5,0.0
2,7700,VOLCANIC_ROCK_VOUCHER_9750,480.0,12.0,,,,,481,12,,,,,480.5,0.0
2,7800,VOLCANIC_ROCK_VOUCHER_9750,479.0,11.0,,,,,480,11,,,,,479.5,0.0
2,7900,VOLCANIC_ROCK_VOUCHER_9750,482.0,13.0,,,,,483,13,,,,,482.5,0.0
2,8000,VOLCANIC_ROCK_VOUCHER_9750,482.0,17.0,,,,,483,17,,,,,482.5,0.0
2,8100,VOLCANIC_ROCK_VOUCHER_9750,482.0,12.0,,,,,483,12,,,,,482.5,0.0
2,8200,VOLCANIC_ROCK_VOUCHER_9750,483.0,14.0,,,,,484,14,,,,,483.5,0.0
2,8300,VOLCANIC_ROCK_VOUCHER_9750,482.0,21.0,,,,,483,15,,,,,482.5,0.0
2,8400,VOLCANIC_ROCK_VOUCHER_9750,481.0,15.0,,,,,482,15,,,,,481.5,0.0
2,8500,VOLCANIC_ROCK_VOUCHER_9750,483.0,11.0,,,,,484,11,,,,,483.5,0.0
2,8600,VOLCANIC_ROCK_VOUCHER_9750,480.0,15.0,,,,,481,15,,,,,480.5,0.0
2,8700,VOLCANIC_ROCK_VOUCHER_9750,479.0,14.0,,,,,480,14,,,,,479.5,0.0
2,8800,VOLCANIC_ROCK_VOUCHER_9750,479.0,16.0,,,,,480,16,,,,,479.5,0.0
2,8900,VOLCANIC_ROCK_VOUCHER_9750,479.0,14.0,,,,,480,14,,,,,479.5,0.0
2,9000,VOLCANIC_ROCK_VOUCHER_9750,479.0,20.0,,,,,480,20,,,,,479.5,0.0
2,9100,VOLCANIC_ROCK_VOUCHER_9750,480.0,14.0,,,,,481,14,,,,,480.5,0.0
2,9200,VOLCANIC_ROCK_VOUCHER_9750,478.0,17.0,,,,,479,17,,,,,478.5,0.0
2,9300,VOLCANIC_ROCK_VOUCHER_9750,477.0,14.0,,,,,478,14,,,,,477.5,0.0
2,9400,VOLCANIC_ROCK_VOUCHER_9750,,,,,,,474,4,475.0,10.0,,,474.0,0.0
2,9500,VOLCANIC_ROCK_VOUCHER_9750,475.0,14.0,,,,,476,14,,,,,475.5,0.0
2,9600,VOLCANIC_ROCK_VOUCHER_9750,473.0,12.0,,,,,474,12,,,,,473.5,0.0
2,9700,VOLCANIC_ROCK_VOUCHER_9750,477.0,20.0,,,,,478,20,,,,,477.5,0.0
2,9800,VOLCANIC_ROCK_VOUCHER_9750,473.0,11.0,,,,,475,11,,,,,474.0,0.0
2,9900,VOLCANIC_ROCK_VOUCHER_9750,475.0,22.0,,,,,476,22,,,,,475.5,0.0
2,10000,VOLCANIC_ROCK_VOUCHER_9750,475.0,14.0,,,,,476,14,,,,,475.5,0.0
2,10100,VOLCANIC_ROCK_VOUCHER_9750,474.0,12.0,,,,,475,12,,,,,474.5,0.0
2,10200,VOLCANIC_ROCK_VOUCHER_9750,474.0,22.0,,,,,475,22,,,,,474.5,0.0
2,10300,VOLCANIC_ROCK_VOUCHER_9750,469.0,18.0,,,,,471,18,,,,,470.0,0.0
2,10400,VOLCANIC_ROCK_VOUCHER_9750,470.0,18.0,,,,,471,18,,,,,470.5,0.0
2,10500,VOLCANIC_ROCK_VOUCHER_9750,465.0,20.0,,,,,466,20,,,,,465.5,0.0
2,10600,VOLCANIC_ROCK_VOUCHER_9750,465.0,20.0,,,,,466,20,,,,,465.5,0.0
2,10700,VOLCANIC_ROCK_VOUCHER_9750,466.0,13.0,,,,,467,13,,,,,466.5,0.0
2,10800,VOLCANIC_ROCK_VOUCHER_9750,465.0,20.0,,,,,466,20,,,,,465.5,0.0
2,10900,VOLCANIC_ROCK_VOUCHER_9750,465.0,14.0,,,,,466,14,,,,,465.5,0.0
2,11000,VOLCANIC_ROCK_VOUCHER_9750,465.0,11.0,,,,,466,11,,,,,465.5,0.0
2,11100,VOLCANIC_ROCK_VOUCHER_9750,465.0,16.0,,,,,467,16,,,,,466.0,0.0
2,11200,VOLCANIC_ROCK_VOUCHER_9750,466.0,21.0,,,,,467,21,,,,,466.5,0.0
2,11300,VOLCANIC_ROCK_VOUCHER_9750,463.0,13.0,,,,,464,13,,,,,463.5,0.0
2,11400,VOLCANIC_ROCK_VOUCHER_9750,462.0,12.0,,,,,463,12,,,,,462.5,0.0
2,11500,VOLCANIC_ROCK_VOUCHER_9750,461.0,33.0,,,,,462,16,,,,,461.5,0.0
2,11600,VOLCANIC_ROCK_VOUCHER_9750,460.0,18.0,,,,,461,18,,,,,460.5,0.0
2,11700,VOLCANIC_ROCK_VOUCHER_9750,458.0,16.0,,,,,459,16,,,,,458.5,0.0
2,11800,VOLCANIC_ROCK_VOUCHER_9750,459.0,13.0,,,,,460,13,,,,,459.5,0.0
2,11900,VOLCANIC_ROCK_VOUCHER_9750,462.0,13.0,,,,,463,13,,,,,462.5,0.0
2,12000,VOLCANIC_ROCK_VOUCHER_9750,463.0,13.0,,,,,464,13,,,,,463.5,0.0
2,12100,VOLCANIC_ROCK_VOUCHER_9750,457.0,11.0,,,,,458,11,,,,,457.5,0.0
2,12200,VOLCANIC_ROCK_VOUCHER_9750,457.0,13.0,,,,,458,13,,,,,457.5,0.0
2,12300,VOLCANIC_ROCK_VOUCHER_9750,453.0,12.0,,,,,454,12,,,,,453.5,0.0
2,12400,VOLCANIC_ROCK_VOUCHER_9750,451.0,21.0,,,,,452,1,453.0,20.0,,,451.5,0.0
2,12500,VOLCANIC_ROCK_VOUCHER_9750,451.0,2.0,,,,,452,20,,,,,451.5,0.0
2,12600,VOLCANIC_ROCK_VOUCHER_9750,450.0,12.0,,,,,452,12,,,,,451.0,0.0
2,12700,VOLCANIC_ROCK_VOUCHER_9750,452.0,15.0,,,,,453,15,,,,,452.5,0.0
2,12800,VOLCANIC_ROCK_VOUCHER_9750,454.0,20.0,,,,,455,20,,,,,454.5,0.0
2,12900,VOLCANIC_ROCK_VOUCHER_9750,455.0,20.0,,,,,456,20,,,,,455.5,0.0
2,13000,VOLCANIC_ROCK_VOUCHER_9750,454.0,26.0,,,,,455,19,,,,,454.5,0.0
2,13100,VOLCANIC_ROCK_VOUCHER_9750,455.0,15.0,,,,,456,15,,,,,455.5,0.0
2,13200,VOLCANIC_ROCK_VOUCHER_9750,451.0,18.0,,,,,453,18,,,,,452.0,0.0
2,13300,VOLCANIC_ROCK_VOUCHER_9750,452.0,21.0,,,,,453,21,,,,,452.5,0.0
2,13400,VOLCANIC_ROCK_VOUCHER_9750,452.0,20.0,,,,,453,20,,,,,452.5,0.0
2,13500,VOLCANIC_ROCK_VOUCHER_9750,451.0,21.0,,,,,452,21,,,,,451.5,0.0
2,13600,VOLCANIC_ROCK_VOUCHER_9750,453.0,13.0,,,,,454,13,,,,,453.5,0.0
2,13700,VOLCANIC_ROCK_VOUCHER_9750,451.0,21.0,,,,,452,21,,,,,451.5,0.0
2,13800,VOLCANIC_ROCK_VOUCHER_9750,450.0,15.0,,,,,452,15,,,,,451.0,0.0
2,13900,VOLCANIC_ROCK_VOUCHER_9750,452.0,21.0,,,,,453,21,,,,,452.5,0.0
2,14000,VOLCANIC_ROCK_VOUCHER_9750,449.0,16.0,,,,,450,16,,,,,449.5,0.0
2,14100,VOLCANIC_ROCK_VOUCHER_9750,445.0,14.0,,,,,446,14,,,,,445.5,0.0
2,14200,VOLCANIC_ROCK_VOUCHER_9750,444.0,16.0,,,,,446,16,,,,,445.0,0.0
2,14300,VOLCANIC_ROCK_VOUCHER_9750,444.0,14.0,,,,,445,14,,,,,444.5,0.0
2,14400,VOLCANIC_ROCK_VOUCHER_9750,442.0,19.0,,,,,443,19,,,,,442.5,0.0
2,14500,VOLCANIC_ROCK_VOUCHER_9750,443.0,15.0,,,,,444,15,,,,,443.5,0.0
2,14600,VOLCANIC_ROCK_VOUCHER_9750,444.0,13.0,,,,,445,13,,,,,444.5,0.0
2,14700,VOLCANIC_ROCK_VOUCHER_9750,446.0,13.0,,,,,447,13,,,,,446.5,0.0
2,14800,VOLCANIC_ROCK_VOUCHER_9750,447.0,16.0,,,,,448,16,,,,,447.5,0.0
2,14900,VOLCANIC_ROCK_VOUCHER_9750,446.0,21.0,,,,,447,21,,,,,446.5,0.0
2,15000,VOLCANIC_ROCK_VOUCHER_9750,,,,,,,449,2,450.0,17.0,,,449.0,0.0
2,15100,VOLCANIC_ROCK_VOUCHER_9750,448.0,16.0,,,,,449,16,,,,,448.5,0.0
2,15200,VOLCANIC_ROCK_VOUCHER_9750,446.0,14.0,,,,,447,14,,,,,446.5,0.0
2,15300,VOLCANIC_ROCK_VOUCHER_9750,446.0,19.0,,,,,447,19,,,,,446.5,0.0
2,15400,VOLCANIC_ROCK_VOUCHER_9750,443.0,20.0,,,,,444,20,,,,,443.5,0.0
2,15500,VOLCANIC_ROCK_VOUCHER_9750,444.0,17.0,,,,,445,17,,,,,444.5,0.0
2,15600,VOLCANIC_ROCK_VOUCHER_9750,443.0,20.0,,,,,444,20,,,,,443.5,0.0
2,15700,VOLCANIC_ROCK_VOUCHER_9750,442.0,11.0,,,,,443,11,,,,,442.5,0.0
2,15800,VOLCANIC_ROCK_VOUCHER_9750,442.0,20.0,,,,,443,20,,,,,442.5,0.0
2,15900,VOLCANIC_ROCK_VOUCHER_9750,443.0,13.0,,,,,444,13,,,,,443.5,0.0
2,16000,VOLCANIC_ROCK_VOUCHER_9750,444.0,16.0,,,,,445,16,,,,,444.5,0.0
2,16100,VOLCANIC_ROCK_VOUCHER_9750,444.0,13.0,,,,,445,13,,,,,444.5,0.0
2,16200,VOLCANIC_ROCK_VOUCHER_9750,441.0,12.0,,,,,442,12,,,,,441.5,0.0
2,16300,VOLCANIC_ROCK_VOUCHER_9750,444.0,21.0,,,,,445,21,,,,,444.5,0.0
2,16400,VOLCANIC_ROCK_VOUCHER_9750,443.0,20.0,,,,,444,20,,,,,443.5,0.0
2,16500,VOLCANIC_ROCK_VOUCHER_9750,444.0,16.0,,,,,445,16,,,,,444.5,0.0
2,16600,VOLCANIC_ROCK_VOUCHER_9750,442.0,12.0,,,,,443,12,,,,,442.5,0.0
2,16700,VOLCANIC_ROCK_VOUCHER_9750,442.0,15.0,,,,,443,15,,,,,442.5,0.0
2,16800,VOLCANIC_ROCK_VOUCHER_9750,444.0,13.0,,,,,445,13,,,,,444.5,0.0
2,16900,VOLCANIC_ROCK_VOUCHER_9750,445.0,19.0,,,,,446,19,,,,,445.5,0.0
2,17000,VOLCANIC_ROCK_VOUCHER_9750,447.0,14.0,,,,,448,14,,,,,447.5,0.0
2,17100,VOLCANIC_ROCK_VOUCHER_9750,446.0,21.0,,,,,447,21,,,,,446.5,0.0
2,17200,VOLCANIC_ROCK_VOUCHER_9750,445.0,21.0,,,,,446,21,,,,,445.5,0.0
2,17300,VOLCANIC_ROCK_VOUCHER_9750,446.0,4.0,,,,,447,13,,,,,446.5,0.0
2,17400,VOLCANIC_ROCK_VOUCHER_9750,446.0,11.0,,,,,447,11,,,,,446.5,0.0
2,17500,VOLCANIC_ROCK_VOUCHER_9750,450.0,16.0,,,,,451,16,,,,,450.5,0.0
2,17600,VOLCANIC_ROCK_VOUCHER_9750,452.0,16.0,,,,,453,16,,,,,452.5,0.0
2,17700,VOLCANIC_ROCK_VOUCHER_9750,452.0,16.0,,,,,453,16,,,,,452.5,0.0
2,17800,VOLCANIC_ROCK_VOUCHER_9750,450.0,13.0,,,,,451,13,,,,,450.5,0.0
2,17900,VOLCANIC_ROCK_VOUCHER_9750,449.0,4.0,,,,,450,18,,,,,449.5,0.0
2,18000,VOLCANIC_ROCK_VOUCHER_9750,450.0,12.0,,,,,451,12,,,,,450.5,0.0
2,18100,VOLCANIC_ROCK_VOUCHER_9750,453.0,21.0,,,,,454,21,,,,,453.5,0.0
2,18200,VOLCANIC_ROCK_VOUCHER_9750,455.0,15.0,,,,,456,15,,,,,455.5,0.0
2,18300,VOLCANIC_ROCK_VOUCHER_9750,452.0,22.0,,,,,453,22,,,,,452.5,0.0
2,18400,VOLCANIC_ROCK_VOUCHER_9750,449.0,19.0,,,,,450,19,,,,,449.5,0.0
2,18500,VOLCANIC_ROCK_VOUCHER_9750,450.0,15.0,,,,,451,15,,,,,450.5,0.0
2,18600,VOLCANIC_ROCK_VOUCHER_9750,448.0,2.0,447.0,18.0,,,449,20,,,,,448.5,0.0
2,18700,VOLCANIC_ROCK_VOUCHER_9750,449.0,11.0,,,,,450,11,,,,,449.5,0.0
2,18800,VOLCANIC_ROCK_VOUCHER_9750,454.0,37.0,,,,,455,17,,,,,454.5,0.0
2,18900,VOLCANIC_ROCK_VOUCHER_9750,452.0,19.0,,,,,454,19,,,,,453.0,0.0
2,19000,VOLCANIC_ROCK_VOUCHER_9750,453.0,19.0,,,,,454,19,,,,,453.5,0.0
2,19100,VOLCANIC_ROCK_VOUCHER_9750,452.0,18.0,,,,,453,18,,,,,452.5,0.0
2,19200,VOLCANIC_ROCK_VOUCHER_9750,452.0,17.0,,,,,453,17,,,,,452.5,0.0
2,19300,VOLCANIC_ROCK_VOUCHER_9750,450.0,22.0,,,,,451,22,,,,,450.5,0.0
2,19400,VOLCANIC_ROCK_VOUCHER_9750,452.0,3.0,,,,,453,20,,,,,452.5,0.0
2,19500,VOLCANIC_ROCK_VOUCHER_9750,454.0,15.0,,,,,455,15,,,,,454.5,0.0
2,19600,VOLCANIC_ROCK_VOUCHER_9750,454.0,19.0,,,,,455,19,,,,,454.5,0.0
2,19700,VOLCANIC_ROCK_VOUCHER_9750,453.0,19.0,,,,,454,19,,,,,453.5,0.0
2,19800,VOLCANIC_ROCK_VOUCHER_9750,455.0,16.0,,,,,456,16,,,,,455.5,0.0
2,19900,VOLCANIC_ROCK_VOUCHER_9750,455.0,20.0,,,,,456,20,,,,,455.5,0.0
2,20000,VOLCANIC_ROCK_VOUCHER_9750,455.0,18.0,,,,,456,18,,,,,455.5,0.0
2,20100,VOLCANIC_ROCK_VOUCHER_9750,454.0,13.0,,,,,455,13,,,,,454.5,0.0
2,20200,VOLCANIC_ROCK_VOUCHER_9750,454.0,10.0,,,,,455,10,,,,,454.5,0.0
2,20300,VOLCANIC_ROCK_VOUCHER_9750,453.0,19.0,,,,,454,19,,,,,453.5,0.0
2,20400,VOLCANIC_ROCK_VOUCHER_9750,451.0,19.0,,,,,453,19,,,,,452.0,0.0
2,20500,VOLCANIC_ROCK_VOUCHER_9750,454.0,20.0,,,,,456,20,,,,,455.0,0.0
2,20600,VOLCANIC_ROCK_VOUCHER_9750,454.0,18.0,,,,,455,18,,,,,454.5,0.0
2,20700,VOLCANIC_ROCK_VOUCHER_9750,453.0,14.0,,,,,454,14,,,,,453.5,0.0
2,20800,VOLCANIC_ROCK_VOUCHER_9750,453.0,19.0,,,,,454,19,,,,,453.5,0.0
2,20900,VOLCANIC_ROCK_VOUCHER_9750,453.0,20.0,,,,,454,20,,,,,453.5,0.0
2,21000,VOLCANIC_ROCK_VOUCHER_9750,452.0,3.0,,,,,453,15,,,,,452.5,0.0
2,21100,VOLCANIC_ROCK_VOUCHER_9750,454.0,21.0,,,,,455,21,,,,,454.5,0.0
2,21200,VOLCANIC_ROCK_VOUCHER_9750,457.0,19.0,,,,,459,19,,,,,458.0,0.0
2,21300,VOLCANIC_ROCK_VOUCHER_9750,457.0,3.0,,,,,458,17,,,,,457.5,0.0
2,21400,VOLCANIC_ROCK_VOUCHER_9750,455.0,22.0,,,,,456,22,,,,,455.5,0.0
2,21500,VOLCANIC_ROCK_VOUCHER_9750,460.0,20.0,,,,,461,20,,,,,460.5,0.0
2,21600,VOLCANIC_ROCK_VOUCHER_9750,460.0,15.0,,,,,461,15,,,,,460.5,0.0
2,21700,VOLCANIC_ROCK_VOUCHER_9750,459.0,18.0,,,,,460,18,,,,,459.5,0.0
2,21800,VOLCANIC_ROCK_VOUCHER_9750,458.0,18.0,,,,,459,18,,,,,458.5,0.0
2,21900,VOLCANIC_ROCK_VOUCHER_9750,459.0,18.0,,,,,460,18,,,,,459.5,0.0
2,22000,VOLCANIC_ROCK_VOUCHER_9750,464.0,15.0,,,,,466,15,,,,,465.0,0.0
2,22100,VOLCANIC_ROCK_VOUCHER_9750,465.0,15.0,,,,,466,15,,,,,465.5,0.0
2,22200,VOLCANIC_ROCK_VOUCHER_9750,463.0,16.0,462.0,12.0,,,464,12,,,,,463.5,0.0
2,22300,VOLCANIC_ROCK_VOUCHER_9750,464.0,10.0,,,,,465,10,,,,,464.5,0.0
2,22400,VOLCANIC_ROCK_VOUCHER_9750,463.0,13.0,,,,,464,13,,,,,463.5,0.0
2,22500,VOLCANIC_ROCK_VOUCHER_9750,464.0,25.0,,,,,465,12,,,,,464.5,0.0
2,22600,VOLCANIC_ROCK_VOUCHER_9750,462.0,15.0,,,,,463,15,,,,,462.5,0.0
2,22700,VOLCANIC_ROCK_VOUCHER_9750,461.0,15.0,,,,,462,15,,,,,461.5,0.0
2,22800,VOLCANIC_ROCK_VOUCHER_9750,460.0,1.0,,,,,461,19,,,,,460.5,0.0
2,22900,VOLCANIC_ROCK_VOUCHER_9750,462.0,16.0,,,,,463,16,,,,,462.5,0.0
2,23000,VOLCANIC_ROCK_VOUCHER_9750,461.0,17.0,,,,,462,17,,,,,461.5,0.0
2,23100,VOLCANIC_ROCK_VOUCHER_9750,461.0,18.0,,,,,462,18,,,,,461.5,0.0
2,23200,VOLCANIC_ROCK_VOUCHER_9750,460.0,22.0,,,,,461,22,,,,,460.5,0.0
2,23300,VOLCANIC_ROCK_VOUCHER_9750,461.0,16.0,,,,,462,16,,,,,461.5,0.0
2,23400,VOLCANIC_ROCK_VOUCHER_9750,460.0,15.0,,,,,461,15,,,,,460.5,0.0
2,23500,VOLCANIC_ROCK_VOUCHER_9750,458.0,15.0,,,,,459,15,,,,,458.5,0.0
2,23600,VOLCANIC_ROCK_VOUCHER_9750,459.0,20.0,,,,,460,20,,,,,459.5,0.0
2,23700,VOLCANIC_ROCK_VOUCHER_9750,459.0,14.0,,,,,460,14,,,,,459.5,0.0
2,23800,VOLCANIC_ROCK_VOUCHER_9750,459.0,17.0,,,,,460,17,,,,,459.5,0.0
2,23900,VOLCANIC_ROCK_VOUCHER_9750,458.0,17.0,,,,,459,17,,,,,458.5,0.0
2,24000,VOLCANIC_ROCK_VOUCHER_9750,459.0,15.0,,,,,460,15,,,,,459.5,0.0
2,24100,VOLCANIC_ROCK_VOUCHER_9750,453.0,4.0,,,,,454,19,,,,,453.5,0.0
2,24200,VOLCANIC_ROCK_VOUCHER_9750,448.0,16.0,,,,,449,16,,,,,448.5,0.0
2,24300,VOLCANIC_ROCK_VOUCHER_9750,449.0,13.0,,,,,450,13,,,,,449.5,0.0
2,24400,VOLCANIC_ROCK_VOUCHER_9750,448.0,16.0,,,,,449,16,,,,,448.5,0.0
2,24500,VOLCANIC_ROCK_VOUCHER_9750,449.0,20.0,,,,,450,20,,,,,449.5,0.0
2,24600,VOLCANIC_ROCK_VOUCHER_9750,447.0,18.0,,,,,448,18,,,,,447.5,0.0
2,24700,VOLCANIC_ROCK_VOUCHER_9750,447.0,15.0,,,,,448,15,,,,,447.5,0.0
2,24800,VOLCANIC_ROCK_VOUCHER_9750,448.0,16.0,,,,,449,16,,,,,448.5,0.0
2,24900,VOLCANIC_ROCK_VOUCHER_9750,447.0,35.0,,,,,448,21,,,,,447.5,0.0
2,25000,VOLCANIC_ROCK_VOUCHER_9750,448.0,16.0,,,,,449,16,,,,,448.5,0.0
2,25100,VOLCANIC_ROCK_VOUCHER_9750,448.0,11.0,,,,,449,11,,,,,448.5,0.0
2,25200,VOLCANIC_ROCK_VOUCHER_9750,446.0,20.0,,,,,447,20,,,,,446.5,0.0
2,25300,VOLCANIC_ROCK_VOUCHER_9750,444.0,16.0,,,,,445,16,,,,,444.5,0.0
2,25400,VOLCANIC_ROCK_VOUCHER_9750,443.0,22.0,,,,,445,22,,,,,444.0,0.0
2,25500,VOLCANIC_ROCK_VOUCHER_9750,444.0,17.0,,,,,445,17,,,,,444.5,0.0
2,25600,VOLCANIC_ROCK_VOUCHER_9750,446.0,11.0,,,,,447,11,,,,,446.5,0.0
2,25700,VOLCANIC_ROCK_VOUCHER_9750,443.0,20.0,,,,,444,20,,,,,443.5,0.0
2,25800,VOLCANIC_ROCK_VOUCHER_9750,445.0,12.0,,,,,446,12,,,,,445.5,0.0
2,25900,VOLCANIC_ROCK_VOUCHER_9750,447.0,14.0,,,,,448,14,,,,,447.5,0.0
2,26000,VOLCANIC_ROCK_VOUCHER_9750,448.0,17.0,,,,,449,17,,,,,448.5,0.0
2,26100,VOLCANIC_ROCK_VOUCHER_9750,449.0,19.0,,,,,450,19,,,,,449.5,0.0
2,26200,VOLCANIC_ROCK_VOUCHER_9750,451.0,17.0,,,,,453,17,,,,,452.0,0.0
2,26300,VOLCANIC_ROCK_VOUCHER_9750,450.0,11.0,,,,,451,11,,,,,450.5,0.0
2,26400,VOLCANIC_ROCK_VOUCHER_9750,453.0,8.0,,,,,454,18,,,,,453.5,0.0
2,26500,VOLCANIC_ROCK_VOUCHER_9750,453.0,22.0,,,,,454,22,,,,,453.5,0.0
2,26600,VOLCANIC_ROCK_VOUCHER_9750,452.0,17.0,,,,,453,17,,,,,452.5,0.0
2,26700,VOLCANIC_ROCK_VOUCHER_9750,451.0,14.0,,,,,452,14,,,,,451.5,0.0
2,26800,VOLCANIC_ROCK_VOUCHER_9750,451.0,21.0,,,,,452,21,,,,,451.5,0.0
2,26900,VOLCANIC_ROCK_VOUCHER_9750,452.0,12.0,,,,,453,12,,,,,452.5,0.0
2,27000,VOLCANIC_ROCK_VOUCHER_9750,452.0,12.0,,,,,453,12,,,,,452.5,0.0
2,27100,VOLCANIC_ROCK_VOUCHER_9750,453.0,9.0,,,,,454,20,,,,,453.5,0.0
2,27200,VOLCANIC_ROCK_VOUCHER_9750,453.0,16.0,,,,,454,16,,,,,453.5,0.0
2,27300,VOLCANIC_ROCK_VOUCHER_9750,452.0,17.0,,,,,453,17,,,,,452.5,0.0
2,27400,VOLCANIC_ROCK_VOUCHER_9750,453.0,11.0,,,,,454,11,,,,,453.5,0.0
2,27500,VOLCANIC_ROCK_VOUCHER_9750,454.0,10.0,,,,,455,10,,,,,454.5,0.0
2,27600,VOLCANIC_ROCK_VOUCHER_9750,451.0,15.0,,,,,452,15,,,,,451.5,0.0
2,27700,VOLCANIC_ROCK_VOUCHER_9750,451.0,22.0,,,,,452,22,,,,,451.5,0.0
2,27800,VOLCANIC_ROCK_VOUCHER_9750,448.0,4.0,,,,,449,19,,,,,448.5,0.0
2,27900,VOLCANIC_ROCK_VOUCHER_9750,448.0,18.0,,,,,449,18,,,,,448.5,0.0
2,28000,VOLCANIC_ROCK_VOUCHER_9750,448.0,20.0,,,,,449,20,,,,,448.5,0.0
2,28100,VOLCANIC_ROCK_VOUCHER_9750,448.0,13.0,,,,,449,13,,,,,448.5,0.0
2,28200,VOLCANIC_ROCK_VOUCHER_9750,446.0,18.0,,,,,447,18,,,,,446.5,0.0
2,28300,VOLCANIC_ROCK_VOUCHER_9750,445.0,15.0,,,,,446,15,,,,,445.5,0.0
2,28400,VOLCANIC_ROCK_VOUCHER_9750,445.0,15.0,,,,,446,15,,,,,445.5,0.0
2,28500,VOLCANIC_ROCK_VOUCHER_9750,445.0,14.0,,,,,446,14,,,,,445.5,0.0
2,28600,VOLCANIC_ROCK_VOUCHER_9750,442.0,14.0,,,,,443,14,,,,,442.5,0.0
2,28700,VOLCANIC_ROCK_VOUCHER_9750,440.0,15.0,,,,,441,15,,,,,440.5,0.0
2,28800,VOLCANIC_ROCK_VOUCHER_9750,438.0,18.0,,,,,440,18,,,,,439.0,0.0
2,28900,VOLCANIC_ROCK_VOUCHER_9750,437.0,13.0,,,,,438,13,,,,,437.5,0.0
2,29000,VOLCANIC_ROCK_VOUCHER_9750,439.0,14.0,,,,,440,14,,,,,439.5,0.0
2,29100,VOLCANIC_ROCK_VOUCHER_9750,438.0,11.0,,,,,439,11,,,,,438.5,0.0
2,29200,VOLCANIC_ROCK_VOUCHER_9750,439.0,34.0,,,,,440,17,,,,,439.5,0.0
2,29300,VOLCANIC_ROCK_VOUCHER_9750,440.0,14.0,,,,,441,14,,,,,440.5,0.0
2,29400,VOLCANIC_ROCK_VOUCHER_9750,439.0,13.0,,,,,441,13,,,,,440.0,0.0
2,29500,VOLCANIC_ROCK_VOUCHER_9750,,,,,,,439,7,440.0,11.0,,,439.0,0.0
2,29600,VOLCANIC_ROCK_VOUCHER_9750,438.0,16.0,,,,,439,16,,,,,438.5,0.0
2,29700,VOLCANIC_ROCK_VOUCHER_9750,442.0,15.0,,,,,443,15,,,,,442.5,0.0
2,29800,VOLCANIC_ROCK_VOUCHER_9750,441.0,12.0,,,,,442,12,,,,,441.5,0.0
2,29900,VOLCANIC_ROCK_VOUCHER_9750,441.0,18.0,,,,,442,18,,,,,441.5,0.0
2,30000,VOLCANIC_ROCK_VOUCHER_9750,440.0,12.0,,,,,441,12,,,,,440.5,0.0
2,30100,VOLCANIC_ROCK_VOUCHER_9750,441.0,16.0,,,,,442,16,,,,,441.5,0.0
2,30200,VOLCANIC_ROCK_VOUCHER_9750,440.0,19.0,,,,,441,19,,,,,440.5,0.0
2,30300,VOLCANIC_ROCK_VOUCHER_9750,438.0,10.0,,,,,439,10,,,,,438.5,0.0
2,30400,VOLCANIC_ROCK_VOUCHER_9750,436.0,14.0,,,,,437,14,,,,,436.5,0.0
2,30500,VOLCANIC_ROCK_VOUCHER_9750,435.0,15.0,,,,,436,15,,,,,435.5,0.0
2,30600,VOLCANIC_ROCK_VOUCHER_9750,435.0,33.0,,,,,436,20,,,,,435.5,0.0
2,30700,VOLCANIC_ROCK_VOUCHER_9750,435.0,12.0,,,,,436,12,,,,,435.5,0.0
2,30800,VOLCANIC_ROCK_VOUCHER_9750,435.0,17.0,,,,,436,17,,,,,435.5,0.0
2,30900,VOLCANIC_ROCK_VOUCHER_9750,435.0,11.0,,,,,436,11,,,,,435.5,0.0
2,31000,VOLCANIC_ROCK_VOUCHER_9750,435.0,12.0,,,,,436,12,,,,,435.5,0.0
2,31100,VOLCANIC_ROCK_VOUCHER_9750,435.0,18.0,,,,,436,18,,,,,435.5,0.0
2,31200,VOLCANIC_ROCK_VOUCHER_9750,433.0,11.0,,,,,434,11,,,,,433.5,0.0
2,31300,VOLCANIC_ROCK_VOUCHER_9750,430.0,13.0,,,,,432,13,,,,,431.0,0.0
2,31400,VOLCANIC_ROCK_VOUCHER_9750,434.0,17.0,,,,,435,17,,,,,434.5,0.0
2,31500,VOLCANIC_ROCK_VOUCHER_9750,434.0,13.0,,,,,435,13,,,,,434.5,0.0
2,31600,VOLCANIC_ROCK_VOUCHER_9750,435.0,10.0,,,,,436,10,,,,,435.5,0.0
2,31700,VOLCANIC_ROCK_VOUCHER_9750,433.0,17.0,,,,,434,17,,,,,433.5,0.0
2,31800,VOLCANIC_ROCK_VOUCHER_9750,435.0,0.0,,,,,436,17,,,,,435.5,0.0
2,31900,VOLCANIC_ROCK_VOUCHER_9750,432.0,20.0,,,,,433,20,,,,,432.5,0.0
2,32000,VOLCANIC_ROCK_VOUCHER_9750,431.0,20.0,,,,,432,20,,,,,431.5,0.0
2,32100,VOLCANIC_ROCK_VOUCHER_9750,428.0,15.0,,,,,429,15,,,,,428.5,0.0
2,32200,VOLCANIC_ROCK_VOUCHER_9750,429.0,19.0,,,,,430,19,,,,,429.5,0.0
2,32300,VOLCANIC_ROCK_VOUCHER_9750,429.0,21.0,,,,,430,21,,,,,429.5,0.0
2,32400,VOLCANIC_ROCK_VOUCHER_9750,428.0,18.0,,,,,429,18,,,,,428.5,0.0
2,32500,VOLCANIC_ROCK_VOUCHER_9750,431.0,12.0,,,,,432,12,,,,,431.5,0.0
2,32600,VOLCANIC_ROCK_VOUCHER_9750,433.0,20.0,,,,,434,20,,,,,433.5,0.0
2,32700,VOLCANIC_ROCK_VOUCHER_9750,436.0,18.0,,,,,437,18,,,,,436.5,0.0
2,32800,VOLCANIC_ROCK_VOUCHER_9750,438.0,19.0,,,,,439,19,,,,,438.5,0.0
2,32900,VOLCANIC_ROCK_VOUCHER_9750,441.0,13.0,,,,,442,13,,,,,441.5,0.0
2,33000,VOLCANIC_ROCK_VOUCHER_9750,442.0,11.0,,,,,443,11,,,,,442.5,0.0
2,33100,VOLCANIC_ROCK_VOUCHER_9750,442.0,13.0,,,,,443,13,,,,,442.5,0.0
2,33200,VOLCANIC_ROCK_VOUCHER_9750,444.0,11.0,,,,,445,11,,,,,444.5,0.0
2,33300,VOLCANIC_ROCK_VOUCHER_9750,444.0,13.0,,,,,445,13,,,,,444.5,0.0
2,33400,VOLCANIC_ROCK_VOUCHER_9750,441.0,13.0,,,,,442,13,,,,,441.5,0.0
2,33500,VOLCANIC_ROCK_VOUCHER_9750,444.0,18.0,,,,,445,18,,,,,444.5,0.0
2,33600,VOLCANIC_ROCK_VOUCHER_9750,442.0,21.0,,,,,443,2,444.0,19.0,,,442.5,0.0
2,33700,VOLCANIC_ROCK_VOUCHER_9750,444.0,19.0,,,,,445,19,,,,,444.5,0.0
2,33800,VOLCANIC_ROCK_VOUCHER_9750,447.0,12.0,,,,,448,12,,,,,447.5,0.0
2,33900,VOLCANIC_ROCK_VOUCHER_9750,448.0,19.0,,,,,449,19,,,,,448.5,0.0
2,34000,VOLCANIC_ROCK_VOUCHER_9750,446.0,19.0,,,,,447,19,,,,,446.5,0.0
2,34100,VOLCANIC_ROCK_VOUCHER_9750,445.0,15.0,,,,,446,15,,,,,445.5,0.0
2,34200,VOLCANIC_ROCK_VOUCHER_9750,444.0,19.0,,,,,446,19,,,,,445.0,0.0
2,34300,VOLCANIC_ROCK_VOUCHER_9750,444.0,10.0,,,,,445,10,,,,,444.5,0.0
2,34400,VOLCANIC_ROCK_VOUCHER_9750,447.0,14.0,,,,,448,14,,,,,447.5,0.0
2,34500,VOLCANIC_ROCK_VOUCHER_9750,445.0,19.0,,,,,446,19,,,,,445.5,0.0
2,34600,VOLCANIC_ROCK_VOUCHER_9750,443.0,20.0,,,,,444,20,,,,,443.5,0.0
2,34700,VOLCANIC_ROCK_VOUCHER_9750,442.0,20.0,,,,,443,20,,,,,442.5,0.0
2,34800,VOLCANIC_ROCK_VOUCHER_9750,,,,,,,442,9,443.0,10.0,,,442.0,0.0
2,34900,VOLCANIC_ROCK_VOUCHER_9750,444.0,14.0,,,,,445,14,,,,,444.5,0.0
2,35000,VOLCANIC_ROCK_VOUCHER_9750,442.0,10.0,,,,,443,10,,,,,442.5,0.0
2,35100,VOLCANIC_ROCK_VOUCHER_9750,443.0,16.0,,,,,444,16,,,,,443.5,0.0
2,35200,VOLCANIC_ROCK_VOUCHER_9750,442.0,12.0,,,,,443,12,,,,,442.5,0.0
2,35300,VOLCANIC_ROCK_VOUCHER_9750,443.0,21.0,,,,,444,21,,,,,443.5,0.0
2,35400,VOLCANIC_ROCK_VOUCHER_9750,445.0,11.0,,,,,446,11,,,,,445.5,0.0
2,35500,VOLCANIC_ROCK_VOUCHER_9750,443.0,14.0,,,,,444,14,,,,,443.5,0.0
2,35600,VOLCANIC_ROCK_VOUCHER_9750,,,,,,,445,3,446.0,14.0,,,445.0,0.0
2,35700,VOLCANIC_ROCK_VOUCHER_9750,445.0,17.0,,,,,446,17,,,,,445.5,0.0
2,35800,VOLCANIC_ROCK_VOUCHER_9750,445.0,37.0,,,,,446,19,,,,,445.5,0.0
2,35900,VOLCANIC_ROCK_VOUCHER_9750,442.0,11.0,,,,,443,11,,,,,442.5,0.0
2,36000,VOLCANIC_ROCK_VOUCHER_9750,441.0,13.0,,,,,443,13,,,,,442.0,0.0
2,36100,VOLCANIC_ROCK_VOUCHER_9750,443.0,16.0,,,,,444,16,,,,,443.5,0.0
2,36200,VOLCANIC_ROCK_VOUCHER_9750,444.0,31.0,,,,,445,18,,,,,444.5,0.0
2,36300,VOLCANIC_ROCK_VOUCHER_9750,445.0,12.0,,,,,446,12,,,,,445.5,0.0
2,36400,VOLCANIC_ROCK_VOUCHER_9750,440.0,14.0,,,,,442,14,,,,,441.0,0.0
2,36500,VOLCANIC_ROCK_VOUCHER_9750,442.0,21.0,,,,,443,21,,,,,442.5,0.0
2,36600,VOLCANIC_ROCK_VOUCHER_9750,440.0,18.0,,,,,441,18,,,,,440.5,0.0
2,36700,VOLCANIC_ROCK_VOUCHER_9750,441.0,13.0,,,,,442,13,,,,,441.5,0.0
2,36800,VOLCANIC_ROCK_VOUCHER_9750,,,,,,,443,1,444.0,14.0,,,443.0,0.0
2,36900,VOLCANIC_ROCK_VOUCHER_9750,443.0,19.0,,,,,444,19,,,,,443.5,0.0
2,37000,VOLCANIC_ROCK_VOUCHER_9750,446.0,19.0,,,,,447,19,,,,,446.5,0.0
2,37100,VOLCANIC_ROCK_VOUCHER_9750,446.0,16.0,,,,,447,16,,,,,446.5,0.0
2,37200,VOLCANIC_ROCK_VOUCHER_9750,445.0,12.0,,,,,446,12,,,,,445.5,0.0
2,37300,VOLCANIC_ROCK_VOUCHER_9750,445.0,14.0,,,,,446,14,,,,,445.5,0.0
2,37400,VOLCANIC_ROCK_VOUCHER_9750,444.0,14.0,,,,,445,14,,,,,444.5,0.0
2,37500,VOLCANIC_ROCK_VOUCHER_9750,443.0,19.0,,,,,445,19,,,,,444.0,0.0
2,37600,VOLCANIC_ROCK_VOUCHER_9750,444.0,20.0,,,,,445,20,,,,,444.5,0.0
2,37700,VOLCANIC_ROCK_VOUCHER_9750,445.0,14.0,,,,,446,14,,,,,445.5,0.0
2,37800,VOLCANIC_ROCK_VOUCHER_9750,443.0,17.0,,,,,444,17,,,,,443.5,0.0
2,37900,VOLCANIC_ROCK_VOUCHER_9750,444.0,22.0,,,,,445,22,,,,,444.5,0.0
2,38000,VOLCANIC_ROCK_VOUCHER_9750,443.0,15.0,,,,,444,15,,,,,443.5,0.0
2,38100,VOLCANIC_ROCK_VOUCHER_9750,445.0,7.0,,,,,446,20,,,,,445.5,0.0
2,38200,VOLCANIC_ROCK_VOUCHER_9750,444.0,17.0,,,,,445,17,,,,,444.5,0.0
2,38300,VOLCANIC_ROCK_VOUCHER_9750,442.0,18.0,,,,,443,18,,,,,442.5,0.0
2,38400,VOLCANIC_ROCK_VOUCHER_9750,444.0,16.0,,,,,446,16,,,,,445.0,0.0
2,38500,VOLCANIC_ROCK_VOUCHER_9750,449.0,16.0,,,,,450,16,,,,,449.5,0.0
2,38600,VOLCANIC_ROCK_VOUCHER_9750,451.0,14.0,,,,,452,14,,,,,451.5,0.0
2,38700,VOLCANIC_ROCK_VOUCHER_9750,450.0,16.0,,,,,451,16,,,,,450.5,0.0
2,38800,VOLCANIC_ROCK_VOUCHER_9750,452.0,19.0,,,,,453,19,,,,,452.5,0.0
2,38900,VOLCANIC_ROCK_VOUCHER_9750,454.0,18.0,,,,,455,18,,,,,454.5,0.0
2,39000,VOLCANIC_ROCK_VOUCHER_9750,453.0,10.0,,,,,454,10,,,,,453.5,0.0
2,39100,VOLCANIC_ROCK_VOUCHER_9750,453.0,12.0,,,,,454,12,,,,,453.5,0.0
2,39200,VOLCANIC_ROCK_VOUCHER_9750,458.0,16.0,,,,,459,16,,,,,458.5,0.0
2,39300,VOLCANIC_ROCK_VOUCHER_9750,456.0,19.0,,,,,457,19,,,,,456.5,0.0
2,39400,VOLCANIC_ROCK_VOUCHER_9750,451.0,18.0,,,,,452,18,,,,,451.5,0.0
2,39500,VOLCANIC_ROCK_VOUCHER_9750,455.0,15.0,,,,,456,15,,,,,455.5,0.0
2,39600,VOLCANIC_ROCK_VOUCHER_9750,455.0,14.0,,,,,456,14,,,,,455.5,0.0
2,39700,VOLCANIC_ROCK_VOUCHER_9750,456.0,13.0,,,,,457,13,,,,,456.5,0.0
2,39800,VOLCANIC_ROCK_VOUCHER_9750,455.0,18.0,,,,,456,18,,,,,455.5,0.0
2,39900,VOLCANIC_ROCK_VOUCHER_9750,454.0,15.0,,,,,455,15,,,,,454.5,0.0
2,40000,VOLCANIC_ROCK_VOUCHER_9750,453.0,14.0,,,,,454,14,,,,,453.5,0.0
2,40100,VOLCANIC_ROCK_VOUCHER_9750,451.0,21.0,,,,,452,21,,,,,451.5,0.0
2,40200,VOLCANIC_ROCK_VOUCHER_9750,450.0,14.0,,,,,451,14,,,,,450.5,0.0
2,40300,VOLCANIC_ROCK_VOUCHER_9750,448.0,10.0,,,,,449,10,,,,,448.5,0.0
2,40400,VOLCANIC_ROCK_VOUCHER_9750,447.0,19.0,,,,,448,19,,,,,447.5,0.0
2,40500,VOLCANIC_ROCK_VOUCHER_9750,446.0,13.0,,,,,447,13,,,,,446.5,0.0
2,40600,VOLCANIC_ROCK_VOUCHER_9750,444.0,21.0,,,,,445,21,,,,,444.5,0.0
2,40700,VOLCANIC_ROCK_VOUCHER_9750,443.0,17.0,,,,,444,17,,,,,443.5,0.0
2,40800,VOLCANIC_ROCK_VOUCHER_9750,444.0,10.0,,,,,445,10,,,,,444.5,0.0
2,40900,VOLCANIC_ROCK_VOUCHER_9750,447.0,12.0,,,,,448,12,,,,,447.5,0.0
2,41000,VOLCANIC_ROCK_VOUCHER_9750,444.0,10.0,,,,,445,10,,,,,444.5,0.0
2,41100,VOLCANIC_ROCK_VOUCHER_9750,444.0,19.0,,,,,445,19,,,,,444.5,0.0
2,41200,VOLCANIC_ROCK_VOUCHER_9750,445.0,3.0,,,,,446,14,,,,,445.5,0.0
2,41300,VOLCANIC_ROCK_VOUCHER_9750,443.0,19.0,,,,,444,19,,,,,443.5,0.0
2,41400,VOLCANIC_ROCK_VOUCHER_9750,443.0,18.0,,,,,444,18,,,,,443.5,0.0
2,41500,VOLCANIC_ROCK_VOUCHER_9750,445.0,18.0,,,,,446,18,,,,,445.5,0.0
2,41600,VOLCANIC_ROCK_VOUCHER_9750,444.0,23.0,,,,,445,17,,,,,444.5,0.0
2,41700,VOLCANIC_ROCK_VOUCHER_9750,442.0,19.0,,,,,443,19,,,,,442.5,0.0
2,41800,VOLCANIC_ROCK_VOUCHER_9750,444.0,22.0,,,,,445,22,,,,,444.5,0.0
2,41900,VOLCANIC_ROCK_VOUCHER_9750,446.0,12.0,,,,,447,12,,,,,446.5,0.0
2,42000,VOLCANIC_ROCK_VOUCHER_9750,445.0,15.0,,,,,446,15,,,,,445.5,0.0
2,42100,VOLCANIC_ROCK_VOUCHER_9750,447.0,15.0,,,,,448,15,,,,,447.5,0.0
2,42200,VOLCANIC_ROCK_VOUCHER_9750,447.0,1.0,446.0,15.0,,,448,16,,,,,447.5,0.0
2,42300,VOLCANIC_ROCK_VOUCHER_9750,444.0,16.0,,,,,445,16,,,,,444.5,0.0
2,42400,VOLCANIC_ROCK_VOUCHER_9750,439.0,19.0,,,,,440,19,,,,,439.5,0.0
2,42500,VOLCANIC_ROCK_VOUCHER_9750,440.0,19.0,,,,,441,19,,,,,440.5,0.0
2,42600,VOLCANIC_ROCK_VOUCHER_9750,439.0,18.0,,,,,440,18,,,,,439.5,0.0
2,42700,VOLCANIC_ROCK_VOUCHER_9750,442.0,16.0,,,,,443,16,,,,,442.5,0.0
2,42800,VOLCANIC_ROCK_VOUCHER_9750,440.0,14.0,,,,,441,14,,,,,440.5,0.0
2,42900,VOLCANIC_ROCK_VOUCHER_9750,441.0,22.0,,,,,442,22,,,,,441.5,0.0
2,43000,VOLCANIC_ROCK_VOUCHER_9750,442.0,21.0,,,,,444,21,,,,,443.0,0.0
2,43100,VOLCANIC_ROCK_VOUCHER_9750,439.0,12.0,,,,,440,12,,,,,439.5,0.0
2,43200,VOLCANIC_ROCK_VOUCHER_9750,435.0,19.0,,,,,436,19,,,,,435.5,0.0
2,43300,VOLCANIC_ROCK_VOUCHER_9750,434.0,14.0,,,,,435,14,,,,,434.5,0.0
2,43400,VOLCANIC_ROCK_VOUCHER_9750,433.0,11.0,,,,,434,11,,,,,433.5,0.0
2,43500,VOLCANIC_ROCK_VOUCHER_9750,435.0,15.0,,,,,436,15,,,,,435.5,0.0
2,43600,VOLCANIC_ROCK_VOUCHER_9750,434.0,5.0,,,,,435,17,,,,,434.5,0.0
2,43700,VOLCANIC_ROCK_VOUCHER_9750,434.0,17.0,,,,,435,17,,,,,434.5,0.0
2,43800,VOLCANIC_ROCK_VOUCHER_9750,434.0,13.0,,,,,435,13,,,,,434.5,0.0
2,43900,VOLCANIC_ROCK_VOUCHER_9750,436.0,24.0,,,,,437,13,,,,,436.5,0.0
2,44000,VOLCANIC_ROCK_VOUCHER_9750,436.0,13.0,,,,,437,13,,,,,436.5,0.0
2,44100,VOLCANIC_ROCK_VOUCHER_9750,436.0,22.0,,,,,437,22,,,,,436.5,0.0
2,44200,VOLCANIC_ROCK_VOUCHER_9750,436.0,13.0,,,,,438,13,,,,,437.0,0.0
2,44300,VOLCANIC_ROCK_VOUCHER_9750,436.0,15.0,,,,,438,15,,,,,437.0,0.0
2,44400,VOLCANIC_ROCK_VOUCHER_9750,438.0,16.0,,,,,439,16,,,,,438.5,0.0
2,44500,VOLCANIC_ROCK_VOUCHER_9750,439.0,15.0,,,,,440,15,,,,,439.5,0.0
2,44600,VOLCANIC_ROCK_VOUCHER_9750,438.0,15.0,,,,,439,15,,,,,438.5,0.0
2,44700,VOLCANIC_ROCK_VOUCHER_9750,439.0,14.0,,,,,440,14,,,,,439.5,0.0
2,44800,VOLCANIC_ROCK_VOUCHER_9750,441.0,18.0,,,,,442,18,,,,,441.5,0.0
2,44900,VOLCANIC_ROCK_VOUCHER_9750,438.0,12.0,,,,,439,12,,,,,438.5,0.0
2,45000,VOLCANIC_ROCK_VOUCHER_9750,442.0,14.0,,,,,443,14,,,,,442.5,0.0
2,45100,VOLCANIC_ROCK_VOUCHER_9750,439.0,16.0,,,,,440,16,,,,,439.5,0.0
2,45200,VOLCANIC_ROCK_VOUCHER_9750,440.0,11.0,,,,,441,11,,,,,440.5,0.0
2,45300,VOLCANIC_ROCK_VOUCHER_9750,442.0,9.0,,,,,443,21,,,,,442.5,0.0
2,45400,VOLCANIC_ROCK_VOUCHER_9750,436.0,18.0,,,,,437,18,,,,,436.5,0.0
2,45500,VOLCANIC_ROCK_VOUCHER_9750,439.0,22.0,,,,,440,22,,,,,439.5,0.0
2,45600,VOLCANIC_ROCK_VOUCHER_9750,438.0,20.0,,,,,439,20,,,,,438.5,0.0
2,45700,VOLCANIC_ROCK_VOUCHER_9750,437.0,4.0,,,,,438,18,,,,,437.5,0.0
2,45800,VOLCANIC_ROCK_VOUCHER_9750,438.0,12.0,,,,,439,12,,,,,438.5,0.0
2,45900,VOLCANIC_ROCK_VOUCHER_9750,440.0,19.0,,,,,441,19,,,,,440.5,0.0
2,46000,VOLCANIC_ROCK_VOUCHER_9750,437.0,24.0,,,,,438,12,,,,,437.5,0.0
2,46100,VOLCANIC_ROCK_VOUCHER_9750,438.0,2.0,,,,,439,12,,,,,438.5,0.0
2,46200,VOLCANIC_ROCK_VOUCHER_9750,435.0,12.0,,,,,436,12,,,,,435.5,0.0
2,46300,VOLCANIC_ROCK_VOUCHER_9750,435.0,12.0,,,,,436,12,,,,,435.5,0.0
2,46400,VOLCANIC_ROCK_VOUCHER_9750,435.0,24.0,,,,,436,13,,,,,435.5,0.0
2,46500,VOLCANIC_ROCK_VOUCHER_9750,434.0,20.0,,,,,435,20,,,,,434.5,0.0
2,46600,VOLCANIC_ROCK_VOUCHER_9750,432.0,18.0,,,,,433,18,,,,,432.5,0.0
2,46700,VOLCANIC_ROCK_VOUCHER_9750,432.0,13.0,,,,,433,13,,,,,432.5,0.0
2,46800,VOLCANIC_ROCK_VOUCHER_9750,432.0,18.0,,,,,433,18,,,,,432.5,0.0
2,46900,VOLCANIC_ROCK_VOUCHER_9750,430.0,13.0,,,,,431,13,,,,,430.5,0.0
2,47000,VOLCANIC_ROCK_VOUCHER_9750,430.0,15.0,,,,,431,15,,,,,430.5,0.0
2,47100,VOLCANIC_ROCK_VOUCHER_9750,432.0,11.0,,,,,433,11,,,,,432.5,0.0
2,47200,VOLCANIC_ROCK_VOUCHER_9750,430.0,15.0,,,,,431,15,,,,,430.5,0.0
2,47300,VOLCANIC_ROCK_VOUCHER_9750,431.0,16.0,,,,,432,16,,,,,431.5,0.0
2,47400,VOLCANIC_ROCK_VOUCHER_9750,430.0,18.0,,,,,431,18,,,,,430.5,0.0
2,47500,VOLCANIC_ROCK_VOUCHER_9750,432.0,13.0,,,,,433,13,,,,,432.5,0.0
2,47600,VOLCANIC_ROCK_VOUCHER_9750,,,,,,,433,4,434.0,12.0,,,433.0,0.0
2,47700,VOLCANIC_ROCK_VOUCHER_9750,433.0,16.0,,,,,434,16,,,,,433.5,0.0
2,47800,VOLCANIC_ROCK_VOUCHER_9750,433.0,17.0,,,,,435,17,,,,,434.0,0.0
2,47900,VOLCANIC_ROCK_VOUCHER_9750,435.0,15.0,,,,,436,15,,,,,435.5,0.0
2,48000,VOLCANIC_ROCK_VOUCHER_9750,432.0,20.0,,,,,433,20,,,,,432.5,0.0
2,48100,VOLCANIC_ROCK_VOUCHER_9750,431.0,14.0,,,,,432,14,,,,,431.5,0.0
2,48200,VOLCANIC_ROCK_VOUCHER_9750,429.0,17.0,,,,,430,17,,,,,429.5,0.0
2,48300,VOLCANIC_ROCK_VOUCHER_9750,,,,,,,429,2,430.0,12.0,,,429.0,0.0
2,48400,VOLCANIC_ROCK_VOUCHER_9750,428.0,13.0,,,,,429,13,,,,,428.5,0.0
2,48500,VOLCANIC_ROCK_VOUCHER_9750,429.0,19.0,,,,,430,19,,,,,429.5,0.0
2,48600,VOLCANIC_ROCK_VOUCHER_9750,425.0,14.0,,,,,427,14,,,,,426.0,0.0
2,48700,VOLCANIC_ROCK_VOUCHER_9750,425.0,18.0,,,,,426,18,,,,,425.5,0.0
2,48800,VOLCANIC_ROCK_VOUCHER_9750,422.0,14.0,,,,,423,14,,,,,422.5,0.0
2,48900,VOLCANIC_ROCK_VOUCHER_9750,425.0,16.0,,,,,426,16,,,,,425.5,0.0
2,49000,VOLCANIC_ROCK_VOUCHER_9750,426.0,15.0,,,,,427,15,,,,,426.5,0.0
2,49100,VOLCANIC_ROCK_VOUCHER_9750,427.0,20.0,,,,,428,20,,,,,427.5,0.0
2,49200,VOLCANIC_ROCK_VOUCHER_9750,425.0,12.0,,,,,426,12,,,,,425.5,0.0
2,49300,VOLCANIC_ROCK_VOUCHER_9750,425.0,19.0,,,,,426,19,,,,,425.5,0.0
2,49400,VOLCANIC_ROCK_VOUCHER_9750,426.0,14.0,,,,,427,14,,,,,426.5,0.0
2,49500,VOLCANIC_ROCK_VOUCHER_9750,426.0,21.0,,,,,427,21,,,,,426.5,0.0
2,49600,VOLCANIC_ROCK_VOUCHER_9750,425.0,21.0,,,,,427,21,,,,,426.0,0.0
2,49700,VOLCANIC_ROCK_VOUCHER_9750,425.0,12.0,,,,,427,12,,,,,426.0,0.0
2,49800,VOLCANIC_ROCK_VOUCHER_9750,425.0,19.0,,,,,426,19,,,,,425.5,0.0
2,49900,VOLCANIC_ROCK_VOUCHER_9750,424.0,32.0,,,,,425,12,,,,,424.5,0.0
2,50000,VOLCANIC_ROCK_VOUCHER_9750,423.0,17.0,,,,,425,17,,,,,424.0,0.0
2,50100,VOLCANIC_ROCK_VOUCHER_9750,,,,,,,423,4,424.0,14.0,,,423.0,0.0
2,50200,VOLCANIC_ROCK_VOUCHER_9750,418.0,13.0,,,,,419,13,,,,,418.5,0.0
2,50300,VOLCANIC_ROCK_VOUCHER_9750,418.0,16.0,,,,,419,16,,,,,418.5,0.0
2,50400,VOLCANIC_ROCK_VOUCHER_9750,420.0,21.0,,,,,421,21,,,,,420.5,0.0
2,50500,VOLCANIC_ROCK_VOUCHER_9750,421.0,10.0,,,,,422,10,,,,,421.5,0.0
2,50600,VOLCANIC_ROCK_VOUCHER_9750,420.0,12.0,,,,,421,12,,,,,420.5,0.0
2,50700,VOLCANIC_ROCK_VOUCHER_9750,,,,,,,421,5,422.0,11.0,,,421.0,0.0
2,50800,VOLCANIC_ROCK_VOUCHER_9750,420.0,12.0,,,,,421,12,,,,,420.5,0.0
2,50900,VOLCANIC_ROCK_VOUCHER_9750,423.0,16.0,,,,,424,16,,,,,423.5,0.0
2,51000,VOLCANIC_ROCK_VOUCHER_9750,422.0,16.0,,,,,424,16,,,,,423.0,0.0
2,51100,VOLCANIC_ROCK_VOUCHER_9750,424.0,22.0,,,,,425,11,,,,,424.5,0.0
2,51200,VOLCANIC_ROCK_VOUCHER_9750,425.0,16.0,,,,,426,16,,,,,425.5,0.0
2,51300,VOLCANIC_ROCK_VOUCHER_9750,423.0,12.0,,,,,425,12,,,,,424.0,0.0
2,51400,VOLCANIC_ROCK_VOUCHER_9750,422.0,21.0,,,,,423,21,,,,,422.5,0.0
2,51500,VOLCANIC_ROCK_VOUCHER_9750,422.0,16.0,,,,,423,16,,,,,422.5,0.0
2,51600,VOLCANIC_ROCK_VOUCHER_9750,421.0,12.0,,,,,422,12,,,,,421.5,0.0
2,51700,VOLCANIC_ROCK_VOUCHER_9750,421.0,21.0,,,,,422,16,,,,,421.5,0.0
2,51800,VOLCANIC_ROCK_VOUCHER_9750,421.0,23.0,,,,,422,10,,,,,421.5,0.0
2,51900,VOLCANIC_ROCK_VOUCHER_9750,420.0,14.0,,,,,422,14,,,,,421.0,0.0
2,52000,VOLCANIC_ROCK_VOUCHER_9750,421.0,18.0,,,,,422,18,,,,,421.5,0.0
2,52100,VOLCANIC_ROCK_VOUCHER_9750,422.0,19.0,,,,,423,19,,,,,422.5,0.0
2,52200,VOLCANIC_ROCK_VOUCHER_9750,418.0,16.0,,,,,420,16,,,,,419.0,0.0
2,52300,VOLCANIC_ROCK_VOUCHER_9750,417.0,2.0,416.0,17.0,,,418,19,,,,,417.5,0.0
2,52400,VOLCANIC_ROCK_VOUCHER_9750,418.0,14.0,,,,,419,14,,,,,418.5,0.0
2,52500,VOLCANIC_ROCK_VOUCHER_9750,421.0,18.0,,,,,422,18,,,,,421.5,0.0
2,52600,VOLCANIC_ROCK_VOUCHER_9750,419.0,14.0,,,,,420,14,,,,,419.5,0.0
2,52700,VOLCANIC_ROCK_VOUCHER_9750,,,,,,,417,3,418.0,12.0,,,417.0,0.0
2,52800,VOLCANIC_ROCK_VOUCHER_9750,416.0,21.0,,,,,417,21,,,,,416.5,0.0
2,52900,VOLCANIC_ROCK_VOUCHER_9750,415.0,12.0,,,,,416,12,,,,,415.5,0.0
2,53000,VOLCANIC_ROCK_VOUCHER_9750,414.0,20.0,,,,,415,20,,,,,414.5,0.0
2,53100,VOLCANIC_ROCK_VOUCHER_9750,417.0,13.0,,,,,418,13,,,,,417.5,0.0
2,53200,VOLCANIC_ROCK_VOUCHER_9750,417.0,19.0,,,,,418,19,,,,,417.5,0.0
2,53300,VOLCANIC_ROCK_VOUCHER_9750,417.0,17.0,,,,,418,17,,,,,417.5,0.0
2,53400,VOLCANIC_ROCK_VOUCHER_9750,417.0,5.0,,,,,418,16,,,,,417.5,0.0
2,53500,VOLCANIC_ROCK_VOUCHER_9750,418.0,14.0,,,,,419,14,,,,,418.5,0.0
2,53600,VOLCANIC_ROCK_VOUCHER_9750,416.0,19.0,,,,,417,19,,,,,416.5,0.0
2,53700,VOLCANIC_ROCK_VOUCHER_9750,417.0,11.0,,,,,418,11,,,,,417.5,0.0
2,53800,VOLCANIC_ROCK_VOUCHER_9750,416.0,12.0,,,,,417,12,,,,,416.5,0.0
2,53900,VOLCANIC_ROCK_VOUCHER_9750,416.0,14.0,,,,,417,14,,,,,416.5,0.0
2,54000,VOLCANIC_ROCK_VOUCHER_9750,416.0,18.0,,,,,417,18,,,,,416.5,0.0
2,54100,VOLCANIC_ROCK_VOUCHER_9750,417.0,20.0,,,,,418,20,,,,,417.5,0.0
2,54200,VOLCANIC_ROCK_VOUCHER_9750,414.0,11.0,,,,,415,11,,,,,414.5,0.0
2,54300,VOLCANIC_ROCK_VOUCHER_9750,415.0,16.0,,,,,416,16,,,,,415.5,0.0
2,54400,VOLCANIC_ROCK_VOUCHER_9750,411.0,12.0,,,,,412,12,,,,,411.5,0.0
2,54500,VOLCANIC_ROCK_VOUCHER_9750,411.0,20.0,,,,,412,20,,,,,411.5,0.0
2,54600,VOLCANIC_ROCK_VOUCHER_9750,410.0,16.0,,,,,411,16,,,,,410.5,0.0
2,54700,VOLCANIC_ROCK_VOUCHER_9750,407.0,27.0,,,,,408,16,,,,,407.5,0.0
2,54800,VOLCANIC_ROCK_VOUCHER_9750,408.0,16.0,,,,,409,16,,,,,408.5,0.0
2,54900,VOLCANIC_ROCK_VOUCHER_9750,408.0,13.0,,,,,409,13,,,,,408.5,0.0
2,55000,VOLCANIC_ROCK_VOUCHER_9750,408.0,17.0,,,,,409,17,,,,,408.5,0.0
2,55100,VOLCANIC_ROCK_VOUCHER_9750,406.0,18.0,,,,,407,18,,,,,406.5,0.0
2,55200,VOLCANIC_ROCK_VOUCHER_9750,408.0,12.0,,,,,409,12,,,,,408.5,0.0
2,55300,VOLCANIC_ROCK_VOUCHER_9750,406.0,19.0,,,,,407,19,,,,,406.5,0.0
2,55400,VOLCANIC_ROCK_VOUCHER_9750,406.0,1.0,405.0,20.0,,,407,21,,,,,406.5,0.0
2,55500,VOLCANIC_ROCK_VOUCHER_9750,403.0,12.0,,,,,405,12,,,,,404.0,0.0
2,55600,VOLCANIC_ROCK_VOUCHER_9750,403.0,15.0,,,,,404,15,,,,,403.5,0.0
2,55700,VOLCANIC_ROCK_VOUCHER_9750,403.0,21.0,,,,,404,21,,,,,403.5,0.0
2,55800,VOLCANIC_ROCK_VOUCHER_9750,404.0,17.0,,,,,405,17,,,,,404.5,0.0
2,55900,VOLCANIC_ROCK_VOUCHER_9750,403.0,19.0,,,,,404,19,,,,,403.5,0.0
2,56000,VOLCANIC_ROCK_VOUCHER_9750,404.0,17.0,,,,,405,17,,,,,404.5,0.0
2,56100,VOLCANIC_ROCK_VOUCHER_9750,405.0,17.0,,,,,406,17,,,,,405.5,0.0
2,56200,VOLCANIC_ROCK_VOUCHER_9750,404.0,18.0,,,,,405,18,,,,,404.5,0.0
2,56300,VOLCANIC_ROCK_VOUCHER_9750,407.0,19.0,,,,,408,19,,,,,407.5,0.0
2,56400,VOLCANIC_ROCK_VOUCHER_9750,408.0,20.0,,,,,410,20,,,,,409.0,0.0
2,56500,VOLCANIC_ROCK_VOUCHER_9750,,,,,,,411,2,412.0,17.0,,,411.0,0.0
2,56600,VOLCANIC_ROCK_VOUCHER_9750,408.0,6.0,,,,,409,22,,,,,408.5,0.0
2,56700,VOLCANIC_ROCK_VOUCHER_9750,411.0,12.0,,,,,412,12,,,,,411.5,0.0
2,56800,VOLCANIC_ROCK_VOUCHER_9750,411.0,18.0,,,,,412,18,,,,,411.5,0.0
2,56900,VOLCANIC_ROCK_VOUCHER_9750,414.0,16.0,,,,,416,16,,,,,415.0,0.0
2,57000,VOLCANIC_ROCK_VOUCHER_9750,413.0,0.0,,,,,414,20,,,,,413.5,0.0
2,57100,VOLCANIC_ROCK_VOUCHER_9750,413.0,19.0,,,,,414,19,,,,,413.5,0.0
2,57200,VOLCANIC_ROCK_VOUCHER_9750,413.0,13.0,,,,,414,13,,,,,413.5,0.0
2,57300,VOLCANIC_ROCK_VOUCHER_9750,413.0,12.0,,,,,414,12,,,,,413.5,0.0
2,57400,VOLCANIC_ROCK_VOUCHER_9750,410.0,15.0,,,,,411,15,,,,,410.5,0.0
2,57500,VOLCANIC_ROCK_VOUCHER_9750,413.0,33.0,,,,,414,19,,,,,413.5,0.0
2,57600,VOLCANIC_ROCK_VOUCHER_9750,414.0,20.0,,,,,415,20,,,,,414.5,0.0
2,57700,VOLCANIC_ROCK_VOUCHER_9750,413.0,19.0,,,,,414,19,,,,,413.5,0.0
2,57800,VOLCANIC_ROCK_VOUCHER_9750,412.0,13.0,,,,,413,13,,,,,412.5,0.0
2,57900,VOLCANIC_ROCK_VOUCHER_9750,413.0,17.0,,,,,414,17,,,,,413.5,0.0
2,58000,VOLCANIC_ROCK_VOUCHER_9750,413.0,18.0,,,,,414,18,,,,,413.5,0.0
2,58100,VOLCANIC_ROCK_VOUCHER_9750,412.0,16.0,,,,,413,16,,,,,412.5,0.0
2,58200,VOLCANIC_ROCK_VOUCHER_9750,411.0,3.0,,,,,412,22,,,,,411.5,0.0
2,58300,VOLCANIC_ROCK_VOUCHER_9750,410.0,12.0,,,,,411,12,,,,,410.5,0.0
2,58400,VOLCANIC_ROCK_VOUCHER_9750,411.0,13.0,,,,,412,13,,,,,411.5,0.0
2,58500,VOLCANIC_ROCK_VOUCHER_9750,411.0,16.0,,,,,412,16,,,,,411.5,0.0
2,58600,VOLCANIC_ROCK_VOUCHER_9750,410.0,16.0,,,,,411,16,,,,,410.5,0.0
2,58700,VOLCANIC_ROCK_VOUCHER_9750,,,,,,,410,10,,,,,410.0,0.0
2,58800,VOLCANIC_ROCK_VOUCHER_9750,408.0,17.0,,,,,409,17,,,,,408.5,0.0
2,58900,VOLCANIC_ROCK_VOUCHER_9750,409.0,20.0,,,,,410,20,,,,,409.5,0.0
2,59000,VOLCANIC_ROCK_VOUCHER_9750,412.0,17.0,,,,,413,17,,,,,412.5,0.0
2,59100,VOLCANIC_ROCK_VOUCHER_9750,412.0,19.0,,,,,413,19,,,,,412.5,0.0
2,59200,VOLCANIC_ROCK_VOUCHER_9750,412.0,21.0,,,,,413,21,,,,,412.5,0.0
2,59300,VOLCANIC_ROCK_VOUCHER_9750,411.0,18.0,,,,,412,18,,,,,411.5,0.0
2,59400,VOLCANIC_ROCK_VOUCHER_9750,410.0,11.0,,,,,411,11,,,,,410.5,0.0
2,59500,VOLCANIC_ROCK_VOUCHER_9750,412.0,14.0,,,,,413,14,,,,,412.5,0.0
2,59600,VOLCANIC_ROCK_VOUCHER_9750,412.0,14.0,,,,,413,14,,,,,412.5,0.0
2,59700,VOLCANIC_ROCK_VOUCHER_9750,412.0,14.0,,,,,413,14,,,,,412.5,0.0
2,59800,VOLCANIC_ROCK_VOUCHER_9750,416.0,18.0,,,,,417,18,,,,,416.5,0.0
2,59900,VOLCANIC_ROCK_VOUCHER_9750,415.0,10.0,,,,,417,10,,,,,416.0,0.0
2,60000,VOLCANIC_ROCK_VOUCHER_9750,414.0,30.0,,,,,415,16,,,,,414.5,0.0
2,60100,VOLCANIC_ROCK_VOUCHER_9750,414.0,17.0,,,,,415,17,,,,,414.5,0.0
2,60200,VOLCANIC_ROCK_VOUCHER_9750,415.0,12.0,,,,,416,12,,,,,415.5,0.0
2,60300,VOLCANIC_ROCK_VOUCHER_9750,419.0,19.0,,,,,420,19,,,,,419.5,0.0
2,60400,VOLCANIC_ROCK_VOUCHER_9750,417.0,18.0,,,,,418,18,,,,,417.5,0.0
2,60500,VOLCANIC_ROCK_VOUCHER_9750,419.0,14.0,,,,,420,14,,,,,419.5,0.0
2,60600,VOLCANIC_ROCK_VOUCHER_9750,419.0,19.0,,,,,420,19,,,,,419.5,0.0
2,60700,VOLCANIC_ROCK_VOUCHER_9750,419.0,20.0,,,,,420,20,,,,,419.5,0.0
2,60800,VOLCANIC_ROCK_VOUCHER_9750,419.0,15.0,,,,,420,15,,,,,419.5,0.0
2,60900,VOLCANIC_ROCK_VOUCHER_9750,420.0,13.0,,,,,421,13,,,,,420.5,0.0
2,61000,VOLCANIC_ROCK_VOUCHER_9750,425.0,11.0,,,,,426,11,,,,,425.5,0.0
2,61100,VOLCANIC_ROCK_VOUCHER_9750,424.0,12.0,,,,,425,12,,,,,424.5,0.0
2,61200,VOLCANIC_ROCK_VOUCHER_9750,423.0,13.0,,,,,424,13,,,,,423.5,0.0
2,61300,VOLCANIC_ROCK_VOUCHER_9750,427.0,17.0,,,,,428,17,,,,,427.5,0.0
2,61400,VOLCANIC_ROCK_VOUCHER_9750,429.0,19.0,,,,,430,19,,,,,429.5,0.0
2,61500,VOLCANIC_ROCK_VOUCHER_9750,428.0,18.0,,,,,429,18,,,,,428.5,0.0
2,61600,VOLCANIC_ROCK_VOUCHER_9750,426.0,20.0,,,,,427,20,,,,,426.5,0.0
2,61700,VOLCANIC_ROCK_VOUCHER_9750,427.0,18.0,,,,,428,18,,,,,427.5,0.0
2,61800,VOLCANIC_ROCK_VOUCHER_9750,426.0,18.0,,,,,428,18,,,,,427.0,0.0
2,61900,VOLCANIC_ROCK_VOUCHER_9750,429.0,15.0,,,,,430,15,,,,,429.5,0.0
2,62000,VOLCANIC_ROCK_VOUCHER_9750,432.0,21.0,,,,,433,21,,,,,432.5,0.0
2,62100,VOLCANIC_ROCK_VOUCHER_9750,437.0,19.0,,,,,438,19,,,,,437.5,0.0
2,62200,VOLCANIC_ROCK_VOUCHER_9750,436.0,12.0,,,,,437,12,,,,,436.5,0.0
2,62300,VOLCANIC_ROCK_VOUCHER_9750,436.0,15.0,,,,,437,15,,,,,436.5,0.0
2,62400,VOLCANIC_ROCK_VOUCHER_9750,436.0,20.0,,,,,437,20,,,,,436.5,0.0
2,62500,VOLCANIC_ROCK_VOUCHER_9750,437.0,14.0,,,,,438,14,,,,,437.5,0.0
2,62600,VOLCANIC_ROCK_VOUCHER_9750,437.0,14.0,,,,,438,14,,,,,437.5,0.0
2,62700,VOLCANIC_ROCK_VOUCHER_9750,437.0,16.0,,,,,438,16,,,,,437.5,0.0
2,62800,VOLCANIC_ROCK_VOUCHER_9750,432.0,12.0,,,,,433,12,,,,,432.5,0.0
2,62900,VOLCANIC_ROCK_VOUCHER_9750,431.0,15.0,,,,,432,15,,,,,431.5,0.0
2,63000,VOLCANIC_ROCK_VOUCHER_9750,433.0,18.0,,,,,434,18,,,,,433.5,0.0
2,63100,VOLCANIC_ROCK_VOUCHER_9750,434.0,20.0,,,,,435,20,,,,,434.5,0.0
2,63200,VOLCANIC_ROCK_VOUCHER_9750,433.0,12.0,,,,,434,12,,,,,433.5,0.0
2,63300,VOLCANIC_ROCK_VOUCHER_9750,434.0,37.0,,,,,435,17,,,,,434.5,0.0
2,63400,VOLCANIC_ROCK_VOUCHER_9750,432.0,15.0,,,,,433,15,,,,,432.5,0.0
2,63500,VOLCANIC_ROCK_VOUCHER_9750,436.0,20.0,,,,,437,20,,,,,436.5,0.0
2,63600,VOLCANIC_ROCK_VOUCHER_9750,435.0,13.0,,,,,437,13,,,,,436.0,0.0
2,63700,VOLCANIC_ROCK_VOUCHER_9750,436.0,19.0,,,,,437,19,,,,,436.5,0.0
2,63800,VOLCANIC_ROCK_VOUCHER_9750,438.0,31.0,,,,,439,11,,,,,438.5,0.0
2,63900,VOLCANIC_ROCK_VOUCHER_9750,437.0,21.0,,,,,438,21,,,,,437.5,0.0
2,64000,VOLCANIC_ROCK_VOUCHER_9750,436.0,15.0,,,,,437,15,,,,,436.5,0.0
2,64100,VOLCANIC_ROCK_VOUCHER_9750,435.0,19.0,,,,,436,19,,,,,435.5,0.0
2,64200,VOLCANIC_ROCK_VOUCHER_9750,436.0,20.0,,,,,437,20,,,,,436.5,0.0
2,64300,VOLCANIC_ROCK_VOUCHER_9750,435.0,13.0,,,,,437,13,,,,,436.0,0.0
2,64400,VOLCANIC_ROCK_VOUCHER_9750,438.0,13.0,,,,,439,13,,,,,438.5,0.0
2,64500,VOLCANIC_ROCK_VOUCHER_9750,441.0,13.0,,,,,442,13,,,,,441.5,0.0
2,64600,VOLCANIC_ROCK_VOUCHER_9750,442.0,13.0,,,,,443,13,,,,,442.5,0.0
2,64700,VOLCANIC_ROCK_VOUCHER_9750,442.0,12.0,,,,,443,12,,,,,442.5,0.0
2,64800,VOLCANIC_ROCK_VOUCHER_9750,444.0,10.0,,,,,445,10,,,,,444.5,0.0
2,64900,VOLCANIC_ROCK_VOUCHER_9750,445.0,17.0,,,,,446,17,,,,,445.5,0.0
2,65000,VOLCANIC_ROCK_VOUCHER_9750,444.0,21.0,,,,,445,21,,,,,444.5,0.0
2,65100,VOLCANIC_ROCK_VOUCHER_9750,443.0,13.0,,,,,444,13,,,,,443.5,0.0
2,65200,VOLCANIC_ROCK_VOUCHER_9750,440.0,4.0,,,,,441,21,,,,,440.5,0.0
2,65300,VOLCANIC_ROCK_VOUCHER_9750,443.0,13.0,,,,,444,13,,,,,443.5,0.0
2,65400,VOLCANIC_ROCK_VOUCHER_9750,443.0,15.0,,,,,444,15,,,,,443.5,0.0
2,65500,VOLCANIC_ROCK_VOUCHER_9750,442.0,18.0,,,,,444,18,,,,,443.0,0.0
2,65600,VOLCANIC_ROCK_VOUCHER_9750,443.0,16.0,,,,,444,16,,,,,443.5,0.0
2,65700,VOLCANIC_ROCK_VOUCHER_9750,442.0,17.0,,,,,443,17,,,,,442.5,0.0
2,65800,VOLCANIC_ROCK_VOUCHER_9750,443.0,18.0,,,,,444,18,,,,,443.5,0.0
2,65900,VOLCANIC_ROCK_VOUCHER_9750,443.0,15.0,,,,,444,15,,,,,443.5,0.0
2,66000,VOLCANIC_ROCK_VOUCHER_9750,440.0,22.0,,,,,441,22,,,,,440.5,0.0
2,66100,VOLCANIC_ROCK_VOUCHER_9750,436.0,20.0,,,,,437,20,,,,,436.5,0.0
2,66200,VOLCANIC_ROCK_VOUCHER_9750,438.0,21.0,,,,,439,21,,,,,438.5,0.0
2,66300,VOLCANIC_ROCK_VOUCHER_9750,439.0,3.0,,,,,440,16,,,,,439.5,0.0
2,66400,VOLCANIC_ROCK_VOUCHER_9750,435.0,12.0,,,,,436,12,,,,,435.5,0.0
2,66500,VOLCANIC_ROCK_VOUCHER_9750,435.0,12.0,,,,,436,12,,,,,435.5,0.0
2,66600,VOLCANIC_ROCK_VOUCHER_9750,432.0,22.0,,,,,433,22,,,,,432.5,0.0
2,66700,VOLCANIC_ROCK_VOUCHER_9750,431.0,12.0,,,,,432,12,,,,,431.5,0.0
2,66800,VOLCANIC_ROCK_VOUCHER_9750,432.0,18.0,,,,,433,18,,,,,432.5,0.0
2,66900,VOLCANIC_ROCK_VOUCHER_9750,434.0,14.0,,,,,435,14,,,,,434.5,0.0
2,67000,VOLCANIC_ROCK_VOUCHER_9750,435.0,17.0,,,,,436,17,,,,,435.5,0.0
2,67100,VOLCANIC_ROCK_VOUCHER_9750,434.0,15.0,,,,,435,15,,,,,434.5,0.0
2,67200,VOLCANIC_ROCK_VOUCHER_9750,431.0,1.0,,,,,432,13,,,,,431.5,0.0
2,67300,VOLCANIC_ROCK_VOUCHER_9750,431.0,19.0,,,,,432,19,,,,,431.5,0.0
2,67400,VOLCANIC_ROCK_VOUCHER_9750,432.0,18.0,,,,,433,18,,,,,432.5,0.0
2,67500,VOLCANIC_ROCK_VOUCHER_9750,433.0,19.0,,,,,434,19,,,,,433.5,0.0
2,67600,VOLCANIC_ROCK_VOUCHER_9750,431.0,18.0,,,,,432,18,,,,,431.5,0.0
2,67700,VOLCANIC_ROCK_VOUCHER_9750,433.0,17.0,,,,,434,17,,,,,433.5,0.0
2,67800,VOLCANIC_ROCK_VOUCHER_9750,434.0,16.0,,,,,436,16,,,,,435.0,0.0
2,67900,VOLCANIC_ROCK_VOUCHER_9750,434.0,20.0,,,,,435,20,,,,,434.5,0.0
2,68000,VOLCANIC_ROCK_VOUCHER_9750,433.0,15.0,,,,,434,15,,,,,433.5,0.0
2,68100,VOLCANIC_ROCK_VOUCHER_9750,433.0,13.0,,,,,434,13,,,,,433.5,0.0
2,68200,VOLCANIC_ROCK_VOUCHER_9750,432.0,11.0,,,,,433,11,,,,,432.5,0.0
2,68300,VOLCANIC_ROCK_VOUCHER_9750,434.0,34.0,,,,,435,16,,,,,434.5,0.0
2,68400,VOLCANIC_ROCK_VOUCHER_9750,435.0,20.0,,,,,436,20,,,,,435.5,0.0
2,68500,VOLCANIC_ROCK_VOUCHER_9750,441.0,15.0,,,,,442,15,,,,,441.5,0.0
2,68600,VOLCANIC_ROCK_VOUCHER_9750,441.0,11.0,,,,,442,11,,,,,441.5,0.0
2,68700,VOLCANIC_ROCK_VOUCHER_9750,446.0,11.0,,,,,448,11,,,,,447.0,0.0
2,68800,VOLCANIC_ROCK_VOUCHER_9750,442.0,21.0,,,,,443,21,,,,,442.5,0.0
2,68900,VOLCANIC_ROCK_VOUCHER_9750,444.0,14.0,,,,,445,14,,,,,444.5,0.0
2,69000,VOLCANIC_ROCK_VOUCHER_9750,443.0,19.0,,,,,444,19,,,,,443.5,0.0
2,69100,VOLCANIC_ROCK_VOUCHER_9750,442.0,21.0,,,,,443,14,,,,,442.5,0.0
2,69200,VOLCANIC_ROCK_VOUCHER_9750,444.0,14.0,,,,,445,14,,,,,444.5,0.0
2,69300,VOLCANIC_ROCK_VOUCHER_9750,443.0,3.0,,,,,444,18,,,,,443.5,0.0
2,69400,VOLCANIC_ROCK_VOUCHER_9750,439.0,22.0,,,,,440,22,,,,,439.5,0.0
2,69500,VOLCANIC_ROCK_VOUCHER_9750,439.0,21.0,,,,,440,21,,,,,439.5,0.0
2,69600,VOLCANIC_ROCK_VOUCHER_9750,,,,,,,441,20,,,,,441.0,0.0
2,69700,VOLCANIC_ROCK_VOUCHER_9750,439.0,16.0,,,,,440,16,,,,,439.5,0.0
2,69800,VOLCANIC_ROCK_VOUCHER_9750,439.0,12.0,,,,,440,12,,,,,439.5,0.0
2,69900,VOLCANIC_ROCK_VOUCHER_9750,439.0,11.0,,,,,440,11,,,,,439.5,0.0
2,70000,VOLCANIC_ROCK_VOUCHER_9750,437.0,18.0,,,,,438,18,,,,,437.5,0.0
2,70100,VOLCANIC_ROCK_VOUCHER_9750,438.0,19.0,,,,,439,19,,,,,438.5,0.0
2,70200,VOLCANIC_ROCK_VOUCHER_9750,437.0,23.0,,,,,438,16,,,,,437.5,0.0
2,70300,VOLCANIC_ROCK_VOUCHER_9750,436.0,16.0,,,,,437,16,,,,,436.5,0.0
2,70400,VOLCANIC_ROCK_VOUCHER_9750,440.0,14.0,,,,,441,14,,,,,440.5,0.0
2,70500,VOLCANIC_ROCK_VOUCHER_9750,439.0,19.0,,,,,440,19,,,,,439.5,0.0
2,70600,VOLCANIC_ROCK_VOUCHER_9750,438.0,20.0,,,,,439,20,,,,,438.5,0.0
2,70700,VOLCANIC_ROCK_VOUCHER_9750,437.0,18.0,,,,,439,18,,,,,438.0,0.0
2,70800,VOLCANIC_ROCK_VOUCHER_9750,438.0,14.0,,,,,439,14,,,,,438.5,0.0
2,70900,VOLCANIC_ROCK_VOUCHER_9750,438.0,17.0,,,,,439,17,,,,,438.5,0.0
2,71000,VOLCANIC_ROCK_VOUCHER_9750,438.0,21.0,,,,,439,21,,,,,438.5,0.0
2,71100,VOLCANIC_ROCK_VOUCHER_9750,439.0,20.0,,,,,440,20,,,,,439.5,0.0
2,71200,VOLCANIC_ROCK_VOUCHER_9750,440.0,15.0,,,,,441,15,,,,,440.5,0.0
2,71300,VOLCANIC_ROCK_VOUCHER_9750,441.0,18.0,,,,,442,18,,,,,441.5,0.0
2,71400,VOLCANIC_ROCK_VOUCHER_9750,443.0,17.0,442.0,18.0,,,444,18,,,,,443.5,0.0
2,71500,VOLCANIC_ROCK_VOUCHER_9750,442.0,18.0,,,,,443,18,,,,,442.5,0.0
2,71600,VOLCANIC_ROCK_VOUCHER_9750,442.0,34.0,,,,,443,20,,,,,442.5,0.0
2,71700,VOLCANIC_ROCK_VOUCHER_9750,,,,,,,442,6,443.0,12.0,,,442.0,0.0
2,71800,VOLCANIC_ROCK_VOUCHER_9750,441.0,20.0,,,,,442,20,,,,,441.5,0.0
2,71900,VOLCANIC_ROCK_VOUCHER_9750,441.0,35.0,,,,,442,17,,,,,441.5,0.0
2,72000,VOLCANIC_ROCK_VOUCHER_9750,439.0,16.0,,,,,440,16,,,,,439.5,0.0
2,72100,VOLCANIC_ROCK_VOUCHER_9750,439.0,32.0,,,,,440,18,,,,,439.5,0.0
2,72200,VOLCANIC_ROCK_VOUCHER_9750,439.0,14.0,,,,,440,14,,,,,439.5,0.0
2,72300,VOLCANIC_ROCK_VOUCHER_9750,443.0,18.0,,,,,444,18,,,,,443.5,0.0
2,72400,VOLCANIC_ROCK_VOUCHER_9750,437.0,18.0,,,,,438,18,,,,,437.5,0.0
2,72500,VOLCANIC_ROCK_VOUCHER_9750,435.0,20.0,,,,,436,20,,,,,435.5,0.0
2,72600,VOLCANIC_ROCK_VOUCHER_9750,431.0,18.0,,,,,432,18,,,,,431.5,0.0
2,72700,VOLCANIC_ROCK_VOUCHER_9750,431.0,15.0,,,,,432,15,,,,,431.5,0.0
2,72800,VOLCANIC_ROCK_VOUCHER_9750,433.0,13.0,,,,,434,13,,,,,433.5,0.0
2,72900,VOLCANIC_ROCK_VOUCHER_9750,435.0,21.0,,,,,436,21,,,,,435.5,0.0
2,73000,VOLCANIC_ROCK_VOUCHER_9750,436.0,6.0,,,,,437,18,,,,,436.5,0.0
2,73100,VOLCANIC_ROCK_VOUCHER_9750,436.0,20.0,,,,,437,20,,,,,436.5,0.0
2,73200,VOLCANIC_ROCK_VOUCHER_9750,436.0,22.0,,,,,437,22,,,,,436.5,0.0
2,73300,VOLCANIC_ROCK_VOUCHER_9750,434.0,11.0,,,,,435,11,,,,,434.5,0.0
2,73400,VOLCANIC_ROCK_VOUCHER_9750,432.0,21.0,,,,,433,21,,,,,432.5,0.0
2,73500,VOLCANIC_ROCK_VOUCHER_9750,433.0,11.0,,,,,434,11,,,,,433.5,0.0
2,73600,VOLCANIC_ROCK_VOUCHER_9750,434.0,17.0,,,,,435,2,436.0,15.0,,,434.5,0.0
2,73700,VOLCANIC_ROCK_VOUCHER_9750,434.0,17.0,,,,,435,17,,,,,434.5,0.0
2,73800,VOLCANIC_ROCK_VOUCHER_9750,433.0,21.0,,,,,434,21,,,,,433.5,0.0
2,73900,VOLCANIC_ROCK_VOUCHER_9750,434.0,20.0,,,,,435,20,,,,,434.5,0.0
2,74000,VOLCANIC_ROCK_VOUCHER_9750,434.0,15.0,,,,,436,15,,,,,435.0,0.0
2,74100,VOLCANIC_ROCK_VOUCHER_9750,442.0,17.0,,,,,443,17,,,,,442.5,0.0
2,74200,VOLCANIC_ROCK_VOUCHER_9750,439.0,19.0,,,,,440,19,,,,,439.5,0.0
2,74300,VOLCANIC_ROCK_VOUCHER_9750,438.0,21.0,,,,,439,21,,,,,438.5,0.0
2,74400,VOLCANIC_ROCK_VOUCHER_9750,440.0,20.0,,,,,441,20,,,,,440.5,0.0
2,74500,VOLCANIC_ROCK_VOUCHER_9750,441.0,17.0,,,,,442,17,,,,,441.5,0.0
2,74600,VOLCANIC_ROCK_VOUCHER_9750,439.0,14.0,,,,,440,14,,,,,439.5,0.0
2,74700,VOLCANIC_ROCK_VOUCHER_9750,439.0,15.0,,,,,440,15,,,,,439.5,0.0
2,74800,VOLCANIC_ROCK_VOUCHER_9750,439.0,13.0,,,,,440,13,,,,,439.5,0.0
2,74900,VOLCANIC_ROCK_VOUCHER_9750,437.0,3.0,,,,,438,17,,,,,437.5,0.0
2,75000,VOLCANIC_ROCK_VOUCHER_9750,439.0,17.0,,,,,440,17,,,,,439.5,0.0
2,75100,VOLCANIC_ROCK_VOUCHER_9750,439.0,11.0,,,,,440,11,,,,,439.5,0.0
2,75200,VOLCANIC_ROCK_VOUCHER_9750,438.0,15.0,,,,,439,15,,,,,438.5,0.0
2,75300,VOLCANIC_ROCK_VOUCHER_9750,438.0,19.0,,,,,439,19,,,,,438.5,0.0
2,75400,VOLCANIC_ROCK_VOUCHER_9750,435.0,20.0,,,,,436,20,,,,,435.5,0.0
2,75500,VOLCANIC_ROCK_VOUCHER_9750,438.0,17.0,,,,,439,17,,,,,438.5,0.0
2,75600,VOLCANIC_ROCK_VOUCHER_9750,437.0,22.0,,,,,438,22,,,,,437.5,0.0
2,75700,VOLCANIC_ROCK_VOUCHER_9750,437.0,14.0,,,,,438,14,,,,,437.5,0.0
2,75800,VOLCANIC_ROCK_VOUCHER_9750,436.0,17.0,,,,,437,17,,,,,436.5,0.0
2,75900,VOLCANIC_ROCK_VOUCHER_9750,436.0,20.0,,,,,437,20,,,,,436.5,0.0
2,76000,VOLCANIC_ROCK_VOUCHER_9750,435.0,1.0,,,,,436,18,,,,,435.5,0.0
2,76100,VOLCANIC_ROCK_VOUCHER_9750,435.0,12.0,,,,,436,12,,,,,435.5,0.0
2,76200,VOLCANIC_ROCK_VOUCHER_9750,434.0,16.0,,,,,435,16,,,,,434.5,0.0
2,76300,VOLCANIC_ROCK_VOUCHER_9750,437.0,11.0,,,,,438,11,,,,,437.5,0.0
2,76400,VOLCANIC_ROCK_VOUCHER_9750,436.0,15.0,,,,,437,15,,,,,436.5,0.0
2,76500,VOLCANIC_ROCK_VOUCHER_9750,437.0,18.0,,,,,438,18,,,,,437.5,0.0
2,76600,VOLCANIC_ROCK_VOUCHER_9750,435.0,16.0,,,,,436,16,,,,,435.5,0.0
2,76700,VOLCANIC_ROCK_VOUCHER_9750,436.0,18.0,,,,,437,18,,,,,436.5,0.0
2,76800,VOLCANIC_ROCK_VOUCHER_9750,435.0,15.0,,,,,436,15,,,,,435.5,0.0
2,76900,VOLCANIC_ROCK_VOUCHER_9750,435.0,13.0,,,,,436,13,,,,,435.5,0.0
2,77000,VOLCANIC_ROCK_VOUCHER_9750,435.0,13.0,,,,,436,13,,,,,435.5,0.0
2,77100,VOLCANIC_ROCK_VOUCHER_9750,434.0,10.0,,,,,435,10,,,,,434.5,0.0
2,77200,VOLCANIC_ROCK_VOUCHER_9750,434.0,18.0,,,,,436,18,,,,,435.0,0.0
2,77300,VOLCANIC_ROCK_VOUCHER_9750,436.0,20.0,,,,,438,20,,,,,437.0,0.0
2,77400,VOLCANIC_ROCK_VOUCHER_9750,436.0,21.0,,,,,437,21,,,,,436.5,0.0
2,77500,VOLCANIC_ROCK_VOUCHER_9750,436.0,20.0,,,,,437,20,,,,,436.5,0.0
2,77600,VOLCANIC_ROCK_VOUCHER_9750,435.0,21.0,,,,,436,21,,,,,435.5,0.0
2,77700,VOLCANIC_ROCK_VOUCHER_9750,436.0,12.0,,,,,437,12,,,,,436.5,0.0
2,77800,VOLCANIC_ROCK_VOUCHER_9750,436.0,16.0,,,,,437,16,,,,,436.5,0.0
2,77900,VOLCANIC_ROCK_VOUCHER_9750,437.0,13.0,,,,,438,13,,,,,437.5,0.0
2,78000,VOLCANIC_ROCK_VOUCHER_9750,435.0,22.0,,,,,436,22,,,,,435.5,0.0
2,78100,VOLCANIC_ROCK_VOUCHER_9750,435.0,11.0,,,,,436,11,,,,,435.5,0.0
2,78200,VOLCANIC_ROCK_VOUCHER_9750,435.0,12.0,,,,,436,12,,,,,435.5,0.0
2,78300,VOLCANIC_ROCK_VOUCHER_9750,436.0,19.0,,,,,437,19,,,,,436.5,0.0
2,78400,VOLCANIC_ROCK_VOUCHER_9750,431.0,17.0,,,,,432,17,,,,,431.5,0.0
2,78500,VOLCANIC_ROCK_VOUCHER_9750,431.0,6.0,,,,,432,20,,,,,431.5,0.0
2,78600,VOLCANIC_ROCK_VOUCHER_9750,430.0,11.0,,,,,432,11,,,,,431.0,0.0
2,78700,VOLCANIC_ROCK_VOUCHER_9750,431.0,17.0,,,,,432,17,,,,,431.5,0.0
2,78800,VOLCANIC_ROCK_VOUCHER_9750,431.0,20.0,,,,,432,20,,,,,431.5,0.0
2,78900,VOLCANIC_ROCK_VOUCHER_9750,433.0,22.0,,,,,435,22,,,,,434.0,0.0
2,79000,VOLCANIC_ROCK_VOUCHER_9750,434.0,16.0,,,,,435,16,,,,,434.5,0.0
2,79100,VOLCANIC_ROCK_VOUCHER_9750,434.0,38.0,,,,,435,20,,,,,434.5,0.0
2,79200,VOLCANIC_ROCK_VOUCHER_9750,433.0,35.0,,,,,434,18,,,,,433.5,0.0
2,79300,VOLCANIC_ROCK_VOUCHER_9750,432.0,17.0,,,,,433,17,,,,,432.5,0.0
2,79400,VOLCANIC_ROCK_VOUCHER_9750,432.0,16.0,,,,,433,16,,,,,432.5,0.0
2,79500,VOLCANIC_ROCK_VOUCHER_9750,433.0,14.0,,,,,434,14,,,,,433.5,0.0
2,79600,VOLCANIC_ROCK_VOUCHER_9750,431.0,16.0,,,,,432,16,,,,,431.5,0.0
2,79700,VOLCANIC_ROCK_VOUCHER_9750,431.0,34.0,,,,,432,17,,,,,431.5,0.0
2,79800,VOLCANIC_ROCK_VOUCHER_9750,431.0,16.0,,,,,432,16,,,,,431.5,0.0
2,79900,VOLCANIC_ROCK_VOUCHER_9750,430.0,18.0,,,,,431,18,,,,,430.5,0.0
2,80000,VOLCANIC_ROCK_VOUCHER_9750,431.0,4.0,,,,,432,19,,,,,431.5,0.0
2,80100,VOLCANIC_ROCK_VOUCHER_9750,433.0,16.0,,,,,434,16,,,,,433.5,0.0
2,80200,VOLCANIC_ROCK_VOUCHER_9750,434.0,1.0,,,,,435,13,,,,,434.5,0.0
2,80300,VOLCANIC_ROCK_VOUCHER_9750,435.0,14.0,,,,,436,14,,,,,435.5,0.0
2,80400,VOLCANIC_ROCK_VOUCHER_9750,436.0,20.0,,,,,437,20,,,,,436.5,0.0
2,80500,VOLCANIC_ROCK_VOUCHER_9750,436.0,11.0,,,,,437,11,,,,,436.5,0.0
2,80600,VOLCANIC_ROCK_VOUCHER_9750,437.0,10.0,,,,,438,10,,,,,437.5,0.0
2,80700,VOLCANIC_ROCK_VOUCHER_9750,438.0,20.0,,,,,439,20,,,,,438.5,0.0
2,80800,VOLCANIC_ROCK_VOUCHER_9750,438.0,31.0,,,,,439,16,,,,,438.5,0.0
2,80900,VOLCANIC_ROCK_VOUCHER_9750,436.0,20.0,,,,,438,20,,,,,437.0,0.0
2,81000,VOLCANIC_ROCK_VOUCHER_9750,437.0,17.0,,,,,438,17,,,,,437.5,0.0
2,81100,VOLCANIC_ROCK_VOUCHER_9750,437.0,19.0,,,,,438,19,,,,,437.5,0.0
2,81200,VOLCANIC_ROCK_VOUCHER_9750,437.0,20.0,,,,,438,20,,,,,437.5,0.0
2,81300,VOLCANIC_ROCK_VOUCHER_9750,436.0,18.0,,,,,437,18,,,,,436.5,0.0
2,81400,VOLCANIC_ROCK_VOUCHER_9750,433.0,15.0,,,,,434,15,,,,,433.5,0.0
2,81500,VOLCANIC_ROCK_VOUCHER_9750,432.0,15.0,,,,,434,15,,,,,433.0,0.0
2,81600,VOLCANIC_ROCK_VOUCHER_9750,431.0,19.0,,,,,432,19,,,,,431.5,0.0
2,81700,VOLCANIC_ROCK_VOUCHER_9750,434.0,12.0,,,,,435,12,,,,,434.5,0.0
2,81800,VOLCANIC_ROCK_VOUCHER_9750,433.0,13.0,,,,,434,13,,,,,433.5,0.0
2,81900,VOLCANIC_ROCK_VOUCHER_9750,433.0,13.0,,,,,435,13,,,,,434.0,0.0
2,82000,VOLCANIC_ROCK_VOUCHER_9750,436.0,15.0,,,,,437,15,,,,,436.5,0.0
2,82100,VOLCANIC_ROCK_VOUCHER_9750,439.0,17.0,,,,,440,17,,,,,439.5,0.0
2,82200,VOLCANIC_ROCK_VOUCHER_9750,437.0,13.0,,,,,438,13,,,,,437.5,0.0
2,82300,VOLCANIC_ROCK_VOUCHER_9750,437.0,10.0,,,,,438,10,,,,,437.5,0.0
2,82400,VOLCANIC_ROCK_VOUCHER_9750,437.0,14.0,,,,,438,14,,,,,437.5,0.0
2,82500,VOLCANIC_ROCK_VOUCHER_9750,437.0,21.0,,,,,438,21,,,,,437.5,0.0
2,82600,VOLCANIC_ROCK_VOUCHER_9750,437.0,15.0,,,,,438,15,,,,,437.5,0.0
2,82700,VOLCANIC_ROCK_VOUCHER_9750,439.0,18.0,,,,,440,18,,,,,439.5,0.0
2,82800,VOLCANIC_ROCK_VOUCHER_9750,439.0,12.0,,,,,440,12,,,,,439.5,0.0
2,82900,VOLCANIC_ROCK_VOUCHER_9750,438.0,12.0,,,,,439,12,,,,,438.5,0.0
2,83000,VOLCANIC_ROCK_VOUCHER_9750,438.0,14.0,,,,,439,14,,,,,438.5,0.0
2,83100,VOLCANIC_ROCK_VOUCHER_9750,438.0,29.0,,,,,439,16,,,,,438.5,0.0
2,83200,VOLCANIC_ROCK_VOUCHER_9750,438.0,16.0,,,,,439,16,,,,,438.5,0.0
2,83300,VOLCANIC_ROCK_VOUCHER_9750,438.0,16.0,,,,,439,16,,,,,438.5,0.0
2,83400,VOLCANIC_ROCK_VOUCHER_9750,436.0,18.0,,,,,437,18,,,,,436.5,0.0
2,83500,VOLCANIC_ROCK_VOUCHER_9750,437.0,12.0,,,,,438,12,,,,,437.5,0.0
2,83600,VOLCANIC_ROCK_VOUCHER_9750,436.0,14.0,,,,,437,14,,,,,436.5,0.0
2,83700,VOLCANIC_ROCK_VOUCHER_9750,438.0,22.0,,,,,439,22,,,,,438.5,0.0
2,83800,VOLCANIC_ROCK_VOUCHER_9750,438.0,8.0,,,,,439,19,,,,,438.5,0.0
2,83900,VOLCANIC_ROCK_VOUCHER_9750,438.0,14.0,,,,,439,14,,,,,438.5,0.0
2,84000,VOLCANIC_ROCK_VOUCHER_9750,436.0,14.0,,,,,437,14,,,,,436.5,0.0
2,84100,VOLCANIC_ROCK_VOUCHER_9750,435.0,20.0,,,,,436,20,,,,,435.5,0.0
2,84200,VOLCANIC_ROCK_VOUCHER_9750,434.0,16.0,,,,,435,16,,,,,434.5,0.0
2,84300,VOLCANIC_ROCK_VOUCHER_9750,432.0,19.0,,,,,433,19,,,,,432.5,0.0
2,84400,VOLCANIC_ROCK_VOUCHER_9750,431.0,10.0,,,,,432,10,,,,,431.5,0.0
2,84500,VOLCANIC_ROCK_VOUCHER_9750,432.0,16.0,,,,,433,16,,,,,432.5,0.0
2,84600,VOLCANIC_ROCK_VOUCHER_9750,432.0,22.0,,,,,433,22,,,,,432.5,0.0
2,84700,VOLCANIC_ROCK_VOUCHER_9750,433.0,13.0,,,,,434,13,,,,,433.5,0.0
2,84800,VOLCANIC_ROCK_VOUCHER_9750,434.0,13.0,,,,,435,13,,,,,434.5,0.0
2,84900,VOLCANIC_ROCK_VOUCHER_9750,432.0,15.0,,,,,433,15,,,,,432.5,0.0
2,85000,VOLCANIC_ROCK_VOUCHER_9750,431.0,14.0,,,,,432,14,,,,,431.5,0.0
2,85100,VOLCANIC_ROCK_VOUCHER_9750,431.0,7.0,,,,,432,12,,,,,431.5,0.0
2,85200,VOLCANIC_ROCK_VOUCHER_9750,433.0,12.0,,,,,434,12,,,,,433.5,0.0
2,85300,VOLCANIC_ROCK_VOUCHER_9750,433.0,13.0,,,,,434,13,,,,,433.5,0.0
2,85400,VOLCANIC_ROCK_VOUCHER_9750,433.0,1.0,,,,,434,10,,,,,433.5,0.0
2,85500,VOLCANIC_ROCK_VOUCHER_9750,435.0,17.0,,,,,436,17,,,,,435.5,0.0
2,85600,VOLCANIC_ROCK_VOUCHER_9750,434.0,14.0,,,,,435,14,,,,,434.5,0.0
2,85700,VOLCANIC_ROCK_VOUCHER_9750,433.0,19.0,,,,,434,19,,,,,433.5,0.0
2,85800,VOLCANIC_ROCK_VOUCHER_9750,431.0,10.0,,,,,432,10,,,,,431.5,0.0
2,85900,VOLCANIC_ROCK_VOUCHER_9750,429.0,22.0,,,,,430,22,,,,,429.5,0.0
2,86000,VOLCANIC_ROCK_VOUCHER_9750,427.0,12.0,,,,,428,12,,,,,427.5,0.0
2,86100,VOLCANIC_ROCK_VOUCHER_9750,423.0,17.0,,,,,424,17,,,,,423.5,0.0
2,86200,VOLCANIC_ROCK_VOUCHER_9750,424.0,15.0,,,,,425,15,,,,,424.5,0.0
2,86300,VOLCANIC_ROCK_VOUCHER_9750,426.0,13.0,,,,,427,13,,,,,426.5,0.0
2,86400,VOLCANIC_ROCK_VOUCHER_9750,427.0,27.0,,,,,428,12,,,,,427.5,0.0
2,86500,VOLCANIC_ROCK_VOUCHER_9750,426.0,12.0,,,,,427,12,,,,,426.5,0.0
2,86600,VOLCANIC_ROCK_VOUCHER_9750,425.0,19.0,,,,,426,19,,,,,425.5,0.0
2,86700,VOLCANIC_ROCK_VOUCHER_9750,426.0,13.0,,,,,427,13,,,,,426.5,0.0
2,86800,VOLCANIC_ROCK_VOUCHER_9750,425.0,22.0,,,,,426,22,,,,,425.5,0.0
2,86900,VOLCANIC_ROCK_VOUCHER_9750,424.0,16.0,,,,,425,16,,,,,424.5,0.0
2,87000,VOLCANIC_ROCK_VOUCHER_9750,425.0,12.0,,,,,426,12,,,,,425.5,0.0
2,87100,VOLCANIC_ROCK_VOUCHER_9750,425.0,33.0,,,,,426,16,,,,,425.5,0.0
2,87200,VOLCANIC_ROCK_VOUCHER_9750,426.0,15.0,,,,,427,15,,,,,426.5,0.0
2,87300,VOLCANIC_ROCK_VOUCHER_9750,424.0,13.0,,,,,425,13,,,,,424.5,0.0
2,87400,VOLCANIC_ROCK_VOUCHER_9750,424.0,16.0,,,,,425,16,,,,,424.5,0.0
2,87500,VOLCANIC_ROCK_VOUCHER_9750,427.0,16.0,,,,,428,16,,,,,427.5,0.0
2,87600,VOLCANIC_ROCK_VOUCHER_9750,426.0,20.0,,,,,427,20,,,,,426.5,0.0
2,87700,VOLCANIC_ROCK_VOUCHER_9750,424.0,12.0,,,,,425,12,,,,,424.5,0.0
2,87800,VOLCANIC_ROCK_VOUCHER_9750,424.0,20.0,,,,,425,20,,,,,424.5,0.0
2,87900,VOLCANIC_ROCK_VOUCHER_9750,425.0,16.0,,,,,426,16,,,,,425.5,0.0
2,88000,VOLCANIC_ROCK_VOUCHER_9750,425.0,19.0,,,,,426,19,,,,,425.5,0.0
2,88100,VOLCANIC_ROCK_VOUCHER_9750,426.0,24.0,,,,,427,11,,,,,426.5,0.0
2,88200,VOLCANIC_ROCK_VOUCHER_9750,429.0,18.0,,,,,430,18,,,,,429.5,0.0
2,88300,VOLCANIC_ROCK_VOUCHER_9750,430.0,21.0,,,,,431,21,,,,,430.5,0.0
2,88400,VOLCANIC_ROCK_VOUCHER_9750,431.0,13.0,,,,,432,13,,,,,431.5,0.0
2,88500,VOLCANIC_ROCK_VOUCHER_9750,430.0,14.0,,,,,431,14,,,,,430.5,0.0
2,88600,VOLCANIC_ROCK_VOUCHER_9750,430.0,14.0,,,,,431,14,,,,,430.5,0.0
2,88700,VOLCANIC_ROCK_VOUCHER_9750,429.0,6.0,,,,,430,18,,,,,429.5,0.0
2,88800,VOLCANIC_ROCK_VOUCHER_9750,430.0,12.0,,,,,431,12,,,,,430.5,0.0
2,88900,VOLCANIC_ROCK_VOUCHER_9750,429.0,14.0,,,,,430,14,,,,,429.5,0.0
2,89000,VOLCANIC_ROCK_VOUCHER_9750,429.0,15.0,,,,,430,15,,,,,429.5,0.0
2,89100,VOLCANIC_ROCK_VOUCHER_9750,429.0,15.0,,,,,430,15,,,,,429.5,0.0
2,89200,VOLCANIC_ROCK_VOUCHER_9750,429.0,17.0,,,,,430,17,,,,,429.5,0.0
2,89300,VOLCANIC_ROCK_VOUCHER_9750,429.0,16.0,,,,,431,16,,,,,430.0,0.0
2,89400,VOLCANIC_ROCK_VOUCHER_9750,431.0,12.0,,,,,432,12,,,,,431.5,0.0
2,89500,VOLCANIC_ROCK_VOUCHER_9750,431.0,15.0,,,,,432,15,,,,,431.5,0.0
2,89600,VOLCANIC_ROCK_VOUCHER_9750,433.0,13.0,,,,,434,13,,,,,433.5,0.0
2,89700,VOLCANIC_ROCK_VOUCHER_9750,434.0,15.0,,,,,436,15,,,,,435.0,0.0
2,89800,VOLCANIC_ROCK_VOUCHER_9750,435.0,16.0,,,,,436,16,,,,,435.5,0.0
2,89900,VOLCANIC_ROCK_VOUCHER_9750,432.0,27.0,,,,,433,14,,,,,432.5,0.0
2,90000,VOLCANIC_ROCK_VOUCHER_9750,431.0,18.0,,,,,432,18,,,,,431.5,0.0
2,90100,VOLCANIC_ROCK_VOUCHER_9750,431.0,10.0,,,,,432,10,,,,,431.5,0.0
2,90200,VOLCANIC_ROCK_VOUCHER_9750,431.0,15.0,,,,,432,15,,,,,431.5,0.0
2,90300,VOLCANIC_ROCK_VOUCHER_9750,431.0,12.0,,,,,432,12,,,,,431.5,0.0
2,90400,VOLCANIC_ROCK_VOUCHER_9750,427.0,1.0,,,,,428,11,,,,,427.5,0.0
2,90500,VOLCANIC_ROCK_VOUCHER_9750,428.0,17.0,,,,,430,17,,,,,429.0,0.0
2,90600,VOLCANIC_ROCK_VOUCHER_9750,428.0,33.0,,,,,429,16,,,,,428.5,0.0
2,90700,VOLCANIC_ROCK_VOUCHER_9750,426.0,14.0,,,,,428,14,,,,,427.0,0.0
2,90800,VOLCANIC_ROCK_VOUCHER_9750,426.0,13.0,,,,,427,13,,,,,426.5,0.0
2,90900,VOLCANIC_ROCK_VOUCHER_9750,426.0,12.0,,,,,427,12,,,,,426.5,0.0
2,91000,VOLCANIC_ROCK_VOUCHER_9750,429.0,17.0,,,,,430,17,,,,,429.5,0.0
2,91100,VOLCANIC_ROCK_VOUCHER_9750,431.0,27.0,,,,,432,13,,,,,431.5,0.0
2,91200,VOLCANIC_ROCK_VOUCHER_9750,428.0,12.0,,,,,429,12,,,,,428.5,0.0
2,91300,VOLCANIC_ROCK_VOUCHER_9750,429.0,16.0,,,,,430,16,,,,,429.5,0.0
2,91400,VOLCANIC_ROCK_VOUCHER_9750,430.0,16.0,,,,,431,16,,,,,430.5,0.0
2,91500,VOLCANIC_ROCK_VOUCHER_9750,431.0,21.0,,,,,432,21,,,,,431.5,0.0
2,91600,VOLCANIC_ROCK_VOUCHER_9750,429.0,21.0,,,,,430,21,,,,,429.5,0.0
2,91700,VOLCANIC_ROCK_VOUCHER_9750,430.0,32.0,,,,,431,14,,,,,430.5,0.0
2,91800,VOLCANIC_ROCK_VOUCHER_9750,430.0,12.0,,,,,431,12,,,,,430.5,0.0
2,91900,VOLCANIC_ROCK_VOUCHER_9750,426.0,15.0,,,,,427,15,,,,,426.5,0.0
2,92000,VOLCANIC_ROCK_VOUCHER_9750,428.0,21.0,,,,,429,21,,,,,428.5,0.0
2,92100,VOLCANIC_ROCK_VOUCHER_9750,429.0,10.0,,,,,431,10,,,,,430.0,0.0
2,92200,VOLCANIC_ROCK_VOUCHER_9750,433.0,19.0,,,,,434,19,,,,,433.5,0.0
2,92300,VOLCANIC_ROCK_VOUCHER_9750,435.0,20.0,,,,,436,20,,,,,435.5,0.0
2,92400,VOLCANIC_ROCK_VOUCHER_9750,437.0,1.0,,,,,438,12,,,,,437.5,0.0
2,92500,VOLCANIC_ROCK_VOUCHER_9750,441.0,18.0,,,,,442,18,,,,,441.5,0.0
2,92600,VOLCANIC_ROCK_VOUCHER_9750,443.0,12.0,,,,,444,12,,,,,443.5,0.0
2,92700,VOLCANIC_ROCK_VOUCHER_9750,441.0,19.0,,,,,442,19,,,,,441.5,0.0
2,92800,VOLCANIC_ROCK_VOUCHER_9750,442.0,17.0,,,,,443,17,,,,,442.5,0.0
2,92900,VOLCANIC_ROCK_VOUCHER_9750,440.0,4.0,,,,,441,20,,,,,440.5,0.0
2,93000,VOLCANIC_ROCK_VOUCHER_9750,437.0,13.0,,,,,438,13,,,,,437.5,0.0
2,93100,VOLCANIC_ROCK_VOUCHER_9750,437.0,21.0,,,,,438,21,,,,,437.5,0.0
2,93200,VOLCANIC_ROCK_VOUCHER_9750,436.0,17.0,,,,,437,17,,,,,436.5,0.0
2,93300,VOLCANIC_ROCK_VOUCHER_9750,436.0,22.0,,,,,437,22,,,,,436.5,0.0
2,93400,VOLCANIC_ROCK_VOUCHER_9750,433.0,21.0,,,,,434,21,,,,,433.5,0.0
2,93500,VOLCANIC_ROCK_VOUCHER_9750,435.0,13.0,,,,,436,13,,,,,435.5,0.0
2,93600,VOLCANIC_ROCK_VOUCHER_9750,435.0,13.0,,,,,436,13,,,,,435.5,0.0
2,93700,VOLCANIC_ROCK_VOUCHER_9750,437.0,12.0,,,,,438,12,,,,,437.5,0.0
2,93800,VOLCANIC_ROCK_VOUCHER_9750,435.0,14.0,,,,,436,14,,,,,435.5,0.0
2,93900,VOLCANIC_ROCK_VOUCHER_9750,435.0,14.0,,,,,436,14,,,,,435.5,0.0
2,94000,VOLCANIC_ROCK_VOUCHER_9750,434.0,0.0,,,,,435,17,,,,,434.5,0.0
2,94100,VOLCANIC_ROCK_VOUCHER_9750,434.0,16.0,,,,,435,16,,,,,434.5,0.0
2,94200,VOLCANIC_ROCK_VOUCHER_9750,433.0,13.0,,,,,434,13,,,,,433.5,0.0
2,94300,VOLCANIC_ROCK_VOUCHER_9750,430.0,21.0,,,,,431,21,,,,,430.5,0.0
2,94400,VOLCANIC_ROCK_VOUCHER_9750,430.0,17.0,,,,,431,17,,,,,430.5,0.0
2,94500,VOLCANIC_ROCK_VOUCHER_9750,430.0,34.0,,,,,431,20,,,,,430.5,0.0
2,94600,VOLCANIC_ROCK_VOUCHER_9750,430.0,16.0,,,,,431,16,,,,,430.5,0.0
2,94700,VOLCANIC_ROCK_VOUCHER_9750,429.0,16.0,,,,,430,16,,,,,429.5,0.0
2,94800,VOLCANIC_ROCK_VOUCHER_9750,429.0,15.0,,,,,430,15,,,,,429.5,0.0
2,94900,VOLCANIC_ROCK_VOUCHER_9750,429.0,15.0,,,,,430,15,,,,,429.5,0.0
2,95000,VOLCANIC_ROCK_VOUCHER_9750,431.0,13.0,,,,,432,13,,,,,431.5,0.0
2,95100,VOLCANIC_ROCK_VOUCHER_9750,429.0,31.0,,,,,430,12,,,,,429.5,0.0
2,95200,VOLCANIC_ROCK_VOUCHER_9750,428.0,22.0,,,,,430,22,,,,,429.0,0.0
2,95300,VOLCANIC_ROCK_VOUCHER_9750,426.0,15.0,,,,,427,15,,,,,426.5,0.0
2,95400,VOLCANIC_ROCK_VOUCHER_9750,427.0,15.0,,,,,428,15,,,,,427.5,0.0
2,95500,VOLCANIC_ROCK_VOUCHER_9750,429.0,16.0,,,,,430,16,,,,,429.5,0.0
2,95600,VOLCANIC_ROCK_VOUCHER_9750,426.0,15.0,,,,,427,15,,,,,426.5,0.0
2,95700,VOLCANIC_ROCK_VOUCHER_9750,427.0,16.0,,,,,428,16,,,,,427.5,0.0
2,95800,VOLCANIC_ROCK_VOUCHER_9750,427.0,12.0,,,,,428,12,,,,,427.5,0.0
2,95900,VOLCANIC_ROCK_VOUCHER_9750,429.0,2.0,,,,,430,17,,,,,429.5,0.0
2,96000,VOLCANIC_ROCK_VOUCHER_9750,427.0,21.0,,,,,428,21,,,,,427.5,0.0
2,96100,VOLCANIC_ROCK_VOUCHER_9750,426.0,19.0,,,,,427,19,,,,,426.5,0.0
2,96200,VOLCANIC_ROCK_VOUCHER_9750,428.0,14.0,,,,,429,14,,,,,428.5,0.0
2,96300,VOLCANIC_ROCK_VOUCHER_9750,429.0,19.0,,,,,430,19,,,,,429.5,0.0
2,96400,VOLCANIC_ROCK_VOUCHER_9750,425.0,33.0,,,,,426,18,,,,,425.5,0.0
2,96500,VOLCANIC_ROCK_VOUCHER_9750,426.0,17.0,,,,,427,17,,,,,426.5,0.0
2,96600,VOLCANIC_ROCK_VOUCHER_9750,425.0,15.0,,,,,426,15,,,,,425.5,0.0
2,96700,VOLCANIC_ROCK_VOUCHER_9750,425.0,11.0,,,,,426,11,,,,,425.5,0.0
2,96800,VOLCANIC_ROCK_VOUCHER_9750,421.0,10.0,,,,,422,10,,,,,421.5,0.0
2,96900,VOLCANIC_ROCK_VOUCHER_9750,420.0,19.0,,,,,422,19,,,,,421.0,0.0
2,97000,VOLCANIC_ROCK_VOUCHER_9750,422.0,15.0,,,,,423,15,,,,,422.5,0.0
2,97100,VOLCANIC_ROCK_VOUCHER_9750,423.0,20.0,,,,,424,20,,,,,423.5,0.0
2,97200,VOLCANIC_ROCK_VOUCHER_9750,421.0,20.0,,,,,422,15,,,,,421.5,0.0
2,97300,VOLCANIC_ROCK_VOUCHER_9750,421.0,36.0,,,,,422,17,,,,,421.5,0.0
2,97400,VOLCANIC_ROCK_VOUCHER_9750,420.0,21.0,,,,,421,21,,,,,420.5,0.0
2,97500,VOLCANIC_ROCK_VOUCHER_9750,420.0,17.0,,,,,421,17,,,,,420.5,0.0
2,97600,VOLCANIC_ROCK_VOUCHER_9750,422.0,13.0,,,,,423,13,,,,,422.5,0.0
2,97700,VOLCANIC_ROCK_VOUCHER_9750,420.0,14.0,,,,,421,14,,,,,420.5,0.0
2,97800,VOLCANIC_ROCK_VOUCHER_9750,420.0,21.0,,,,,421,21,,,,,420.5,0.0
2,97900,VOLCANIC_ROCK_VOUCHER_9750,420.0,16.0,,,,,421,16,,,,,420.5,0.0
2,98000,VOLCANIC_ROCK_VOUCHER_9750,421.0,15.0,,,,,422,15,,,,,421.5,0.0
2,98100,VOLCANIC_ROCK_VOUCHER_9750,418.0,12.0,,,,,419,12,,,,,418.5,0.0
2,98200,VOLCANIC_ROCK_VOUCHER_9750,417.0,19.0,,,,,418,19,,,,,417.5,0.0
2,98300,VOLCANIC_ROCK_VOUCHER_9750,417.0,21.0,,,,,418,21,,,,,417.5,0.0
2,98400,VOLCANIC_ROCK_VOUCHER_9750,416.0,18.0,,,,,417,18,,,,,416.5,0.0
2,98500,VOLCANIC_ROCK_VOUCHER_9750,413.0,14.0,,,,,414,14,,,,,413.5,0.0
2,98600,VOLCANIC_ROCK_VOUCHER_9750,414.0,19.0,,,,,415,19,,,,,414.5,0.0
2,98700,VOLCANIC_ROCK_VOUCHER_9750,414.0,22.0,,,,,415,22,,,,,414.5,0.0
2,98800,VOLCANIC_ROCK_VOUCHER_9750,415.0,19.0,,,,,416,19,,,,,415.5,0.0
2,98900,VOLCANIC_ROCK_VOUCHER_9750,414.0,13.0,,,,,415,13,,,,,414.5,0.0
2,99000,VOLCANIC_ROCK_VOUCHER_9750,415.0,19.0,,,,,416,19,,,,,415.5,0.0
2,99100,VOLCANIC_ROCK_VOUCHER_9750,415.0,21.0,,,,,416,21,,,,,415.5,0.0
2,99200,VOLCANIC_ROCK_VOUCHER_9750,415.0,11.0,,,,,416,11,,,,,415.5,0.0
2,99300,VOLCANIC_ROCK_VOUCHER_9750,413.0,20.0,,,,,415,20,,,,,414.0,0.0
2,99400,VOLCANIC_ROCK_VOUCHER_9750,410.0,20.0,,,,,411,20,,,,,410.5,0.0
2,99500,VOLCANIC_ROCK_VOUCHER_9750,406.0,12.0,,,,,407,12,,,,,406.5,0.0
2,99600,VOLCANIC_ROCK_VOUCHER_9750,406.0,14.0,,,,,407,14,,,,,406.5,0.0
2,99700,VOLCANIC_ROCK_VOUCHER_9750,402.0,22.0,,,,,404,22,,,,,403.0,0.0
2,99800,VOLCANIC_ROCK_VOUCHER_9750,408.0,17.0,,,,,409,17,,,,,408.5,0.0
2,99900,VOLCANIC_ROCK_VOUCHER_9750,407.0,14.0,,,,,409,14,,,,,408.0,0.0
2,100000,VOLCANIC_ROCK_VOUCHER_9750,408.0,13.0,,,,,409,13,,,,,408.5,0.0
2,100100,VOLCANIC_ROCK_VOUCHER_9750,407.0,14.0,,,,,408,14,,,,,407.5,0.0
2,100200,VOLCANIC_ROCK_VOUCHER_9750,405.0,19.0,,,,,406,19,,,,,405.5,0.0
2,100300,VOLCANIC_ROCK_VOUCHER_9750,406.0,16.0,,,,,407,16,,,,,406.5,0.0
2,100400,VOLCANIC_ROCK_VOUCHER_9750,406.0,27.0,,,,,407,14,,,,,406.5,0.0
2,100500,VOLCANIC_ROCK_VOUCHER_9750,406.0,10.0,,,,,407,10,,,,,406.5,0.0
2,100600,VOLCANIC_ROCK_VOUCHER_9750,408.0,15.0,,,,,409,15,,,,,408.5,0.0
2,100700,VOLCANIC_ROCK_VOUCHER_9750,408.0,15.0,,,,,409,15,,,,,408.5,0.0
2,100800,VOLCANIC_ROCK_VOUCHER_9750,407.0,11.0,,,,,408,11,,,,,407.5,0.0
2,100900,VOLCANIC_ROCK_VOUCHER_9750,404.0,17.0,,,,,405,17,,,,,404.5,0.0
2,101000,VOLCANIC_ROCK_VOUCHER_9750,406.0,12.0,,,,,407,12,,,,,406.5,0.0
2,101100,VOLCANIC_ROCK_VOUCHER_9750,408.0,14.0,,,,,409,14,,,,,408.5,0.0
2,101200,VOLCANIC_ROCK_VOUCHER_9750,408.0,22.0,,,,,409,22,,,,,408.5,0.0
2,101300,VOLCANIC_ROCK_VOUCHER_9750,407.0,1.0,,,,,408,18,,,,,407.5,0.0
2,101400,VOLCANIC_ROCK_VOUCHER_9750,408.0,10.0,,,,,409,10,,,,,408.5,0.0
2,101500,VOLCANIC_ROCK_VOUCHER_9750,408.0,15.0,,,,,409,15,,,,,408.5,0.0
2,101600,VOLCANIC_ROCK_VOUCHER_9750,408.0,17.0,,,,,409,17,,,,,408.5,0.0
2,101700,VOLCANIC_ROCK_VOUCHER_9750,406.0,10.0,,,,,408,10,,,,,407.0,0.0
2,101800,VOLCANIC_ROCK_VOUCHER_9750,407.0,14.0,,,,,408,14,,,,,407.5,0.0
2,101900,VOLCANIC_ROCK_VOUCHER_9750,408.0,13.0,,,,,409,13,,,,,408.5,0.0
2,102000,VOLCANIC_ROCK_VOUCHER_9750,408.0,5.0,,,,,409,18,,,,,408.5,0.0
2,102100,VOLCANIC_ROCK_VOUCHER_9750,406.0,14.0,,,,,407,12,,,,,406.5,0.0
2,102200,VOLCANIC_ROCK_VOUCHER_9750,406.0,20.0,,,,,407,20,,,,,406.5,0.0
2,102300,VOLCANIC_ROCK_VOUCHER_9750,405.0,14.0,,,,,406,14,,,,,405.5,0.0
2,102400,VOLCANIC_ROCK_VOUCHER_9750,402.0,14.0,,,,,403,14,,,,,402.5,0.0
2,102500,VOLCANIC_ROCK_VOUCHER_9750,399.0,15.0,,,,,400,15,,,,,399.5,0.0
2,102600,VOLCANIC_ROCK_VOUCHER_9750,,,,,,,401,1,402.0,19.0,,,401.0,0.0
2,102700,VOLCANIC_ROCK_VOUCHER_9750,401.0,12.0,,,,,402,12,,,,,401.5,0.0
2,102800,VOLCANIC_ROCK_VOUCHER_9750,399.0,14.0,,,,,400,14,,,,,399.5,0.0
2,102900,VOLCANIC_ROCK_VOUCHER_9750,401.0,12.0,,,,,402,12,,,,,401.5,0.0
2,103000,VOLCANIC_ROCK_VOUCHER_9750,402.0,42.0,,,,,403,22,,,,,402.5,0.0
2,103100,VOLCANIC_ROCK_VOUCHER_9750,398.0,20.0,,,,,399,20,,,,,398.5,0.0
2,103200,VOLCANIC_ROCK_VOUCHER_9750,401.0,20.0,,,,,402,20,,,,,401.5,0.0
2,103300,VOLCANIC_ROCK_VOUCHER_9750,405.0,13.0,,,,,406,13,,,,,405.5,0.0
2,103400,VOLCANIC_ROCK_VOUCHER_9750,402.0,16.0,,,,,403,16,,,,,402.5,0.0
2,103500,VOLCANIC_ROCK_VOUCHER_9750,404.0,36.0,,,,,405,16,,,,,404.5,0.0
2,103600,VOLCANIC_ROCK_VOUCHER_9750,407.0,14.0,,,,,409,14,,,,,408.0,0.0
2,103700,VOLCANIC_ROCK_VOUCHER_9750,411.0,15.0,,,,,412,15,,,,,411.5,0.0
2,103800,VOLCANIC_ROCK_VOUCHER_9750,411.0,18.0,,,,,412,18,,,,,411.5,0.0
2,103900,VOLCANIC_ROCK_VOUCHER_9750,412.0,19.0,,,,,413,19,,,,,412.5,0.0
2,104000,VOLCANIC_ROCK_VOUCHER_9750,410.0,17.0,,,,,411,22,,,,,410.5,0.0
2,104100,VOLCANIC_ROCK_VOUCHER_9750,408.0,19.0,,,,,409,19,,,,,408.5,0.0
2,104200,VOLCANIC_ROCK_VOUCHER_9750,,,,,,,407,2,408.0,18.0,,,407.0,0.0
2,104300,VOLCANIC_ROCK_VOUCHER_9750,406.0,22.0,,,,,407,22,,,,,406.5,0.0
2,104400,VOLCANIC_ROCK_VOUCHER_9750,409.0,14.0,,,,,410,14,,,,,409.5,0.0
2,104500,VOLCANIC_ROCK_VOUCHER_9750,410.0,22.0,,,,,411,22,,,,,410.5,0.0
2,104600,VOLCANIC_ROCK_VOUCHER_9750,413.0,24.0,,,,,414,12,,,,,413.5,0.0
2,104700,VOLCANIC_ROCK_VOUCHER_9750,414.0,36.0,,,,,416,18,,,,,415.0,0.0
2,104800,VOLCANIC_ROCK_VOUCHER_9750,416.0,41.0,,,,,417,21,,,,,416.5,0.0
2,104900,VOLCANIC_ROCK_VOUCHER_9750,416.0,16.0,,,,,418,16,,,,,417.0,0.0
2,105000,VOLCANIC_ROCK_VOUCHER_9750,416.0,15.0,,,,,417,15,,,,,416.5,0.0
2,105100,VOLCANIC_ROCK_VOUCHER_9750,415.0,31.0,,,,,416,16,,,,,415.5,0.0
2,105200,VOLCANIC_ROCK_VOUCHER_9750,414.0,38.0,,,,,415,18,,,,,414.5,0.0
2,105300,VOLCANIC_ROCK_VOUCHER_9750,412.0,13.0,,,,,413,13,,,,,412.5,0.0
2,105400,VOLCANIC_ROCK_VOUCHER_9750,410.0,16.0,,,,,411,16,,,,,410.5,0.0
2,105500,VOLCANIC_ROCK_VOUCHER_9750,412.0,17.0,,,,,413,17,,,,,412.5,0.0
2,105600,VOLCANIC_ROCK_VOUCHER_9750,410.0,33.0,,,,,412,19,,,,,411.0,0.0
2,105700,VOLCANIC_ROCK_VOUCHER_9750,410.0,20.0,,,,,411,20,,,,,410.5,0.0
2,105800,VOLCANIC_ROCK_VOUCHER_9750,407.0,19.0,,,,,408,19,,,,,407.5,0.0
2,105900,VOLCANIC_ROCK_VOUCHER_9750,409.0,18.0,,,,,410,18,,,,,409.5,0.0
2,106000,VOLCANIC_ROCK_VOUCHER_9750,408.0,12.0,,,,,409,12,,,,,408.5,0.0
2,106100,VOLCANIC_ROCK_VOUCHER_9750,409.0,17.0,,,,,410,17,,,,,409.5,0.0
2,106200,VOLCANIC_ROCK_VOUCHER_9750,407.0,19.0,,,,,408,19,,,,,407.5,0.0
2,106300,VOLCANIC_ROCK_VOUCHER_9750,408.0,22.0,,,,,409,22,,,,,408.5,0.0
2,106400,VOLCANIC_ROCK_VOUCHER_9750,404.0,18.0,,,,,405,18,,,,,404.5,0.0
2,106500,VOLCANIC_ROCK_VOUCHER_9750,401.0,21.0,,,,,402,21,,,,,401.5,0.0
2,106600,VOLCANIC_ROCK_VOUCHER_9750,400.0,14.0,,,,,401,14,,,,,400.5,0.0
2,106700,VOLCANIC_ROCK_VOUCHER_9750,398.0,15.0,,,,,399,15,,,,,398.5,0.0
2,106800,VOLCANIC_ROCK_VOUCHER_9750,397.0,14.0,,,,,398,14,,,,,397.5,0.0
2,106900,VOLCANIC_ROCK_VOUCHER_9750,398.0,13.0,,,,,399,13,,,,,398.5,0.0
2,107000,VOLCANIC_ROCK_VOUCHER_9750,399.0,10.0,,,,,401,10,,,,,400.0,0.0
2,107100,VOLCANIC_ROCK_VOUCHER_9750,399.0,12.0,,,,,400,12,,,,,399.5,0.0
2,107200,VOLCANIC_ROCK_VOUCHER_9750,398.0,20.0,,,,,399,20,,,,,398.5,0.0
2,107300,VOLCANIC_ROCK_VOUCHER_9750,394.0,20.0,,,,,395,20,,,,,394.5,0.0
2,107400,VOLCANIC_ROCK_VOUCHER_9750,393.0,17.0,,,,,394,17,,,,,393.5,0.0
2,107500,VOLCANIC_ROCK_VOUCHER_9750,396.0,18.0,,,,,397,18,,,,,396.5,0.0
2,107600,VOLCANIC_ROCK_VOUCHER_9750,393.0,20.0,,,,,394,20,,,,,393.5,0.0
2,107700,VOLCANIC_ROCK_VOUCHER_9750,391.0,17.0,,,,,393,17,,,,,392.0,0.0
2,107800,VOLCANIC_ROCK_VOUCHER_9750,396.0,14.0,,,,,397,14,,,,,396.5,0.0
2,107900,VOLCANIC_ROCK_VOUCHER_9750,393.0,18.0,,,,,394,18,,,,,393.5,0.0
2,108000,VOLCANIC_ROCK_VOUCHER_9750,394.0,13.0,,,,,395,13,,,,,394.5,0.0
2,108100,VOLCANIC_ROCK_VOUCHER_9750,394.0,13.0,,,,,395,13,,,,,394.5,0.0
2,108200,VOLCANIC_ROCK_VOUCHER_9750,392.0,11.0,,,,,393,11,,,,,392.5,0.0
2,108300,VOLCANIC_ROCK_VOUCHER_9750,394.0,11.0,,,,,395,11,,,,,394.5,0.0
2,108400,VOLCANIC_ROCK_VOUCHER_9750,391.0,3.0,,,,,392,19,,,,,391.5,0.0
2,108500,VOLCANIC_ROCK_VOUCHER_9750,395.0,17.0,,,,,396,17,,,,,395.5,0.0
2,108600,VOLCANIC_ROCK_VOUCHER_9750,395.0,15.0,,,,,396,15,,,,,395.5,0.0
2,108700,VOLCANIC_ROCK_VOUCHER_9750,395.0,19.0,,,,,396,19,,,,,395.5,0.0
2,108800,VOLCANIC_ROCK_VOUCHER_9750,394.0,16.0,,,,,395,16,,,,,394.5,0.0
2,108900,VOLCANIC_ROCK_VOUCHER_9750,394.0,12.0,,,,,395,12,,,,,394.5,0.0
2,109000,VOLCANIC_ROCK_VOUCHER_9750,393.0,17.0,,,,,394,17,,,,,393.5,0.0
2,109100,VOLCANIC_ROCK_VOUCHER_9750,394.0,14.0,,,,,395,14,,,,,394.5,0.0
2,109200,VOLCANIC_ROCK_VOUCHER_9750,395.0,12.0,,,,,396,12,,,,,395.5,0.0
2,109300,VOLCANIC_ROCK_VOUCHER_9750,398.0,18.0,,,,,399,18,,,,,398.5,0.0
2,109400,VOLCANIC_ROCK_VOUCHER_9750,399.0,12.0,,,,,400,12,,,,,399.5,0.0
2,109500,VOLCANIC_ROCK_VOUCHER_9750,401.0,20.0,,,,,402,20,,,,,401.5,0.0
2,109600,VOLCANIC_ROCK_VOUCHER_9750,400.0,15.0,,,,,401,15,,,,,400.5,0.0
2,109700,VOLCANIC_ROCK_VOUCHER_9750,399.0,20.0,,,,,400,20,,,,,399.5,0.0
2,109800,VOLCANIC_ROCK_VOUCHER_9750,397.0,12.0,,,,,398,12,,,,,397.5,0.0
2,109900,VOLCANIC_ROCK_VOUCHER_9750,398.0,15.0,,,,,399,15,,,,,398.5,0.0
2,110000,VOLCANIC_ROCK_VOUCHER_9750,400.0,12.0,,,,,401,12,,,,,400.5,0.0
2,110100,VOLCANIC_ROCK_VOUCHER_9750,408.0,18.0,,,,,409,18,,,,,408.5,0.0
2,110200,VOLCANIC_ROCK_VOUCHER_9750,404.0,19.0,,,,,405,19,,,,,404.5,0.0
2,110300,VOLCANIC_ROCK_VOUCHER_9750,402.0,30.0,,,,,403,14,,,,,402.5,0.0
2,110400,VOLCANIC_ROCK_VOUCHER_9750,403.0,10.0,,,,,404,10,,,,,403.5,0.0
2,110500,VOLCANIC_ROCK_VOUCHER_9750,404.0,16.0,,,,,405,16,,,,,404.5,0.0
2,110600,VOLCANIC_ROCK_VOUCHER_9750,402.0,14.0,,,,,403,14,,,,,402.5,0.0
2,110700,VOLCANIC_ROCK_VOUCHER_9750,405.0,11.0,,,,,406,11,,,,,405.5,0.0
2,110800,VOLCANIC_ROCK_VOUCHER_9750,405.0,36.0,,,,,406,16,,,,,405.5,0.0
2,110900,VOLCANIC_ROCK_VOUCHER_9750,404.0,19.0,,,,,405,19,,,,,404.5,0.0
2,111000,VOLCANIC_ROCK_VOUCHER_9750,404.0,26.0,,,,,405,15,,,,,404.5,0.0
2,111100,VOLCANIC_ROCK_VOUCHER_9750,409.0,14.0,,,,,410,14,,,,,409.5,0.0
2,111200,VOLCANIC_ROCK_VOUCHER_9750,407.0,13.0,,,,,408,13,,,,,407.5,0.0
2,111300,VOLCANIC_ROCK_VOUCHER_9750,409.0,16.0,,,,,410,16,,,,,409.5,0.0
2,111400,VOLCANIC_ROCK_VOUCHER_9750,406.0,17.0,,,,,407,17,,,,,406.5,0.0
2,111500,VOLCANIC_ROCK_VOUCHER_9750,407.0,16.0,,,,,409,16,,,,,408.0,0.0
2,111600,VOLCANIC_ROCK_VOUCHER_9750,404.0,20.0,,,,,406,20,,,,,405.0,0.0
2,111700,VOLCANIC_ROCK_VOUCHER_9750,406.0,19.0,,,,,407,19,,,,,406.5,0.0
2,111800,VOLCANIC_ROCK_VOUCHER_9750,408.0,10.0,,,,,409,10,,,,,408.5,0.0
2,111900,VOLCANIC_ROCK_VOUCHER_9750,414.0,15.0,,,,,415,15,,,,,414.5,0.0
2,112000,VOLCANIC_ROCK_VOUCHER_9750,,,,,,,413,2,414.0,16.0,,,413.0,0.0
2,112100,VOLCANIC_ROCK_VOUCHER_9750,411.0,18.0,,,,,412,18,,,,,411.5,0.0
2,112200,VOLCANIC_ROCK_VOUCHER_9750,413.0,20.0,,,,,414,20,,,,,413.5,0.0
2,112300,VOLCANIC_ROCK_VOUCHER_9750,411.0,13.0,,,,,412,13,,,,,411.5,0.0
2,112400,VOLCANIC_ROCK_VOUCHER_9750,409.0,19.0,,,,,410,19,,,,,409.5,0.0
2,112500,VOLCANIC_ROCK_VOUCHER_9750,410.0,17.0,,,,,411,17,,,,,410.5,0.0
2,112600,VOLCANIC_ROCK_VOUCHER_9750,410.0,26.0,,,,,411,15,,,,,410.5,0.0
2,112700,VOLCANIC_ROCK_VOUCHER_9750,413.0,13.0,,,,,414,13,,,,,413.5,0.0
2,112800,VOLCANIC_ROCK_VOUCHER_9750,413.0,14.0,,,,,414,14,,,,,413.5,0.0
2,112900,VOLCANIC_ROCK_VOUCHER_9750,414.0,11.0,,,,,415,11,,,,,414.5,0.0
2,113000,VOLCANIC_ROCK_VOUCHER_9750,413.0,12.0,,,,,414,12,,,,,413.5,0.0
2,113100,VOLCANIC_ROCK_VOUCHER_9750,412.0,17.0,,,,,413,17,,,,,412.5,0.0
2,113200,VOLCANIC_ROCK_VOUCHER_9750,410.0,18.0,,,,,411,18,,,,,410.5,0.0
2,113300,VOLCANIC_ROCK_VOUCHER_9750,409.0,18.0,,,,,410,18,,,,,409.5,0.0
2,113400,VOLCANIC_ROCK_VOUCHER_9750,407.0,17.0,,,,,408,17,,,,,407.5,0.0
2,113500,VOLCANIC_ROCK_VOUCHER_9750,406.0,22.0,,,,,407,22,,,,,406.5,0.0
2,113600,VOLCANIC_ROCK_VOUCHER_9750,,,,,,,407,2,408.0,14.0,,,407.0,0.0
2,113700,VOLCANIC_ROCK_VOUCHER_9750,405.0,14.0,,,,,406,14,,,,,405.5,0.0
2,113800,VOLCANIC_ROCK_VOUCHER_9750,407.0,14.0,,,,,408,14,,,,,407.5,0.0
2,113900,VOLCANIC_ROCK_VOUCHER_9750,411.0,14.0,,,,,413,21,,,,,412.0,0.0
2,114000,VOLCANIC_ROCK_VOUCHER_9750,411.0,16.0,,,,,412,16,,,,,411.5,0.0
2,114100,VOLCANIC_ROCK_VOUCHER_9750,409.0,16.0,,,,,410,16,,,,,409.5,0.0
2,114200,VOLCANIC_ROCK_VOUCHER_9750,407.0,20.0,,,,,408,20,,,,,407.5,0.0
2,114300,VOLCANIC_ROCK_VOUCHER_9750,408.0,16.0,,,,,409,16,,,,,408.5,0.0
2,114400,VOLCANIC_ROCK_VOUCHER_9750,406.0,16.0,,,,,407,16,,,,,406.5,0.0
2,114500,VOLCANIC_ROCK_VOUCHER_9750,,,,,,,407,7,408.0,13.0,,,407.0,0.0
2,114600,VOLCANIC_ROCK_VOUCHER_9750,406.0,21.0,,,,,408,21,,,,,407.0,0.0
2,114700,VOLCANIC_ROCK_VOUCHER_9750,407.0,16.0,,,,,408,16,,,,,407.5,0.0
2,114800,VOLCANIC_ROCK_VOUCHER_9750,408.0,21.0,,,,,409,16,,,,,408.5,0.0
2,114900,VOLCANIC_ROCK_VOUCHER_9750,410.0,19.0,,,,,411,19,,,,,410.5,0.0
2,115000,VOLCANIC_ROCK_VOUCHER_9750,409.0,20.0,,,,,410,20,,,,,409.5,0.0
2,115100,VOLCANIC_ROCK_VOUCHER_9750,408.0,12.0,,,,,409,12,,,,,408.5,0.0
2,115200,VOLCANIC_ROCK_VOUCHER_9750,409.0,18.0,,,,,410,18,,,,,409.5,0.0
2,115300,VOLCANIC_ROCK_VOUCHER_9750,408.0,19.0,,,,,409,19,,,,,408.5,0.0
2,115400,VOLCANIC_ROCK_VOUCHER_9750,406.0,18.0,,,,,407,18,,,,,406.5,0.0
2,115500,VOLCANIC_ROCK_VOUCHER_9750,406.0,33.0,,,,,407,13,,,,,406.5,0.0
2,115600,VOLCANIC_ROCK_VOUCHER_9750,405.0,16.0,,,,,406,16,,,,,405.5,0.0
2,115700,VOLCANIC_ROCK_VOUCHER_9750,409.0,21.0,,,,,410,21,,,,,409.5,0.0
2,115800,VOLCANIC_ROCK_VOUCHER_9750,410.0,16.0,,,,,411,16,,,,,410.5,0.0
2,115900,VOLCANIC_ROCK_VOUCHER_9750,408.0,12.0,,,,,409,12,,,,,408.5,0.0
2,116000,VOLCANIC_ROCK_VOUCHER_9750,407.0,11.0,,,,,408,11,,,,,407.5,0.0
2,116100,VOLCANIC_ROCK_VOUCHER_9750,404.0,18.0,,,,,405,18,,,,,404.5,0.0
2,116200,VOLCANIC_ROCK_VOUCHER_9750,404.0,17.0,,,,,405,17,,,,,404.5,0.0
2,116300,VOLCANIC_ROCK_VOUCHER_9750,404.0,16.0,,,,,405,16,,,,,404.5,0.0
2,116400,VOLCANIC_ROCK_VOUCHER_9750,404.0,1.0,,,,,405,21,,,,,404.5,0.0
2,116500,VOLCANIC_ROCK_VOUCHER_9750,403.0,17.0,,,,,404,17,,,,,403.5,0.0
2,116600,VOLCANIC_ROCK_VOUCHER_9750,403.0,14.0,,,,,404,14,,,,,403.5,0.0
2,116700,VOLCANIC_ROCK_VOUCHER_9750,403.0,19.0,,,,,404,19,,,,,403.5,0.0
2,116800,VOLCANIC_ROCK_VOUCHER_9750,403.0,17.0,,,,,404,17,,,,,403.5,0.0
2,116900,VOLCANIC_ROCK_VOUCHER_9750,406.0,13.0,,,,,407,13,,,,,406.5,0.0
2,117000,VOLCANIC_ROCK_VOUCHER_9750,404.0,20.0,,,,,405,20,,,,,404.5,0.0
2,117100,VOLCANIC_ROCK_VOUCHER_9750,405.0,18.0,,,,,406,18,,,,,405.5,0.0
2,117200,VOLCANIC_ROCK_VOUCHER_9750,406.0,12.0,,,,,407,12,,,,,406.5,0.0
2,117300,VOLCANIC_ROCK_VOUCHER_9750,407.0,19.0,,,,,408,2,409.0,17.0,,,407.5,0.0
2,117400,VOLCANIC_ROCK_VOUCHER_9750,406.0,37.0,,,,,407,20,,,,,406.5,0.0
2,117500,VOLCANIC_ROCK_VOUCHER_9750,411.0,15.0,,,,,412,15,,,,,411.5,0.0
2,117600,VOLCANIC_ROCK_VOUCHER_9750,409.0,13.0,,,,,410,13,,,,,409.5,0.0
2,117700,VOLCANIC_ROCK_VOUCHER_9750,409.0,21.0,,,,,410,21,,,,,409.5,0.0
2,117800,VOLCANIC_ROCK_VOUCHER_9750,410.0,16.0,,,,,411,16,,,,,410.5,0.0
2,117900,VOLCANIC_ROCK_VOUCHER_9750,410.0,12.0,,,,,411,12,,,,,410.5,0.0
2,118000,VOLCANIC_ROCK_VOUCHER_9750,413.0,10.0,,,,,414,10,,,,,413.5,0.0
2,118100,VOLCANIC_ROCK_VOUCHER_9750,413.0,21.0,,,,,414,21,,,,,413.5,0.0
2,118200,VOLCANIC_ROCK_VOUCHER_9750,412.0,18.0,,,,,413,18,,,,,412.5,0.0
2,118300,VOLCANIC_ROCK_VOUCHER_9750,410.0,21.0,,,,,411,21,,,,,410.5,0.0
2,118400,VOLCANIC_ROCK_VOUCHER_9750,405.0,31.0,,,,,406,21,,,,,405.5,0.0
2,118500,VOLCANIC_ROCK_VOUCHER_9750,403.0,20.0,,,,,404,20,,,,,403.5,0.0
2,118600,VOLCANIC_ROCK_VOUCHER_9750,401.0,17.0,,,,,402,17,,,,,401.5,0.0
2,118700,VOLCANIC_ROCK_VOUCHER_9750,402.0,19.0,,,,,404,19,,,,,403.0,0.0
2,118800,VOLCANIC_ROCK_VOUCHER_9750,399.0,17.0,,,,,400,17,,,,,399.5,0.0
2,118900,VOLCANIC_ROCK_VOUCHER_9750,402.0,18.0,,,,,403,18,,,,,402.5,0.0
2,119000,VOLCANIC_ROCK_VOUCHER_9750,402.0,16.0,,,,,403,16,,,,,402.5,0.0
2,119100,VOLCANIC_ROCK_VOUCHER_9750,403.0,17.0,,,,,404,17,,,,,403.5,0.0
2,119200,VOLCANIC_ROCK_VOUCHER_9750,403.0,12.0,,,,,404,12,,,,,403.5,0.0
2,119300,VOLCANIC_ROCK_VOUCHER_9750,404.0,16.0,,,,,405,16,,,,,404.5,0.0
2,119400,VOLCANIC_ROCK_VOUCHER_9750,406.0,20.0,,,,,407,20,,,,,406.5,0.0
2,119500,VOLCANIC_ROCK_VOUCHER_9750,408.0,15.0,,,,,409,15,,,,,408.5,0.0
2,119600,VOLCANIC_ROCK_VOUCHER_9750,407.0,16.0,,,,,408,16,,,,,407.5,0.0
2,119700,VOLCANIC_ROCK_VOUCHER_9750,407.0,17.0,,,,,408,17,,,,,407.5,0.0
2,119800,VOLCANIC_ROCK_VOUCHER_9750,405.0,12.0,,,,,406,12,,,,,405.5,0.0
2,119900,VOLCANIC_ROCK_VOUCHER_9750,409.0,11.0,,,,,410,11,,,,,409.5,0.0
2,120000,VOLCANIC_ROCK_VOUCHER_9750,405.0,13.0,,,,,406,13,,,,,405.5,0.0
2,120100,VOLCANIC_ROCK_VOUCHER_9750,406.0,19.0,,,,,407,19,,,,,406.5,0.0
2,120200,VOLCANIC_ROCK_VOUCHER_9750,405.0,14.0,,,,,406,14,,,,,405.5,0.0
2,120300,VOLCANIC_ROCK_VOUCHER_9750,405.0,14.0,,,,,406,14,,,,,405.5,0.0
2,120400,VOLCANIC_ROCK_VOUCHER_9750,404.0,15.0,,,,,405,15,,,,,404.5,0.0
2,120500,VOLCANIC_ROCK_VOUCHER_9750,406.0,22.0,,,,,407,22,,,,,406.5,0.0
2,120600,VOLCANIC_ROCK_VOUCHER_9750,403.0,16.0,,,,,404,16,,,,,403.5,0.0
2,120700,VOLCANIC_ROCK_VOUCHER_9750,402.0,22.0,,,,,403,22,,,,,402.5,0.0
2,120800,VOLCANIC_ROCK_VOUCHER_9750,402.0,19.0,,,,,403,19,,,,,402.5,0.0
2,120900,VOLCANIC_ROCK_VOUCHER_9750,400.0,18.0,,,,,401,18,,,,,400.5,0.0
2,121000,VOLCANIC_ROCK_VOUCHER_9750,402.0,18.0,,,,,403,18,,,,,402.5,0.0
2,121100,VOLCANIC_ROCK_VOUCHER_9750,401.0,20.0,,,,,402,20,,,,,401.5,0.0
2,121200,VOLCANIC_ROCK_VOUCHER_9750,400.0,17.0,,,,,401,17,,,,,400.5,0.0
2,121300,VOLCANIC_ROCK_VOUCHER_9750,399.0,13.0,,,,,400,13,,,,,399.5,0.0
2,121400,VOLCANIC_ROCK_VOUCHER_9750,398.0,10.0,,,,,399,10,,,,,398.5,0.0
2,121500,VOLCANIC_ROCK_VOUCHER_9750,398.0,17.0,,,,,399,17,,,,,398.5,0.0
2,121600,VOLCANIC_ROCK_VOUCHER_9750,399.0,20.0,,,,,400,20,,,,,399.5,0.0
2,121700,VOLCANIC_ROCK_VOUCHER_9750,397.0,8.0,,,,,398,19,,,,,397.5,0.0
2,121800,VOLCANIC_ROCK_VOUCHER_9750,398.0,20.0,,,,,399,20,,,,,398.5,0.0
2,121900,VOLCANIC_ROCK_VOUCHER_9750,403.0,19.0,,,,,404,19,,,,,403.5,0.0
2,122000,VOLCANIC_ROCK_VOUCHER_9750,403.0,16.0,,,,,404,16,,,,,403.5,0.0
2,122100,VOLCANIC_ROCK_VOUCHER_9750,402.0,19.0,,,,,403,19,,,,,402.5,0.0
2,122200,VOLCANIC_ROCK_VOUCHER_9750,402.0,20.0,,,,,403,20,,,,,402.5,0.0
2,122300,VOLCANIC_ROCK_VOUCHER_9750,400.0,20.0,,,,,401,20,,,,,400.5,0.0
2,122400,VOLCANIC_ROCK_VOUCHER_9750,400.0,19.0,,,,,401,19,,,,,400.5,0.0
2,122500,VOLCANIC_ROCK_VOUCHER_9750,400.0,17.0,,,,,401,17,,,,,400.5,0.0
2,122600,VOLCANIC_ROCK_VOUCHER_9750,399.0,22.0,,,,,400,22,,,,,399.5,0.0
2,122700,VOLCANIC_ROCK_VOUCHER_9750,402.0,22.0,,,,,404,22,,,,,403.0,0.0
2,122800,VOLCANIC_ROCK_VOUCHER_9750,405.0,19.0,,,,,406,19,,,,,405.5,0.0
2,122900,VOLCANIC_ROCK_VOUCHER_9750,404.0,15.0,,,,,405,15,,,,,404.5,0.0
2,123000,VOLCANIC_ROCK_VOUCHER_9750,407.0,12.0,,,,,408,12,,,,,407.5,0.0
2,123100,VOLCANIC_ROCK_VOUCHER_9750,409.0,18.0,,,,,410,18,,,,,409.5,0.0
2,123200,VOLCANIC_ROCK_VOUCHER_9750,412.0,19.0,,,,,413,19,,,,,412.5,0.0
2,123300,VOLCANIC_ROCK_VOUCHER_9750,415.0,13.0,,,,,416,13,,,,,415.5,0.0
2,123400,VOLCANIC_ROCK_VOUCHER_9750,413.0,20.0,,,,,414,20,,,,,413.5,0.0
2,123500,VOLCANIC_ROCK_VOUCHER_9750,414.0,11.0,,,,,415,11,,,,,414.5,0.0
2,123600,VOLCANIC_ROCK_VOUCHER_9750,411.0,20.0,,,,,412,20,,,,,411.5,0.0
2,123700,VOLCANIC_ROCK_VOUCHER_9750,410.0,21.0,,,,,411,21,,,,,410.5,0.0
2,123800,VOLCANIC_ROCK_VOUCHER_9750,410.0,20.0,,,,,411,20,,,,,410.5,0.0
2,123900,VOLCANIC_ROCK_VOUCHER_9750,409.0,20.0,,,,,410,20,,,,,409.5,0.0
2,124000,VOLCANIC_ROCK_VOUCHER_9750,409.0,15.0,,,,,410,15,,,,,409.5,0.0
2,124100,VOLCANIC_ROCK_VOUCHER_9750,407.0,19.0,,,,,408,19,,,,,407.5,0.0
2,124200,VOLCANIC_ROCK_VOUCHER_9750,409.0,22.0,,,,,410,22,,,,,409.5,0.0
2,124300,VOLCANIC_ROCK_VOUCHER_9750,407.0,19.0,,,,,408,19,,,,,407.5,0.0
2,124400,VOLCANIC_ROCK_VOUCHER_9750,406.0,19.0,,,,,407,19,,,,,406.5,0.0
2,124500,VOLCANIC_ROCK_VOUCHER_9750,409.0,20.0,,,,,410,20,,,,,409.5,0.0
2,124600,VOLCANIC_ROCK_VOUCHER_9750,407.0,11.0,,,,,408,11,,,,,407.5,0.0
2,124700,VOLCANIC_ROCK_VOUCHER_9750,409.0,34.0,,,,,410,14,,,,,409.5,0.0
2,124800,VOLCANIC_ROCK_VOUCHER_9750,409.0,28.0,,,,,410,13,,,,,409.5,0.0
2,124900,VOLCANIC_ROCK_VOUCHER_9750,411.0,20.0,,,,,412,12,,,,,411.5,0.0
2,125000,VOLCANIC_ROCK_VOUCHER_9750,417.0,18.0,,,,,418,18,,,,,417.5,0.0
2,125100,VOLCANIC_ROCK_VOUCHER_9750,415.0,16.0,,,,,416,16,,,,,415.5,0.0
2,125200,VOLCANIC_ROCK_VOUCHER_9750,414.0,11.0,,,,,415,11,,,,,414.5,0.0
2,125300,VOLCANIC_ROCK_VOUCHER_9750,411.0,18.0,,,,,412,18,,,,,411.5,0.0
2,125400,VOLCANIC_ROCK_VOUCHER_9750,413.0,16.0,,,,,414,16,,,,,413.5,0.0
2,125500,VOLCANIC_ROCK_VOUCHER_9750,414.0,20.0,,,,,415,20,,,,,414.5,0.0
2,125600,VOLCANIC_ROCK_VOUCHER_9750,412.0,16.0,,,,,413,16,,,,,412.5,0.0
2,125700,VOLCANIC_ROCK_VOUCHER_9750,413.0,11.0,,,,,414,11,,,,,413.5,0.0
2,125800,VOLCANIC_ROCK_VOUCHER_9750,413.0,12.0,,,,,414,12,,,,,413.5,0.0
2,125900,VOLCANIC_ROCK_VOUCHER_9750,413.0,19.0,,,,,414,19,,,,,413.5,0.0
2,126000,VOLCANIC_ROCK_VOUCHER_9750,415.0,19.0,,,,,416,19,,,,,415.5,0.0
2,126100,VOLCANIC_ROCK_VOUCHER_9750,413.0,12.0,,,,,414,12,,,,,413.5,0.0
2,126200,VOLCANIC_ROCK_VOUCHER_9750,414.0,13.0,,,,,415,13,,,,,414.5,0.0
2,126300,VOLCANIC_ROCK_VOUCHER_9750,415.0,18.0,,,,,416,18,,,,,415.5,0.0
2,126400,VOLCANIC_ROCK_VOUCHER_9750,411.0,21.0,,,,,412,21,,,,,411.5,0.0
2,126500,VOLCANIC_ROCK_VOUCHER_9750,412.0,11.0,,,,,413,11,,,,,412.5,0.0
2,126600,VOLCANIC_ROCK_VOUCHER_9750,412.0,11.0,,,,,413,11,,,,,412.5,0.0
2,126700,VOLCANIC_ROCK_VOUCHER_9750,413.0,16.0,,,,,414,16,,,,,413.5,0.0
2,126800,VOLCANIC_ROCK_VOUCHER_9750,413.0,18.0,,,,,414,18,,,,,413.5,0.0
2,126900,VOLCANIC_ROCK_VOUCHER_9750,409.0,18.0,,,,,410,18,,,,,409.5,0.0
2,127000,VOLCANIC_ROCK_VOUCHER_9750,408.0,20.0,,,,,409,20,,,,,408.5,0.0
2,127100,VOLCANIC_ROCK_VOUCHER_9750,408.0,26.0,,,,,409,13,,,,,408.5,0.0
2,127200,VOLCANIC_ROCK_VOUCHER_9750,,,,,,,407,9,408.0,10.0,,,407.0,0.0
2,127300,VOLCANIC_ROCK_VOUCHER_9750,404.0,13.0,,,,,405,13,,,,,404.5,0.0
2,127400,VOLCANIC_ROCK_VOUCHER_9750,402.0,16.0,,,,,404,16,,,,,403.0,0.0
2,127500,VOLCANIC_ROCK_VOUCHER_9750,405.0,21.0,,,,,406,11,,,,,405.5,0.0
2,127600,VOLCANIC_ROCK_VOUCHER_9750,408.0,15.0,,,,,409,15,,,,,408.5,0.0
2,127700,VOLCANIC_ROCK_VOUCHER_9750,407.0,18.0,,,,,408,18,,,,,407.5,0.0
2,127800,VOLCANIC_ROCK_VOUCHER_9750,406.0,14.0,,,,,407,14,,,,,406.5,0.0
2,127900,VOLCANIC_ROCK_VOUCHER_9750,405.0,12.0,,,,,406,12,,,,,405.5,0.0
2,128000,VOLCANIC_ROCK_VOUCHER_9750,404.0,19.0,,,,,405,19,,,,,404.5,0.0
2,128100,VOLCANIC_ROCK_VOUCHER_9750,403.0,16.0,,,,,404,16,,,,,403.5,0.0
2,128200,VOLCANIC_ROCK_VOUCHER_9750,402.0,20.0,,,,,403,20,,,,,402.5,0.0
2,128300,VOLCANIC_ROCK_VOUCHER_9750,400.0,23.0,,,,,401,13,,,,,400.5,0.0
2,128400,VOLCANIC_ROCK_VOUCHER_9750,400.0,15.0,,,,,401,15,,,,,400.5,0.0
2,128500,VOLCANIC_ROCK_VOUCHER_9750,403.0,20.0,,,,,404,20,,,,,403.5,0.0
2,128600,VOLCANIC_ROCK_VOUCHER_9750,403.0,11.0,,,,,404,11,,,,,403.5,0.0
2,128700,VOLCANIC_ROCK_VOUCHER_9750,406.0,11.0,,,,,407,11,,,,,406.5,0.0
2,128800,VOLCANIC_ROCK_VOUCHER_9750,404.0,12.0,,,,,405,12,,,,,404.5,0.0
2,128900,VOLCANIC_ROCK_VOUCHER_9750,406.0,8.0,,,,,407,20,,,,,406.5,0.0
2,129000,VOLCANIC_ROCK_VOUCHER_9750,406.0,14.0,,,,,407,14,,,,,406.5,0.0
2,129100,VOLCANIC_ROCK_VOUCHER_9750,406.0,4.0,,,,,407,19,,,,,406.5,0.0
2,129200,VOLCANIC_ROCK_VOUCHER_9750,407.0,19.0,,,,,408,19,,,,,407.5,0.0
2,129300,VOLCANIC_ROCK_VOUCHER_9750,409.0,20.0,,,,,410,20,,,,,409.5,0.0
2,129400,VOLCANIC_ROCK_VOUCHER_9750,407.0,28.0,,,,,408,11,,,,,407.5,0.0
2,129500,VOLCANIC_ROCK_VOUCHER_9750,404.0,13.0,,,,,405,13,,,,,404.5,0.0
2,129600,VOLCANIC_ROCK_VOUCHER_9750,403.0,19.0,,,,,404,19,,,,,403.5,0.0
2,129700,VOLCANIC_ROCK_VOUCHER_9750,403.0,19.0,,,,,404,19,,,,,403.5,0.0
2,129800,VOLCANIC_ROCK_VOUCHER_9750,403.0,19.0,,,,,404,19,,,,,403.5,0.0
2,129900,VOLCANIC_ROCK_VOUCHER_9750,403.0,14.0,,,,,404,14,,,,,403.5,0.0
2,130000,VOLCANIC_ROCK_VOUCHER_9750,404.0,22.0,,,,,405,22,,,,,404.5,0.0
2,130100,VOLCANIC_ROCK_VOUCHER_9750,404.0,16.0,,,,,405,16,,,,,404.5,0.0
2,130200,VOLCANIC_ROCK_VOUCHER_9750,406.0,17.0,,,,,407,17,,,,,406.5,0.0
2,130300,VOLCANIC_ROCK_VOUCHER_9750,404.0,16.0,,,,,405,16,,,,,404.5,0.0
2,130400,VOLCANIC_ROCK_VOUCHER_9750,406.0,6.0,,,,,407,18,,,,,406.5,0.0
2,130500,VOLCANIC_ROCK_VOUCHER_9750,405.0,5.0,,,,,406,18,,,,,405.5,0.0
2,130600,VOLCANIC_ROCK_VOUCHER_9750,405.0,18.0,,,,,406,18,,,,,405.5,0.0
2,130700,VOLCANIC_ROCK_VOUCHER_9750,405.0,14.0,,,,,406,14,,,,,405.5,0.0
2,130800,VOLCANIC_ROCK_VOUCHER_9750,404.0,18.0,,,,,405,18,,,,,404.5,0.0
2,130900,VOLCANIC_ROCK_VOUCHER_9750,404.0,34.0,,,,,405,20,,,,,404.5,0.0
2,131000,VOLCANIC_ROCK_VOUCHER_9750,404.0,16.0,,,,,405,16,,,,,404.5,0.0
2,131100,VOLCANIC_ROCK_VOUCHER_9750,404.0,21.0,,,,,405,21,,,,,404.5,0.0
2,131200,VOLCANIC_ROCK_VOUCHER_9750,404.0,12.0,,,,,405,12,,,,,404.5,0.0
2,131300,VOLCANIC_ROCK_VOUCHER_9750,405.0,13.0,,,,,406,13,,,,,405.5,0.0
2,131400,VOLCANIC_ROCK_VOUCHER_9750,403.0,20.0,,,,,404,20,,,,,403.5,0.0
2,131500,VOLCANIC_ROCK_VOUCHER_9750,405.0,17.0,,,,,406,17,,,,,405.5,0.0
2,131600,VOLCANIC_ROCK_VOUCHER_9750,403.0,16.0,,,,,405,16,,,,,404.0,0.0
2,131700,VOLCANIC_ROCK_VOUCHER_9750,402.0,19.0,,,,,403,19,,,,,402.5,0.0
2,131800,VOLCANIC_ROCK_VOUCHER_9750,403.0,24.0,,,,,404,11,,,,,403.5,0.0
2,131900,VOLCANIC_ROCK_VOUCHER_9750,,,,,,,402,9,403.0,11.0,,,402.0,0.0
2,132000,VOLCANIC_ROCK_VOUCHER_9750,403.0,9.0,,,,,404,14,,,,,403.5,0.0
2,132100,VOLCANIC_ROCK_VOUCHER_9750,403.0,16.0,,,,,404,16,,,,,403.5,0.0
2,132200,VOLCANIC_ROCK_VOUCHER_9750,403.0,22.0,,,,,404,22,,,,,403.5,0.0
2,132300,VOLCANIC_ROCK_VOUCHER_9750,403.0,14.0,,,,,404,14,,,,,403.5,0.0
2,132400,VOLCANIC_ROCK_VOUCHER_9750,401.0,18.0,,,,,402,18,,,,,401.5,0.0
2,132500,VOLCANIC_ROCK_VOUCHER_9750,401.0,19.0,,,,,402,19,,,,,401.5,0.0
2,132600,VOLCANIC_ROCK_VOUCHER_9750,399.0,17.0,,,,,400,17,,,,,399.5,0.0
2,132700,VOLCANIC_ROCK_VOUCHER_9750,403.0,17.0,,,,,404,17,,,,,403.5,0.0
2,132800,VOLCANIC_ROCK_VOUCHER_9750,405.0,16.0,,,,,406,16,,,,,405.5,0.0
2,132900,VOLCANIC_ROCK_VOUCHER_9750,403.0,16.0,,,,,404,16,,,,,403.5,0.0
2,133000,VOLCANIC_ROCK_VOUCHER_9750,402.0,21.0,,,,,403,21,,,,,402.5,0.0
2,133100,VOLCANIC_ROCK_VOUCHER_9750,401.0,21.0,,,,,402,21,,,,,401.5,0.0
2,133200,VOLCANIC_ROCK_VOUCHER_9750,,,,,,,404,2,405.0,14.0,,,404.0,0.0
2,133300,VOLCANIC_ROCK_VOUCHER_9750,402.0,17.0,,,,,403,17,,,,,402.5,0.0
2,133400,VOLCANIC_ROCK_VOUCHER_9750,403.0,10.0,,,,,404,10,,,,,403.5,0.0
2,133500,VOLCANIC_ROCK_VOUCHER_9750,407.0,19.0,,,,,408,19,,,,,407.5,0.0
2,133600,VOLCANIC_ROCK_VOUCHER_9750,414.0,13.0,,,,,415,13,,,,,414.5,0.0
2,133700,VOLCANIC_ROCK_VOUCHER_9750,418.0,10.0,,,,,419,10,,,,,418.5,0.0
2,133800,VOLCANIC_ROCK_VOUCHER_9750,419.0,16.0,,,,,420,16,,,,,419.5,0.0
2,133900,VOLCANIC_ROCK_VOUCHER_9750,420.0,13.0,,,,,421,13,,,,,420.5,0.0
2,134000,VOLCANIC_ROCK_VOUCHER_9750,421.0,17.0,,,,,422,17,,,,,421.5,0.0
2,134100,VOLCANIC_ROCK_VOUCHER_9750,421.0,34.0,,,,,422,1,423.0,14.0,,,421.5,0.0
2,134200,VOLCANIC_ROCK_VOUCHER_9750,419.0,0.0,,,,,420,15,,,,,419.5,0.0
2,134300,VOLCANIC_ROCK_VOUCHER_9750,417.0,16.0,,,,,419,16,,,,,418.0,0.0
2,134400,VOLCANIC_ROCK_VOUCHER_9750,418.0,19.0,,,,,420,19,,,,,419.0,0.0
2,134500,VOLCANIC_ROCK_VOUCHER_9750,421.0,15.0,,,,,422,15,,,,,421.5,0.0
2,134600,VOLCANIC_ROCK_VOUCHER_9750,419.0,20.0,,,,,420,20,,,,,419.5,0.0
2,134700,VOLCANIC_ROCK_VOUCHER_9750,420.0,19.0,,,,,421,19,,,,,420.5,0.0
2,134800,VOLCANIC_ROCK_VOUCHER_9750,421.0,18.0,,,,,422,18,,,,,421.5,0.0
2,134900,VOLCANIC_ROCK_VOUCHER_9750,422.0,15.0,,,,,423,15,,,,,422.5,0.0
2,135000,VOLCANIC_ROCK_VOUCHER_9750,419.0,9.0,,,,,420,20,,,,,419.5,0.0
2,135100,VOLCANIC_ROCK_VOUCHER_9750,419.0,16.0,,,,,420,16,,,,,419.5,0.0
2,135200,VOLCANIC_ROCK_VOUCHER_9750,418.0,11.0,,,,,419,11,,,,,418.5,0.0
2,135300,VOLCANIC_ROCK_VOUCHER_9750,422.0,22.0,,,,,423,22,,,,,422.5,0.0
2,135400,VOLCANIC_ROCK_VOUCHER_9750,417.0,22.0,,,,,418,22,,,,,417.5,0.0
2,135500,VOLCANIC_ROCK_VOUCHER_9750,414.0,17.0,,,,,415,17,,,,,414.5,0.0
2,135600,VOLCANIC_ROCK_VOUCHER_9750,416.0,11.0,,,,,417,11,,,,,416.5,0.0
2,135700,VOLCANIC_ROCK_VOUCHER_9750,417.0,17.0,,,,,418,17,,,,,417.5,0.0
2,135800,VOLCANIC_ROCK_VOUCHER_9750,417.0,17.0,,,,,418,17,,,,,417.5,0.0
2,135900,VOLCANIC_ROCK_VOUCHER_9750,415.0,21.0,,,,,416,21,,,,,415.5,0.0
2,136000,VOLCANIC_ROCK_VOUCHER_9750,416.0,19.0,,,,,417,19,,,,,416.5,0.0
2,136100,VOLCANIC_ROCK_VOUCHER_9750,414.0,14.0,,,,,415,14,,,,,414.5,0.0
2,136200,VOLCANIC_ROCK_VOUCHER_9750,413.0,18.0,,,,,414,18,,,,,413.5,0.0
2,136300,VOLCANIC_ROCK_VOUCHER_9750,408.0,20.0,,,,,409,20,,,,,408.5,0.0
2,136400,VOLCANIC_ROCK_VOUCHER_9750,410.0,18.0,,,,,411,18,,,,,410.5,0.0
2,136500,VOLCANIC_ROCK_VOUCHER_9750,411.0,12.0,,,,,412,12,,,,,411.5,0.0
2,136600,VOLCANIC_ROCK_VOUCHER_9750,410.0,21.0,,,,,411,21,,,,,410.5,0.0
2,136700,VOLCANIC_ROCK_VOUCHER_9750,,,,,,,413,1,414.0,17.0,,,413.0,0.0
2,136800,VOLCANIC_ROCK_VOUCHER_9750,414.0,28.0,,,,,415,14,,,,,414.5,0.0
2,136900,VOLCANIC_ROCK_VOUCHER_9750,412.0,17.0,,,,,413,17,,,,,412.5,0.0
2,137000,VOLCANIC_ROCK_VOUCHER_9750,412.0,19.0,,,,,413,19,,,,,412.5,0.0
2,137100,VOLCANIC_ROCK_VOUCHER_9750,411.0,10.0,,,,,412,10,,,,,411.5,0.0
2,137200,VOLCANIC_ROCK_VOUCHER_9750,412.0,21.0,,,,,413,21,,,,,412.5,0.0
2,137300,VOLCANIC_ROCK_VOUCHER_9750,416.0,12.0,,,,,417,12,,,,,416.5,0.0
2,137400,VOLCANIC_ROCK_VOUCHER_9750,418.0,11.0,,,,,420,11,,,,,419.0,0.0
2,137500,VOLCANIC_ROCK_VOUCHER_9750,418.0,14.0,,,,,419,14,,,,,418.5,0.0
2,137600,VOLCANIC_ROCK_VOUCHER_9750,419.0,12.0,,,,,421,12,,,,,420.0,0.0
2,137700,VOLCANIC_ROCK_VOUCHER_9750,419.0,20.0,,,,,420,20,,,,,419.5,0.0
2,137800,VOLCANIC_ROCK_VOUCHER_9750,418.0,19.0,,,,,419,19,,,,,418.5,0.0
2,137900,VOLCANIC_ROCK_VOUCHER_9750,418.0,21.0,,,,,419,21,,,,,418.5,0.0
2,138000,VOLCANIC_ROCK_VOUCHER_9750,417.0,20.0,,,,,418,20,,,,,417.5,0.0
2,138100,VOLCANIC_ROCK_VOUCHER_9750,416.0,19.0,,,,,418,19,,,,,417.0,0.0
2,138200,VOLCANIC_ROCK_VOUCHER_9750,419.0,16.0,,,,,420,16,,,,,419.5,0.0
2,138300,VOLCANIC_ROCK_VOUCHER_9750,418.0,13.0,,,,,419,13,,,,,418.5,0.0
2,138400,VOLCANIC_ROCK_VOUCHER_9750,414.0,19.0,,,,,415,19,,,,,414.5,0.0
2,138500,VOLCANIC_ROCK_VOUCHER_9750,418.0,18.0,,,,,419,18,,,,,418.5,0.0
2,138600,VOLCANIC_ROCK_VOUCHER_9750,418.0,21.0,,,,,419,21,,,,,418.5,0.0
2,138700,VOLCANIC_ROCK_VOUCHER_9750,418.0,13.0,,,,,419,13,,,,,418.5,0.0
2,138800,VOLCANIC_ROCK_VOUCHER_9750,419.0,17.0,,,,,420,17,,,,,419.5,0.0
2,138900,VOLCANIC_ROCK_VOUCHER_9750,417.0,19.0,,,,,418,19,,,,,417.5,0.0
2,139000,VOLCANIC_ROCK_VOUCHER_9750,418.0,13.0,,,,,419,13,,,,,418.5,0.0
2,139100,VOLCANIC_ROCK_VOUCHER_9750,420.0,14.0,,,,,421,14,,,,,420.5,0.0
2,139200,VOLCANIC_ROCK_VOUCHER_9750,418.0,17.0,,,,,419,17,,,,,418.5,0.0
2,139300,VOLCANIC_ROCK_VOUCHER_9750,417.0,13.0,,,,,418,13,,,,,417.5,0.0
2,139400,VOLCANIC_ROCK_VOUCHER_9750,419.0,13.0,,,,,420,13,,,,,419.5,0.0
2,139500,VOLCANIC_ROCK_VOUCHER_9750,419.0,16.0,,,,,420,16,,,,,419.5,0.0
2,139600,VOLCANIC_ROCK_VOUCHER_9750,419.0,16.0,,,,,420,16,,,,,419.5,0.0
2,139700,VOLCANIC_ROCK_VOUCHER_9750,,,,,,,421,5,422.0,13.0,,,421.0,0.0
2,139800,VOLCANIC_ROCK_VOUCHER_9750,420.0,11.0,,,,,421,11,,,,,420.5,0.0
2,139900,VOLCANIC_ROCK_VOUCHER_9750,417.0,13.0,,,,,418,13,,,,,417.5,0.0
2,140000,VOLCANIC_ROCK_VOUCHER_9750,418.0,15.0,,,,,419,15,,,,,418.5,0.0
