day,timestamp,product,bid_price_1,bid_volume_1,bid_price_2,bid_volume_2,bid_price_3,bid_volume_3,ask_price_1,ask_volume_1,ask_price_2,ask_volume_2,ask_price_3,ask_volume_3,mid_price,profit_and_loss
2,0,VOLCANIC_ROCK_VOUCHER_10250,63.0,11.0,,,,,64,11,,,,,63.5,0.0
2,100,VOLCANIC_ROCK_VOUCHER_10250,62.0,19.0,,,,,63,19,,,,,62.5,0.0
2,200,VOLCANIC_ROCK_VOUCHER_10250,64.0,15.0,,,,,65,15,,,,,64.5,0.0
2,300,VOLCANIC_ROCK_VOUCHER_10250,65.0,16.0,,,,,66,16,,,,,65.5,0.0
2,400,VOLCANIC_ROCK_VOUCHER_10250,62.0,16.0,,,,,63,16,,,,,62.5,0.0
2,500,VOLCANIC_ROCK_VOUCHER_10250,62.0,14.0,,,,,63,14,,,,,62.5,0.0
2,600,VOLCANIC_ROCK_VOUCHER_10250,62.0,26.0,,,,,63,14,,,,,62.5,0.0
2,700,VOLCANIC_ROCK_VOUCHER_10250,63.0,12.0,,,,,64,12,,,,,63.5,0.0
2,800,VOLCANIC_ROCK_VOUCHER_10250,64.0,11.0,,,,,65,11,,,,,64.5,0.0
2,900,VOLCANIC_ROCK_VOUCHER_10250,62.0,14.0,,,,,63,14,,,,,62.5,0.0
2,1000,VOLCANIC_ROCK_VOUCHER_10250,62.0,20.0,,,,,63,20,,,,,62.5,0.0
2,1100,VOLCANIC_ROCK_VOUCHER_10250,62.0,21.0,,,,,63,21,,,,,62.5,0.0
2,1200,VOLCANIC_ROCK_VOUCHER_10250,62.0,13.0,,,,,63,13,,,,,62.5,0.0
2,1300,VOLCANIC_ROCK_VOUCHER_10250,62.0,10.0,,,,,63,10,,,,,62.5,0.0
2,1400,VOLCANIC_ROCK_VOUCHER_10250,63.0,18.0,,,,,64,18,,,,,63.5,0.0
2,1500,VOLCANIC_ROCK_VOUCHER_10250,63.0,18.0,,,,,64,18,,,,,63.5,0.0
2,1600,VOLCANIC_ROCK_VOUCHER_10250,63.0,13.0,,,,,64,13,,,,,63.5,0.0
2,1700,VOLCANIC_ROCK_VOUCHER_10250,62.0,29.0,,,,,63,18,,,,,62.5,0.0
2,1800,VOLCANIC_ROCK_VOUCHER_10250,63.0,17.0,,,,,64,17,,,,,63.5,0.0
2,1900,VOLCANIC_ROCK_VOUCHER_10250,66.0,13.0,,,,,67,13,,,,,66.5,0.0
2,2000,VOLCANIC_ROCK_VOUCHER_10250,65.0,11.0,,,,,66,11,,,,,65.5,0.0
2,2100,VOLCANIC_ROCK_VOUCHER_10250,65.0,16.0,,,,,66,16,,,,,65.5,0.0
2,2200,VOLCANIC_ROCK_VOUCHER_10250,65.0,14.0,,,,,66,14,,,,,65.5,0.0
2,2300,VOLCANIC_ROCK_VOUCHER_10250,65.0,31.0,,,,,66,19,,,,,65.5,0.0
2,2400,VOLCANIC_ROCK_VOUCHER_10250,63.0,17.0,,,,,64,17,,,,,63.5,0.0
2,2500,VOLCANIC_ROCK_VOUCHER_10250,64.0,11.0,,,,,65,11,,,,,64.5,0.0
2,2600,VOLCANIC_ROCK_VOUCHER_10250,64.0,11.0,,,,,65,11,,,,,64.5,0.0
2,2700,VOLCANIC_ROCK_VOUCHER_10250,64.0,13.0,,,,,65,13,,,,,64.5,0.0
2,2800,VOLCANIC_ROCK_VOUCHER_10250,64.0,12.0,,,,,65,12,,,,,64.5,0.0
2,2900,VOLCANIC_ROCK_VOUCHER_10250,65.0,17.0,,,,,66,17,,,,,65.5,0.0
2,3000,VOLCANIC_ROCK_VOUCHER_10250,67.0,12.0,,,,,68,12,,,,,67.5,0.0
2,3100,VOLCANIC_ROCK_VOUCHER_10250,66.0,18.0,,,,,67,18,,,,,66.5,0.0
2,3200,VOLCANIC_ROCK_VOUCHER_10250,65.0,13.0,,,,,66,13,,,,,65.5,0.0
2,3300,VOLCANIC_ROCK_VOUCHER_10250,65.0,14.0,,,,,66,14,,,,,65.5,0.0
2,3400,VOLCANIC_ROCK_VOUCHER_10250,64.0,20.0,,,,,65,20,,,,,64.5,0.0
2,3500,VOLCANIC_ROCK_VOUCHER_10250,,,,,,,64,4,65.0,16.0,,,64.0,0.0
2,3600,VOLCANIC_ROCK_VOUCHER_10250,64.0,15.0,,,,,65,15,,,,,64.5,0.0
2,3700,VOLCANIC_ROCK_VOUCHER_10250,64.0,17.0,,,,,65,17,,,,,64.5,0.0
2,3800,VOLCANIC_ROCK_VOUCHER_10250,62.0,12.0,,,,,63,12,,,,,62.5,0.0
2,3900,VOLCANIC_ROCK_VOUCHER_10250,63.0,13.0,,,,,64,13,,,,,63.5,0.0
2,4000,VOLCANIC_ROCK_VOUCHER_10250,63.0,33.0,,,,,64,18,,,,,63.5,0.0
2,4100,VOLCANIC_ROCK_VOUCHER_10250,63.0,7.0,62.0,12.0,,,64,12,,,,,63.5,0.0
2,4200,VOLCANIC_ROCK_VOUCHER_10250,61.0,15.0,,,,,62,22,,,,,61.5,0.0
2,4300,VOLCANIC_ROCK_VOUCHER_10250,61.0,19.0,,,,,62,19,,,,,61.5,0.0
2,4400,VOLCANIC_ROCK_VOUCHER_10250,62.0,16.0,,,,,63,16,,,,,62.5,0.0
2,4500,VOLCANIC_ROCK_VOUCHER_10250,62.0,11.0,,,,,63,11,,,,,62.5,0.0
2,4600,VOLCANIC_ROCK_VOUCHER_10250,61.0,13.0,,,,,62,13,,,,,61.5,0.0
2,4700,VOLCANIC_ROCK_VOUCHER_10250,61.0,19.0,,,,,62,19,,,,,61.5,0.0
2,4800,VOLCANIC_ROCK_VOUCHER_10250,62.0,18.0,,,,,63,18,,,,,62.5,0.0
2,4900,VOLCANIC_ROCK_VOUCHER_10250,62.0,17.0,,,,,63,17,,,,,62.5,0.0
2,5000,VOLCANIC_ROCK_VOUCHER_10250,62.0,18.0,,,,,63,18,,,,,62.5,0.0
2,5100,VOLCANIC_ROCK_VOUCHER_10250,62.0,14.0,,,,,63,14,,,,,62.5,0.0
2,5200,VOLCANIC_ROCK_VOUCHER_10250,63.0,14.0,,,,,64,14,,,,,63.5,0.0
2,5300,VOLCANIC_ROCK_VOUCHER_10250,63.0,12.0,,,,,64,12,,,,,63.5,0.0
2,5400,VOLCANIC_ROCK_VOUCHER_10250,64.0,15.0,,,,,65,15,,,,,64.5,0.0
2,5500,VOLCANIC_ROCK_VOUCHER_10250,64.0,19.0,,,,,65,19,,,,,64.5,0.0
2,5600,VOLCANIC_ROCK_VOUCHER_10250,64.0,17.0,,,,,66,17,,,,,65.0,0.0
2,5700,VOLCANIC_ROCK_VOUCHER_10250,64.0,20.0,,,,,65,20,,,,,64.5,0.0
2,5800,VOLCANIC_ROCK_VOUCHER_10250,64.0,17.0,,,,,65,17,,,,,64.5,0.0
2,5900,VOLCANIC_ROCK_VOUCHER_10250,65.0,16.0,,,,,66,16,,,,,65.5,0.0
2,6000,VOLCANIC_ROCK_VOUCHER_10250,66.0,20.0,,,,,67,20,,,,,66.5,0.0
2,6100,VOLCANIC_ROCK_VOUCHER_10250,65.0,14.0,,,,,66,14,,,,,65.5,0.0
2,6200,VOLCANIC_ROCK_VOUCHER_10250,66.0,30.0,,,,,67,15,,,,,66.5,0.0
2,6300,VOLCANIC_ROCK_VOUCHER_10250,67.0,15.0,,,,,68,15,,,,,67.5,0.0
2,6400,VOLCANIC_ROCK_VOUCHER_10250,66.0,20.0,,,,,67,20,,,,,66.5,0.0
2,6500,VOLCANIC_ROCK_VOUCHER_10250,67.0,15.0,,,,,68,15,,,,,67.5,0.0
2,6600,VOLCANIC_ROCK_VOUCHER_10250,67.0,13.0,,,,,68,13,,,,,67.5,0.0
2,6700,VOLCANIC_ROCK_VOUCHER_10250,66.0,14.0,,,,,67,14,,,,,66.5,0.0
2,6800,VOLCANIC_ROCK_VOUCHER_10250,66.0,16.0,,,,,67,16,,,,,66.5,0.0
2,6900,VOLCANIC_ROCK_VOUCHER_10250,65.0,16.0,,,,,67,16,,,,,66.0,0.0
2,7000,VOLCANIC_ROCK_VOUCHER_10250,66.0,17.0,,,,,67,17,,,,,66.5,0.0
2,7100,VOLCANIC_ROCK_VOUCHER_10250,66.0,27.0,,,,,67,20,,,,,66.5,0.0
2,7200,VOLCANIC_ROCK_VOUCHER_10250,67.0,21.0,,,,,68,10,,,,,67.5,0.0
2,7300,VOLCANIC_ROCK_VOUCHER_10250,68.0,16.0,,,,,69,16,,,,,68.5,0.0
2,7400,VOLCANIC_ROCK_VOUCHER_10250,67.0,12.0,,,,,68,12,,,,,67.5,0.0
2,7500,VOLCANIC_ROCK_VOUCHER_10250,68.0,11.0,,,,,69,11,,,,,68.5,0.0
2,7600,VOLCANIC_ROCK_VOUCHER_10250,67.0,2.0,,,,,68,15,,,,,67.5,0.0
2,7700,VOLCANIC_ROCK_VOUCHER_10250,67.0,12.0,,,,,68,12,,,,,67.5,0.0
2,7800,VOLCANIC_ROCK_VOUCHER_10250,68.0,11.0,,,,,69,11,,,,,68.5,0.0
2,7900,VOLCANIC_ROCK_VOUCHER_10250,69.0,13.0,,,,,70,13,,,,,69.5,0.0
2,8000,VOLCANIC_ROCK_VOUCHER_10250,68.0,17.0,,,,,69,17,,,,,68.5,0.0
2,8100,VOLCANIC_ROCK_VOUCHER_10250,69.0,12.0,,,,,70,12,,,,,69.5,0.0
2,8200,VOLCANIC_ROCK_VOUCHER_10250,69.0,14.0,,,,,70,14,,,,,69.5,0.0
2,8300,VOLCANIC_ROCK_VOUCHER_10250,68.0,21.0,,,,,69,15,,,,,68.5,0.0
2,8400,VOLCANIC_ROCK_VOUCHER_10250,68.0,15.0,,,,,69,15,,,,,68.5,0.0
2,8500,VOLCANIC_ROCK_VOUCHER_10250,69.0,11.0,,,,,70,11,,,,,69.5,0.0
2,8600,VOLCANIC_ROCK_VOUCHER_10250,68.0,15.0,,,,,69,15,,,,,68.5,0.0
2,8700,VOLCANIC_ROCK_VOUCHER_10250,67.0,14.0,,,,,68,14,,,,,67.5,0.0
2,8800,VOLCANIC_ROCK_VOUCHER_10250,67.0,16.0,,,,,68,16,,,,,67.5,0.0
2,8900,VOLCANIC_ROCK_VOUCHER_10250,67.0,14.0,,,,,68,14,,,,,67.5,0.0
2,9000,VOLCANIC_ROCK_VOUCHER_10250,67.0,20.0,,,,,68,20,,,,,67.5,0.0
2,9100,VOLCANIC_ROCK_VOUCHER_10250,67.0,14.0,,,,,68,14,,,,,67.5,0.0
2,9200,VOLCANIC_ROCK_VOUCHER_10250,67.0,17.0,,,,,68,17,,,,,67.5,0.0
2,9300,VOLCANIC_ROCK_VOUCHER_10250,66.0,14.0,,,,,67,14,,,,,66.5,0.0
2,9400,VOLCANIC_ROCK_VOUCHER_10250,,,,,,,65,4,66.0,10.0,,,65.0,0.0
2,9500,VOLCANIC_ROCK_VOUCHER_10250,65.0,14.0,,,,,66,14,,,,,65.5,0.0
2,9600,VOLCANIC_ROCK_VOUCHER_10250,64.0,12.0,,,,,65,12,,,,,64.5,0.0
2,9700,VOLCANIC_ROCK_VOUCHER_10250,66.0,20.0,,,,,67,20,,,,,66.5,0.0
2,9800,VOLCANIC_ROCK_VOUCHER_10250,65.0,11.0,,,,,66,11,,,,,65.5,0.0
2,9900,VOLCANIC_ROCK_VOUCHER_10250,66.0,22.0,,,,,67,22,,,,,66.5,0.0
2,10000,VOLCANIC_ROCK_VOUCHER_10250,65.0,14.0,,,,,66,14,,,,,65.5,0.0
2,10100,VOLCANIC_ROCK_VOUCHER_10250,65.0,12.0,,,,,66,12,,,,,65.5,0.0
2,10200,VOLCANIC_ROCK_VOUCHER_10250,65.0,22.0,,,,,66,22,,,,,65.5,0.0
2,10300,VOLCANIC_ROCK_VOUCHER_10250,63.0,18.0,,,,,64,18,,,,,63.5,0.0
2,10400,VOLCANIC_ROCK_VOUCHER_10250,63.0,18.0,,,,,64,18,,,,,63.5,0.0
2,10500,VOLCANIC_ROCK_VOUCHER_10250,61.0,20.0,,,,,62,20,,,,,61.5,0.0
2,10600,VOLCANIC_ROCK_VOUCHER_10250,61.0,20.0,,,,,62,20,,,,,61.5,0.0
2,10700,VOLCANIC_ROCK_VOUCHER_10250,61.0,13.0,,,,,62,13,,,,,61.5,0.0
2,10800,VOLCANIC_ROCK_VOUCHER_10250,61.0,20.0,,,,,62,20,,,,,61.5,0.0
2,10900,VOLCANIC_ROCK_VOUCHER_10250,61.0,14.0,,,,,62,14,,,,,61.5,0.0
2,11000,VOLCANIC_ROCK_VOUCHER_10250,61.0,11.0,,,,,62,11,,,,,61.5,0.0
2,11100,VOLCANIC_ROCK_VOUCHER_10250,61.0,16.0,,,,,62,16,,,,,61.5,0.0
2,11200,VOLCANIC_ROCK_VOUCHER_10250,61.0,21.0,,,,,62,21,,,,,61.5,0.0
2,11300,VOLCANIC_ROCK_VOUCHER_10250,60.0,13.0,,,,,61,13,,,,,60.5,0.0
2,11400,VOLCANIC_ROCK_VOUCHER_10250,60.0,12.0,,,,,61,12,,,,,60.5,0.0
2,11500,VOLCANIC_ROCK_VOUCHER_10250,59.0,33.0,,,,,60,16,,,,,59.5,0.0
2,11600,VOLCANIC_ROCK_VOUCHER_10250,59.0,18.0,,,,,60,18,,,,,59.5,0.0
2,11700,VOLCANIC_ROCK_VOUCHER_10250,58.0,16.0,,,,,59,16,,,,,58.5,0.0
2,11800,VOLCANIC_ROCK_VOUCHER_10250,58.0,13.0,,,,,59,13,,,,,58.5,0.0
2,11900,VOLCANIC_ROCK_VOUCHER_10250,59.0,13.0,,,,,60,13,,,,,59.5,0.0
2,12000,VOLCANIC_ROCK_VOUCHER_10250,60.0,13.0,,,,,61,13,,,,,60.5,0.0
2,12100,VOLCANIC_ROCK_VOUCHER_10250,57.0,11.0,,,,,58,11,,,,,57.5,0.0
2,12200,VOLCANIC_ROCK_VOUCHER_10250,57.0,13.0,,,,,58,13,,,,,57.5,0.0
2,12300,VOLCANIC_ROCK_VOUCHER_10250,56.0,12.0,,,,,57,12,,,,,56.5,0.0
2,12400,VOLCANIC_ROCK_VOUCHER_10250,55.0,21.0,,,,,56,21,,,,,55.5,0.0
2,12500,VOLCANIC_ROCK_VOUCHER_10250,55.0,2.0,,,,,56,20,,,,,55.5,0.0
2,12600,VOLCANIC_ROCK_VOUCHER_10250,55.0,12.0,,,,,56,12,,,,,55.5,0.0
2,12700,VOLCANIC_ROCK_VOUCHER_10250,56.0,15.0,,,,,57,15,,,,,56.5,0.0
2,12800,VOLCANIC_ROCK_VOUCHER_10250,56.0,20.0,,,,,57,20,,,,,56.5,0.0
2,12900,VOLCANIC_ROCK_VOUCHER_10250,56.0,20.0,,,,,57,20,,,,,56.5,0.0
2,13000,VOLCANIC_ROCK_VOUCHER_10250,56.0,26.0,,,,,57,19,,,,,56.5,0.0
2,13100,VOLCANIC_ROCK_VOUCHER_10250,57.0,15.0,,,,,58,15,,,,,57.5,0.0
2,13200,VOLCANIC_ROCK_VOUCHER_10250,55.0,18.0,,,,,56,18,,,,,55.5,0.0
2,13300,VOLCANIC_ROCK_VOUCHER_10250,55.0,21.0,,,,,56,21,,,,,55.5,0.0
2,13400,VOLCANIC_ROCK_VOUCHER_10250,55.0,20.0,,,,,56,20,,,,,55.5,0.0
2,13500,VOLCANIC_ROCK_VOUCHER_10250,54.0,21.0,,,,,55,21,,,,,54.5,0.0
2,13600,VOLCANIC_ROCK_VOUCHER_10250,56.0,13.0,,,,,57,13,,,,,56.5,0.0
2,13700,VOLCANIC_ROCK_VOUCHER_10250,55.0,21.0,,,,,56,21,,,,,55.5,0.0
2,13800,VOLCANIC_ROCK_VOUCHER_10250,55.0,15.0,,,,,56,15,,,,,55.5,0.0
2,13900,VOLCANIC_ROCK_VOUCHER_10250,55.0,21.0,,,,,56,21,,,,,55.5,0.0
2,14000,VOLCANIC_ROCK_VOUCHER_10250,54.0,16.0,,,,,55,16,,,,,54.5,0.0
2,14100,VOLCANIC_ROCK_VOUCHER_10250,53.0,14.0,,,,,54,14,,,,,53.5,0.0
2,14200,VOLCANIC_ROCK_VOUCHER_10250,52.0,16.0,,,,,53,16,,,,,52.5,0.0
2,14300,VOLCANIC_ROCK_VOUCHER_10250,52.0,14.0,,,,,53,14,,,,,52.5,0.0
2,14400,VOLCANIC_ROCK_VOUCHER_10250,51.0,19.0,,,,,52,19,,,,,51.5,0.0
2,14500,VOLCANIC_ROCK_VOUCHER_10250,52.0,15.0,,,,,53,15,,,,,52.5,0.0
2,14600,VOLCANIC_ROCK_VOUCHER_10250,52.0,13.0,,,,,53,13,,,,,52.5,0.0
2,14700,VOLCANIC_ROCK_VOUCHER_10250,53.0,13.0,,,,,54,13,,,,,53.5,0.0
2,14800,VOLCANIC_ROCK_VOUCHER_10250,54.0,16.0,,,,,55,16,,,,,54.5,0.0
2,14900,VOLCANIC_ROCK_VOUCHER_10250,53.0,21.0,,,,,54,21,,,,,53.5,0.0
2,15000,VOLCANIC_ROCK_VOUCHER_10250,,,,,,,54,2,55.0,17.0,,,54.0,0.0
2,15100,VOLCANIC_ROCK_VOUCHER_10250,54.0,16.0,,,,,55,16,,,,,54.5,0.0
2,15200,VOLCANIC_ROCK_VOUCHER_10250,53.0,14.0,,,,,54,14,,,,,53.5,0.0
2,15300,VOLCANIC_ROCK_VOUCHER_10250,53.0,19.0,,,,,54,19,,,,,53.5,0.0
2,15400,VOLCANIC_ROCK_VOUCHER_10250,52.0,20.0,,,,,53,20,,,,,52.5,0.0
2,15500,VOLCANIC_ROCK_VOUCHER_10250,52.0,17.0,,,,,53,17,,,,,52.5,0.0
2,15600,VOLCANIC_ROCK_VOUCHER_10250,51.0,20.0,,,,,52,20,,,,,51.5,0.0
2,15700,VOLCANIC_ROCK_VOUCHER_10250,51.0,11.0,,,,,52,11,,,,,51.5,0.0
2,15800,VOLCANIC_ROCK_VOUCHER_10250,51.0,20.0,,,,,52,20,,,,,51.5,0.0
2,15900,VOLCANIC_ROCK_VOUCHER_10250,52.0,13.0,,,,,53,13,,,,,52.5,0.0
2,16000,VOLCANIC_ROCK_VOUCHER_10250,52.0,16.0,,,,,53,16,,,,,52.5,0.0
2,16100,VOLCANIC_ROCK_VOUCHER_10250,52.0,13.0,,,,,53,13,,,,,52.5,0.0
2,16200,VOLCANIC_ROCK_VOUCHER_10250,51.0,12.0,,,,,52,12,,,,,51.5,0.0
2,16300,VOLCANIC_ROCK_VOUCHER_10250,52.0,21.0,,,,,53,21,,,,,52.5,0.0
2,16400,VOLCANIC_ROCK_VOUCHER_10250,52.0,20.0,,,,,53,20,,,,,52.5,0.0
2,16500,VOLCANIC_ROCK_VOUCHER_10250,52.0,16.0,,,,,53,16,,,,,52.5,0.0
2,16600,VOLCANIC_ROCK_VOUCHER_10250,51.0,12.0,,,,,52,12,,,,,51.5,0.0
2,16700,VOLCANIC_ROCK_VOUCHER_10250,51.0,15.0,,,,,52,15,,,,,51.5,0.0
2,16800,VOLCANIC_ROCK_VOUCHER_10250,52.0,13.0,,,,,53,13,,,,,52.5,0.0
2,16900,VOLCANIC_ROCK_VOUCHER_10250,52.0,19.0,,,,,53,19,,,,,52.5,0.0
2,17000,VOLCANIC_ROCK_VOUCHER_10250,53.0,14.0,,,,,54,14,,,,,53.5,0.0
2,17100,VOLCANIC_ROCK_VOUCHER_10250,53.0,21.0,,,,,54,21,,,,,53.5,0.0
2,17200,VOLCANIC_ROCK_VOUCHER_10250,53.0,21.0,,,,,54,21,,,,,53.5,0.0
2,17300,VOLCANIC_ROCK_VOUCHER_10250,53.0,4.0,,,,,54,13,,,,,53.5,0.0
2,17400,VOLCANIC_ROCK_VOUCHER_10250,53.0,11.0,,,,,54,11,,,,,53.5,0.0
2,17500,VOLCANIC_ROCK_VOUCHER_10250,55.0,16.0,,,,,56,16,,,,,55.5,0.0
2,17600,VOLCANIC_ROCK_VOUCHER_10250,55.0,16.0,,,,,56,16,,,,,55.5,0.0
2,17700,VOLCANIC_ROCK_VOUCHER_10250,55.0,16.0,,,,,56,16,,,,,55.5,0.0
2,17800,VOLCANIC_ROCK_VOUCHER_10250,54.0,13.0,,,,,55,13,,,,,54.5,0.0
2,17900,VOLCANIC_ROCK_VOUCHER_10250,54.0,4.0,,,,,55,18,,,,,54.5,0.0
2,18000,VOLCANIC_ROCK_VOUCHER_10250,54.0,12.0,,,,,55,12,,,,,54.5,0.0
2,18100,VOLCANIC_ROCK_VOUCHER_10250,55.0,21.0,,,,,56,21,,,,,55.5,0.0
2,18200,VOLCANIC_ROCK_VOUCHER_10250,56.0,15.0,,,,,57,15,,,,,56.5,0.0
2,18300,VOLCANIC_ROCK_VOUCHER_10250,55.0,22.0,,,,,56,22,,,,,55.5,0.0
2,18400,VOLCANIC_ROCK_VOUCHER_10250,54.0,19.0,,,,,55,19,,,,,54.5,0.0
2,18500,VOLCANIC_ROCK_VOUCHER_10250,54.0,15.0,,,,,55,15,,,,,54.5,0.0
2,18600,VOLCANIC_ROCK_VOUCHER_10250,53.0,20.0,,,,,54,20,,,,,53.5,0.0
2,18700,VOLCANIC_ROCK_VOUCHER_10250,54.0,11.0,,,,,55,11,,,,,54.5,0.0
2,18800,VOLCANIC_ROCK_VOUCHER_10250,56.0,37.0,,,,,57,17,,,,,56.5,0.0
2,18900,VOLCANIC_ROCK_VOUCHER_10250,55.0,19.0,,,,,56,19,,,,,55.5,0.0
2,19000,VOLCANIC_ROCK_VOUCHER_10250,55.0,19.0,,,,,56,19,,,,,55.5,0.0
2,19100,VOLCANIC_ROCK_VOUCHER_10250,55.0,18.0,,,,,56,18,,,,,55.5,0.0
2,19200,VOLCANIC_ROCK_VOUCHER_10250,55.0,17.0,,,,,56,17,,,,,55.5,0.0
2,19300,VOLCANIC_ROCK_VOUCHER_10250,54.0,22.0,,,,,55,22,,,,,54.5,0.0
2,19400,VOLCANIC_ROCK_VOUCHER_10250,55.0,3.0,,,,,56,20,,,,,55.5,0.0
2,19500,VOLCANIC_ROCK_VOUCHER_10250,56.0,15.0,,,,,57,15,,,,,56.5,0.0
2,19600,VOLCANIC_ROCK_VOUCHER_10250,56.0,19.0,,,,,57,19,,,,,56.5,0.0
2,19700,VOLCANIC_ROCK_VOUCHER_10250,56.0,19.0,,,,,57,19,,,,,56.5,0.0
2,19800,VOLCANIC_ROCK_VOUCHER_10250,57.0,16.0,,,,,58,16,,,,,57.5,0.0
2,19900,VOLCANIC_ROCK_VOUCHER_10250,56.0,20.0,,,,,57,20,,,,,56.5,0.0
2,20000,VOLCANIC_ROCK_VOUCHER_10250,56.0,18.0,,,,,57,18,,,,,56.5,0.0
2,20100,VOLCANIC_ROCK_VOUCHER_10250,56.0,13.0,,,,,57,13,,,,,56.5,0.0
2,20200,VOLCANIC_ROCK_VOUCHER_10250,56.0,10.0,,,,,57,10,,,,,56.5,0.0
2,20300,VOLCANIC_ROCK_VOUCHER_10250,55.0,19.0,,,,,56,19,,,,,55.5,0.0
2,20400,VOLCANIC_ROCK_VOUCHER_10250,55.0,19.0,,,,,56,19,,,,,55.5,0.0
2,20500,VOLCANIC_ROCK_VOUCHER_10250,56.0,20.0,,,,,57,20,,,,,56.5,0.0
2,20600,VOLCANIC_ROCK_VOUCHER_10250,56.0,18.0,,,,,57,18,,,,,56.5,0.0
2,20700,VOLCANIC_ROCK_VOUCHER_10250,55.0,14.0,,,,,57,14,,,,,56.0,0.0
2,20800,VOLCANIC_ROCK_VOUCHER_10250,55.0,19.0,,,,,56,19,,,,,55.5,0.0
2,20900,VOLCANIC_ROCK_VOUCHER_10250,56.0,20.0,,,,,57,20,,,,,56.5,0.0
2,21000,VOLCANIC_ROCK_VOUCHER_10250,55.0,3.0,,,,,56,15,,,,,55.5,0.0
2,21100,VOLCANIC_ROCK_VOUCHER_10250,56.0,21.0,,,,,57,21,,,,,56.5,0.0
2,21200,VOLCANIC_ROCK_VOUCHER_10250,57.0,19.0,,,,,58,19,,,,,57.5,0.0
2,21300,VOLCANIC_ROCK_VOUCHER_10250,57.0,3.0,,,,,58,17,,,,,57.5,0.0
2,21400,VOLCANIC_ROCK_VOUCHER_10250,57.0,22.0,,,,,58,22,,,,,57.5,0.0
2,21500,VOLCANIC_ROCK_VOUCHER_10250,58.0,20.0,,,,,59,20,,,,,58.5,0.0
2,21600,VOLCANIC_ROCK_VOUCHER_10250,58.0,15.0,,,,,59,15,,,,,58.5,0.0
2,21700,VOLCANIC_ROCK_VOUCHER_10250,58.0,18.0,,,,,59,18,,,,,58.5,0.0
2,21800,VOLCANIC_ROCK_VOUCHER_10250,58.0,18.0,,,,,59,18,,,,,58.5,0.0
2,21900,VOLCANIC_ROCK_VOUCHER_10250,58.0,18.0,,,,,59,18,,,,,58.5,0.0
2,22000,VOLCANIC_ROCK_VOUCHER_10250,60.0,15.0,,,,,61,15,,,,,60.5,0.0
2,22100,VOLCANIC_ROCK_VOUCHER_10250,60.0,15.0,,,,,61,15,,,,,60.5,0.0
2,22200,VOLCANIC_ROCK_VOUCHER_10250,60.0,28.0,,,,,61,12,,,,,60.5,0.0
2,22300,VOLCANIC_ROCK_VOUCHER_10250,60.0,10.0,,,,,61,10,,,,,60.5,0.0
2,22400,VOLCANIC_ROCK_VOUCHER_10250,60.0,13.0,,,,,61,13,,,,,60.5,0.0
2,22500,VOLCANIC_ROCK_VOUCHER_10250,60.0,25.0,,,,,61,12,,,,,60.5,0.0
2,22600,VOLCANIC_ROCK_VOUCHER_10250,59.0,15.0,,,,,60,15,,,,,59.5,0.0
2,22700,VOLCANIC_ROCK_VOUCHER_10250,59.0,15.0,,,,,60,15,,,,,59.5,0.0
2,22800,VOLCANIC_ROCK_VOUCHER_10250,59.0,1.0,,,,,60,19,,,,,59.5,0.0
2,22900,VOLCANIC_ROCK_VOUCHER_10250,59.0,16.0,,,,,60,16,,,,,59.5,0.0
2,23000,VOLCANIC_ROCK_VOUCHER_10250,59.0,17.0,,,,,60,17,,,,,59.5,0.0
2,23100,VOLCANIC_ROCK_VOUCHER_10250,59.0,18.0,,,,,60,18,,,,,59.5,0.0
2,23200,VOLCANIC_ROCK_VOUCHER_10250,59.0,22.0,,,,,60,22,,,,,59.5,0.0
2,23300,VOLCANIC_ROCK_VOUCHER_10250,59.0,16.0,,,,,60,16,,,,,59.5,0.0
2,23400,VOLCANIC_ROCK_VOUCHER_10250,59.0,15.0,,,,,60,15,,,,,59.5,0.0
2,23500,VOLCANIC_ROCK_VOUCHER_10250,58.0,15.0,,,,,59,15,,,,,58.5,0.0
2,23600,VOLCANIC_ROCK_VOUCHER_10250,58.0,20.0,,,,,59,20,,,,,58.5,0.0
2,23700,VOLCANIC_ROCK_VOUCHER_10250,58.0,14.0,,,,,59,14,,,,,58.5,0.0
2,23800,VOLCANIC_ROCK_VOUCHER_10250,58.0,17.0,,,,,59,17,,,,,58.5,0.0
2,23900,VOLCANIC_ROCK_VOUCHER_10250,57.0,17.0,,,,,58,17,,,,,57.5,0.0
2,24000,VOLCANIC_ROCK_VOUCHER_10250,58.0,15.0,,,,,59,15,,,,,58.5,0.0
2,24100,VOLCANIC_ROCK_VOUCHER_10250,55.0,4.0,,,,,56,19,,,,,55.5,0.0
2,24200,VOLCANIC_ROCK_VOUCHER_10250,54.0,16.0,,,,,55,16,,,,,54.5,0.0
2,24300,VOLCANIC_ROCK_VOUCHER_10250,54.0,13.0,,,,,55,13,,,,,54.5,0.0
2,24400,VOLCANIC_ROCK_VOUCHER_10250,53.0,16.0,,,,,54,16,,,,,53.5,0.0
2,24500,VOLCANIC_ROCK_VOUCHER_10250,54.0,20.0,,,,,55,20,,,,,54.5,0.0
2,24600,VOLCANIC_ROCK_VOUCHER_10250,53.0,18.0,,,,,54,18,,,,,53.5,0.0
2,24700,VOLCANIC_ROCK_VOUCHER_10250,54.0,15.0,,,,,55,15,,,,,54.5,0.0
2,24800,VOLCANIC_ROCK_VOUCHER_10250,54.0,16.0,,,,,55,16,,,,,54.5,0.0
2,24900,VOLCANIC_ROCK_VOUCHER_10250,53.0,35.0,,,,,54,21,,,,,53.5,0.0
2,25000,VOLCANIC_ROCK_VOUCHER_10250,54.0,16.0,,,,,55,16,,,,,54.5,0.0
2,25100,VOLCANIC_ROCK_VOUCHER_10250,54.0,11.0,,,,,55,11,,,,,54.5,0.0
2,25200,VOLCANIC_ROCK_VOUCHER_10250,53.0,20.0,,,,,54,20,,,,,53.5,0.0
2,25300,VOLCANIC_ROCK_VOUCHER_10250,52.0,16.0,,,,,53,16,,,,,52.5,0.0
2,25400,VOLCANIC_ROCK_VOUCHER_10250,52.0,22.0,,,,,53,22,,,,,52.5,0.0
2,25500,VOLCANIC_ROCK_VOUCHER_10250,52.0,17.0,,,,,53,17,,,,,52.5,0.0
2,25600,VOLCANIC_ROCK_VOUCHER_10250,53.0,11.0,,,,,54,11,,,,,53.5,0.0
2,25700,VOLCANIC_ROCK_VOUCHER_10250,52.0,20.0,,,,,53,20,,,,,52.5,0.0
2,25800,VOLCANIC_ROCK_VOUCHER_10250,52.0,12.0,,,,,53,12,,,,,52.5,0.0
2,25900,VOLCANIC_ROCK_VOUCHER_10250,53.0,14.0,,,,,54,14,,,,,53.5,0.0
2,26000,VOLCANIC_ROCK_VOUCHER_10250,54.0,17.0,,,,,55,17,,,,,54.5,0.0
2,26100,VOLCANIC_ROCK_VOUCHER_10250,54.0,19.0,,,,,55,19,,,,,54.5,0.0
2,26200,VOLCANIC_ROCK_VOUCHER_10250,55.0,17.0,,,,,56,17,,,,,55.5,0.0
2,26300,VOLCANIC_ROCK_VOUCHER_10250,55.0,11.0,,,,,56,11,,,,,55.5,0.0
2,26400,VOLCANIC_ROCK_VOUCHER_10250,56.0,8.0,,,,,57,18,,,,,56.5,0.0
2,26500,VOLCANIC_ROCK_VOUCHER_10250,56.0,22.0,,,,,57,22,,,,,56.5,0.0
2,26600,VOLCANIC_ROCK_VOUCHER_10250,55.0,17.0,,,,,56,17,,,,,55.5,0.0
2,26700,VOLCANIC_ROCK_VOUCHER_10250,55.0,14.0,,,,,56,14,,,,,55.5,0.0
2,26800,VOLCANIC_ROCK_VOUCHER_10250,55.0,21.0,,,,,56,21,,,,,55.5,0.0
2,26900,VOLCANIC_ROCK_VOUCHER_10250,55.0,12.0,,,,,56,12,,,,,55.5,0.0
2,27000,VOLCANIC_ROCK_VOUCHER_10250,55.0,12.0,,,,,56,12,,,,,55.5,0.0
2,27100,VOLCANIC_ROCK_VOUCHER_10250,55.0,9.0,,,,,56,20,,,,,55.5,0.0
2,27200,VOLCANIC_ROCK_VOUCHER_10250,55.0,16.0,,,,,56,16,,,,,55.5,0.0
2,27300,VOLCANIC_ROCK_VOUCHER_10250,55.0,17.0,,,,,56,17,,,,,55.5,0.0
2,27400,VOLCANIC_ROCK_VOUCHER_10250,55.0,11.0,,,,,56,11,,,,,55.5,0.0
2,27500,VOLCANIC_ROCK_VOUCHER_10250,56.0,10.0,,,,,57,10,,,,,56.5,0.0
2,27600,VOLCANIC_ROCK_VOUCHER_10250,55.0,15.0,,,,,56,15,,,,,55.5,0.0
2,27700,VOLCANIC_ROCK_VOUCHER_10250,55.0,22.0,,,,,56,22,,,,,55.5,0.0
2,27800,VOLCANIC_ROCK_VOUCHER_10250,53.0,4.0,,,,,54,19,,,,,53.5,0.0
2,27900,VOLCANIC_ROCK_VOUCHER_10250,53.0,18.0,,,,,54,18,,,,,53.5,0.0
2,28000,VOLCANIC_ROCK_VOUCHER_10250,53.0,20.0,,,,,54,20,,,,,53.5,0.0
2,28100,VOLCANIC_ROCK_VOUCHER_10250,54.0,13.0,,,,,55,13,,,,,54.5,0.0
2,28200,VOLCANIC_ROCK_VOUCHER_10250,53.0,18.0,,,,,54,18,,,,,53.5,0.0
2,28300,VOLCANIC_ROCK_VOUCHER_10250,52.0,15.0,,,,,53,15,,,,,52.5,0.0
2,28400,VOLCANIC_ROCK_VOUCHER_10250,52.0,15.0,,,,,53,15,,,,,52.5,0.0
2,28500,VOLCANIC_ROCK_VOUCHER_10250,52.0,14.0,,,,,53,14,,,,,52.5,0.0
2,28600,VOLCANIC_ROCK_VOUCHER_10250,51.0,14.0,,,,,52,14,,,,,51.5,0.0
2,28700,VOLCANIC_ROCK_VOUCHER_10250,50.0,15.0,,,,,51,15,,,,,50.5,0.0
2,28800,VOLCANIC_ROCK_VOUCHER_10250,49.0,18.0,,,,,50,18,,,,,49.5,0.0
2,28900,VOLCANIC_ROCK_VOUCHER_10250,49.0,13.0,,,,,50,13,,,,,49.5,0.0
2,29000,VOLCANIC_ROCK_VOUCHER_10250,50.0,14.0,,,,,51,14,,,,,50.5,0.0
2,29100,VOLCANIC_ROCK_VOUCHER_10250,49.0,11.0,,,,,50,11,,,,,49.5,0.0
2,29200,VOLCANIC_ROCK_VOUCHER_10250,50.0,34.0,,,,,51,17,,,,,50.5,0.0
2,29300,VOLCANIC_ROCK_VOUCHER_10250,50.0,14.0,,,,,51,14,,,,,50.5,0.0
2,29400,VOLCANIC_ROCK_VOUCHER_10250,50.0,13.0,,,,,51,13,,,,,50.5,0.0
2,29500,VOLCANIC_ROCK_VOUCHER_10250,,,,,,,50,7,51.0,11.0,,,50.0,0.0
2,29600,VOLCANIC_ROCK_VOUCHER_10250,50.0,16.0,,,,,51,16,,,,,50.5,0.0
2,29700,VOLCANIC_ROCK_VOUCHER_10250,51.0,15.0,,,,,52,15,,,,,51.5,0.0
2,29800,VOLCANIC_ROCK_VOUCHER_10250,51.0,12.0,,,,,52,12,,,,,51.5,0.0
2,29900,VOLCANIC_ROCK_VOUCHER_10250,51.0,18.0,,,,,52,18,,,,,51.5,0.0
2,30000,VOLCANIC_ROCK_VOUCHER_10250,50.0,12.0,,,,,51,12,,,,,50.5,0.0
2,30100,VOLCANIC_ROCK_VOUCHER_10250,50.0,16.0,,,,,51,16,,,,,50.5,0.0
2,30200,VOLCANIC_ROCK_VOUCHER_10250,50.0,19.0,,,,,51,19,,,,,50.5,0.0
2,30300,VOLCANIC_ROCK_VOUCHER_10250,50.0,10.0,,,,,51,10,,,,,50.5,0.0
2,30400,VOLCANIC_ROCK_VOUCHER_10250,49.0,14.0,,,,,50,14,,,,,49.5,0.0
2,30500,VOLCANIC_ROCK_VOUCHER_10250,48.0,15.0,,,,,49,15,,,,,48.5,0.0
2,30600,VOLCANIC_ROCK_VOUCHER_10250,49.0,33.0,,,,,50,20,,,,,49.5,0.0
2,30700,VOLCANIC_ROCK_VOUCHER_10250,49.0,12.0,,,,,50,12,,,,,49.5,0.0
2,30800,VOLCANIC_ROCK_VOUCHER_10250,49.0,17.0,,,,,50,17,,,,,49.5,0.0
2,30900,VOLCANIC_ROCK_VOUCHER_10250,48.0,11.0,,,,,49,11,,,,,48.5,0.0
2,31000,VOLCANIC_ROCK_VOUCHER_10250,49.0,12.0,,,,,50,12,,,,,49.5,0.0
2,31100,VOLCANIC_ROCK_VOUCHER_10250,48.0,18.0,,,,,49,18,,,,,48.5,0.0
2,31200,VOLCANIC_ROCK_VOUCHER_10250,48.0,11.0,,,,,49,11,,,,,48.5,0.0
2,31300,VOLCANIC_ROCK_VOUCHER_10250,47.0,13.0,,,,,48,13,,,,,47.5,0.0
2,31400,VOLCANIC_ROCK_VOUCHER_10250,48.0,17.0,,,,,49,17,,,,,48.5,0.0
2,31500,VOLCANIC_ROCK_VOUCHER_10250,48.0,13.0,,,,,49,13,,,,,48.5,0.0
2,31600,VOLCANIC_ROCK_VOUCHER_10250,48.0,10.0,,,,,49,10,,,,,48.5,0.0
2,31700,VOLCANIC_ROCK_VOUCHER_10250,48.0,17.0,,,,,49,17,,,,,48.5,0.0
2,31800,VOLCANIC_ROCK_VOUCHER_10250,48.0,0.0,,,,,49,17,,,,,48.5,0.0
2,31900,VOLCANIC_ROCK_VOUCHER_10250,47.0,20.0,,,,,48,20,,,,,47.5,0.0
2,32000,VOLCANIC_ROCK_VOUCHER_10250,47.0,20.0,,,,,48,20,,,,,47.5,0.0
2,32100,VOLCANIC_ROCK_VOUCHER_10250,46.0,15.0,,,,,47,15,,,,,46.5,0.0
2,32200,VOLCANIC_ROCK_VOUCHER_10250,46.0,19.0,,,,,47,19,,,,,46.5,0.0
2,32300,VOLCANIC_ROCK_VOUCHER_10250,46.0,21.0,,,,,47,21,,,,,46.5,0.0
2,32400,VOLCANIC_ROCK_VOUCHER_10250,46.0,18.0,,,,,47,18,,,,,46.5,0.0
2,32500,VOLCANIC_ROCK_VOUCHER_10250,47.0,12.0,,,,,48,12,,,,,47.5,0.0
2,32600,VOLCANIC_ROCK_VOUCHER_10250,48.0,20.0,,,,,49,20,,,,,48.5,0.0
2,32700,VOLCANIC_ROCK_VOUCHER_10250,49.0,18.0,,,,,50,18,,,,,49.5,0.0
2,32800,VOLCANIC_ROCK_VOUCHER_10250,49.0,19.0,,,,,50,19,,,,,49.5,0.0
2,32900,VOLCANIC_ROCK_VOUCHER_10250,51.0,13.0,,,,,52,13,,,,,51.5,0.0
2,33000,VOLCANIC_ROCK_VOUCHER_10250,51.0,11.0,,,,,52,11,,,,,51.5,0.0
2,33100,VOLCANIC_ROCK_VOUCHER_10250,51.0,13.0,,,,,52,13,,,,,51.5,0.0
2,33200,VOLCANIC_ROCK_VOUCHER_10250,52.0,11.0,,,,,53,11,,,,,52.5,0.0
2,33300,VOLCANIC_ROCK_VOUCHER_10250,52.0,13.0,,,,,53,13,,,,,52.5,0.0
2,33400,VOLCANIC_ROCK_VOUCHER_10250,51.0,13.0,,,,,52,13,,,,,51.5,0.0
2,33500,VOLCANIC_ROCK_VOUCHER_10250,52.0,18.0,,,,,53,18,,,,,52.5,0.0
2,33600,VOLCANIC_ROCK_VOUCHER_10250,51.0,21.0,,,,,52,21,,,,,51.5,0.0
2,33700,VOLCANIC_ROCK_VOUCHER_10250,52.0,19.0,,,,,53,19,,,,,52.5,0.0
2,33800,VOLCANIC_ROCK_VOUCHER_10250,53.0,12.0,,,,,54,12,,,,,53.5,0.0
2,33900,VOLCANIC_ROCK_VOUCHER_10250,53.0,19.0,,,,,54,19,,,,,53.5,0.0
2,34000,VOLCANIC_ROCK_VOUCHER_10250,53.0,19.0,,,,,54,19,,,,,53.5,0.0
2,34100,VOLCANIC_ROCK_VOUCHER_10250,52.0,15.0,,,,,53,15,,,,,52.5,0.0
2,34200,VOLCANIC_ROCK_VOUCHER_10250,52.0,19.0,,,,,53,19,,,,,52.5,0.0
2,34300,VOLCANIC_ROCK_VOUCHER_10250,52.0,10.0,,,,,53,10,,,,,52.5,0.0
2,34400,VOLCANIC_ROCK_VOUCHER_10250,53.0,14.0,,,,,54,14,,,,,53.5,0.0
2,34500,VOLCANIC_ROCK_VOUCHER_10250,52.0,19.0,,,,,53,19,,,,,52.5,0.0
2,34600,VOLCANIC_ROCK_VOUCHER_10250,51.0,20.0,,,,,52,20,,,,,51.5,0.0
2,34700,VOLCANIC_ROCK_VOUCHER_10250,51.0,20.0,,,,,52,20,,,,,51.5,0.0
2,34800,VOLCANIC_ROCK_VOUCHER_10250,,,,,,,51,9,52.0,10.0,,,51.0,0.0
2,34900,VOLCANIC_ROCK_VOUCHER_10250,52.0,14.0,,,,,53,14,,,,,52.5,0.0
2,35000,VOLCANIC_ROCK_VOUCHER_10250,51.0,10.0,,,,,52,10,,,,,51.5,0.0
2,35100,VOLCANIC_ROCK_VOUCHER_10250,51.0,16.0,,,,,52,16,,,,,51.5,0.0
2,35200,VOLCANIC_ROCK_VOUCHER_10250,51.0,12.0,,,,,52,12,,,,,51.5,0.0
2,35300,VOLCANIC_ROCK_VOUCHER_10250,51.0,21.0,,,,,52,21,,,,,51.5,0.0
2,35400,VOLCANIC_ROCK_VOUCHER_10250,52.0,11.0,,,,,53,11,,,,,52.5,0.0
2,35500,VOLCANIC_ROCK_VOUCHER_10250,52.0,14.0,,,,,53,14,,,,,52.5,0.0
2,35600,VOLCANIC_ROCK_VOUCHER_10250,,,,,,,52,3,53.0,14.0,,,52.0,0.0
2,35700,VOLCANIC_ROCK_VOUCHER_10250,52.0,17.0,,,,,53,17,,,,,52.5,0.0
2,35800,VOLCANIC_ROCK_VOUCHER_10250,52.0,37.0,,,,,53,19,,,,,52.5,0.0
2,35900,VOLCANIC_ROCK_VOUCHER_10250,51.0,11.0,,,,,52,11,,,,,51.5,0.0
2,36000,VOLCANIC_ROCK_VOUCHER_10250,51.0,13.0,,,,,52,13,,,,,51.5,0.0
2,36100,VOLCANIC_ROCK_VOUCHER_10250,51.0,16.0,,,,,52,16,,,,,51.5,0.0
2,36200,VOLCANIC_ROCK_VOUCHER_10250,52.0,31.0,,,,,53,18,,,,,52.5,0.0
2,36300,VOLCANIC_ROCK_VOUCHER_10250,52.0,12.0,,,,,53,12,,,,,52.5,0.0
2,36400,VOLCANIC_ROCK_VOUCHER_10250,50.0,14.0,,,,,51,14,,,,,50.5,0.0
2,36500,VOLCANIC_ROCK_VOUCHER_10250,51.0,21.0,,,,,52,21,,,,,51.5,0.0
2,36600,VOLCANIC_ROCK_VOUCHER_10250,50.0,18.0,,,,,51,18,,,,,50.5,0.0
2,36700,VOLCANIC_ROCK_VOUCHER_10250,51.0,13.0,,,,,52,13,,,,,51.5,0.0
2,36800,VOLCANIC_ROCK_VOUCHER_10250,,,,,,,51,1,52.0,14.0,,,51.0,0.0
2,36900,VOLCANIC_ROCK_VOUCHER_10250,51.0,19.0,,,,,52,19,,,,,51.5,0.0
2,37000,VOLCANIC_ROCK_VOUCHER_10250,52.0,19.0,,,,,53,19,,,,,52.5,0.0
2,37100,VOLCANIC_ROCK_VOUCHER_10250,52.0,16.0,,,,,53,16,,,,,52.5,0.0
2,37200,VOLCANIC_ROCK_VOUCHER_10250,52.0,12.0,,,,,53,12,,,,,52.5,0.0
2,37300,VOLCANIC_ROCK_VOUCHER_10250,52.0,14.0,,,,,53,14,,,,,52.5,0.0
2,37400,VOLCANIC_ROCK_VOUCHER_10250,52.0,14.0,,,,,53,14,,,,,52.5,0.0
2,37500,VOLCANIC_ROCK_VOUCHER_10250,52.0,19.0,,,,,53,19,,,,,52.5,0.0
2,37600,VOLCANIC_ROCK_VOUCHER_10250,52.0,20.0,,,,,53,20,,,,,52.5,0.0
2,37700,VOLCANIC_ROCK_VOUCHER_10250,52.0,14.0,,,,,53,14,,,,,52.5,0.0
2,37800,VOLCANIC_ROCK_VOUCHER_10250,52.0,17.0,,,,,53,17,,,,,52.5,0.0
2,37900,VOLCANIC_ROCK_VOUCHER_10250,52.0,22.0,,,,,53,22,,,,,52.5,0.0
2,38000,VOLCANIC_ROCK_VOUCHER_10250,52.0,15.0,,,,,53,15,,,,,52.5,0.0
2,38100,VOLCANIC_ROCK_VOUCHER_10250,52.0,7.0,,,,,53,20,,,,,52.5,0.0
2,38200,VOLCANIC_ROCK_VOUCHER_10250,52.0,17.0,,,,,53,17,,,,,52.5,0.0
2,38300,VOLCANIC_ROCK_VOUCHER_10250,51.0,18.0,,,,,52,18,,,,,51.5,0.0
2,38400,VOLCANIC_ROCK_VOUCHER_10250,52.0,16.0,,,,,53,16,,,,,52.5,0.0
2,38500,VOLCANIC_ROCK_VOUCHER_10250,54.0,16.0,,,,,55,16,,,,,54.5,0.0
2,38600,VOLCANIC_ROCK_VOUCHER_10250,54.0,14.0,,,,,55,14,,,,,54.5,0.0
2,38700,VOLCANIC_ROCK_VOUCHER_10250,54.0,16.0,,,,,55,16,,,,,54.5,0.0
2,38800,VOLCANIC_ROCK_VOUCHER_10250,55.0,19.0,,,,,56,19,,,,,55.5,0.0
2,38900,VOLCANIC_ROCK_VOUCHER_10250,55.0,18.0,,,,,56,18,,,,,55.5,0.0
2,39000,VOLCANIC_ROCK_VOUCHER_10250,55.0,10.0,,,,,56,10,,,,,55.5,0.0
2,39100,VOLCANIC_ROCK_VOUCHER_10250,55.0,12.0,,,,,56,12,,,,,55.5,0.0
2,39200,VOLCANIC_ROCK_VOUCHER_10250,57.0,16.0,,,,,58,16,,,,,57.5,0.0
2,39300,VOLCANIC_ROCK_VOUCHER_10250,56.0,19.0,,,,,57,19,,,,,56.5,0.0
2,39400,VOLCANIC_ROCK_VOUCHER_10250,55.0,18.0,,,,,56,18,,,,,55.5,0.0
2,39500,VOLCANIC_ROCK_VOUCHER_10250,56.0,15.0,,,,,57,15,,,,,56.5,0.0
2,39600,VOLCANIC_ROCK_VOUCHER_10250,56.0,14.0,,,,,57,14,,,,,56.5,0.0
2,39700,VOLCANIC_ROCK_VOUCHER_10250,56.0,13.0,,,,,57,13,,,,,56.5,0.0
2,39800,VOLCANIC_ROCK_VOUCHER_10250,56.0,18.0,,,,,57,18,,,,,56.5,0.0
2,39900,VOLCANIC_ROCK_VOUCHER_10250,56.0,15.0,,,,,57,15,,,,,56.5,0.0
2,40000,VOLCANIC_ROCK_VOUCHER_10250,55.0,14.0,,,,,56,14,,,,,55.5,0.0
2,40100,VOLCANIC_ROCK_VOUCHER_10250,55.0,21.0,,,,,56,21,,,,,55.5,0.0
2,40200,VOLCANIC_ROCK_VOUCHER_10250,54.0,14.0,,,,,55,14,,,,,54.5,0.0
2,40300,VOLCANIC_ROCK_VOUCHER_10250,53.0,10.0,,,,,54,10,,,,,53.5,0.0
2,40400,VOLCANIC_ROCK_VOUCHER_10250,53.0,19.0,,,,,54,19,,,,,53.5,0.0
2,40500,VOLCANIC_ROCK_VOUCHER_10250,53.0,13.0,,,,,54,13,,,,,53.5,0.0
2,40600,VOLCANIC_ROCK_VOUCHER_10250,51.0,21.0,,,,,52,21,,,,,51.5,0.0
2,40700,VOLCANIC_ROCK_VOUCHER_10250,51.0,17.0,,,,,52,17,,,,,51.5,0.0
2,40800,VOLCANIC_ROCK_VOUCHER_10250,51.0,10.0,,,,,52,10,,,,,51.5,0.0
2,40900,VOLCANIC_ROCK_VOUCHER_10250,53.0,12.0,,,,,54,12,,,,,53.5,0.0
2,41000,VOLCANIC_ROCK_VOUCHER_10250,52.0,10.0,,,,,53,10,,,,,52.5,0.0
2,41100,VOLCANIC_ROCK_VOUCHER_10250,52.0,19.0,,,,,53,19,,,,,52.5,0.0
2,41200,VOLCANIC_ROCK_VOUCHER_10250,52.0,3.0,,,,,53,14,,,,,52.5,0.0
2,41300,VOLCANIC_ROCK_VOUCHER_10250,51.0,19.0,,,,,52,19,,,,,51.5,0.0
2,41400,VOLCANIC_ROCK_VOUCHER_10250,52.0,18.0,,,,,53,18,,,,,52.5,0.0
2,41500,VOLCANIC_ROCK_VOUCHER_10250,52.0,18.0,,,,,53,18,,,,,52.5,0.0
2,41600,VOLCANIC_ROCK_VOUCHER_10250,52.0,23.0,,,,,53,17,,,,,52.5,0.0
2,41700,VOLCANIC_ROCK_VOUCHER_10250,51.0,19.0,,,,,52,19,,,,,51.5,0.0
2,41800,VOLCANIC_ROCK_VOUCHER_10250,52.0,22.0,,,,,53,22,,,,,52.5,0.0
2,41900,VOLCANIC_ROCK_VOUCHER_10250,53.0,12.0,,,,,54,12,,,,,53.5,0.0
2,42000,VOLCANIC_ROCK_VOUCHER_10250,52.0,15.0,,,,,53,15,,,,,52.5,0.0
2,42100,VOLCANIC_ROCK_VOUCHER_10250,53.0,15.0,,,,,54,15,,,,,53.5,0.0
2,42200,VOLCANIC_ROCK_VOUCHER_10250,53.0,16.0,,,,,54,16,,,,,53.5,0.0
2,42300,VOLCANIC_ROCK_VOUCHER_10250,51.0,16.0,,,,,52,16,,,,,51.5,0.0
2,42400,VOLCANIC_ROCK_VOUCHER_10250,50.0,19.0,,,,,51,19,,,,,50.5,0.0
2,42500,VOLCANIC_ROCK_VOUCHER_10250,50.0,19.0,,,,,51,19,,,,,50.5,0.0
2,42600,VOLCANIC_ROCK_VOUCHER_10250,50.0,18.0,,,,,51,18,,,,,50.5,0.0
2,42700,VOLCANIC_ROCK_VOUCHER_10250,51.0,16.0,,,,,52,16,,,,,51.5,0.0
2,42800,VOLCANIC_ROCK_VOUCHER_10250,50.0,14.0,,,,,51,14,,,,,50.5,0.0
2,42900,VOLCANIC_ROCK_VOUCHER_10250,50.0,22.0,,,,,51,22,,,,,50.5,0.0
2,43000,VOLCANIC_ROCK_VOUCHER_10250,51.0,21.0,,,,,52,21,,,,,51.5,0.0
2,43100,VOLCANIC_ROCK_VOUCHER_10250,50.0,12.0,,,,,51,12,,,,,50.5,0.0
2,43200,VOLCANIC_ROCK_VOUCHER_10250,48.0,19.0,,,,,49,19,,,,,48.5,0.0
2,43300,VOLCANIC_ROCK_VOUCHER_10250,48.0,14.0,,,,,49,14,,,,,48.5,0.0
2,43400,VOLCANIC_ROCK_VOUCHER_10250,48.0,11.0,,,,,49,11,,,,,48.5,0.0
2,43500,VOLCANIC_ROCK_VOUCHER_10250,48.0,15.0,,,,,49,15,,,,,48.5,0.0
2,43600,VOLCANIC_ROCK_VOUCHER_10250,48.0,5.0,,,,,49,17,,,,,48.5,0.0
2,43700,VOLCANIC_ROCK_VOUCHER_10250,48.0,17.0,,,,,49,17,,,,,48.5,0.0
2,43800,VOLCANIC_ROCK_VOUCHER_10250,48.0,13.0,,,,,49,13,,,,,48.5,0.0
2,43900,VOLCANIC_ROCK_VOUCHER_10250,48.0,24.0,,,,,49,13,,,,,48.5,0.0
2,44000,VOLCANIC_ROCK_VOUCHER_10250,49.0,13.0,,,,,50,13,,,,,49.5,0.0
2,44100,VOLCANIC_ROCK_VOUCHER_10250,49.0,22.0,,,,,50,22,,,,,49.5,0.0
2,44200,VOLCANIC_ROCK_VOUCHER_10250,49.0,13.0,,,,,50,13,,,,,49.5,0.0
2,44300,VOLCANIC_ROCK_VOUCHER_10250,49.0,15.0,,,,,50,15,,,,,49.5,0.0
2,44400,VOLCANIC_ROCK_VOUCHER_10250,50.0,16.0,,,,,51,16,,,,,50.5,0.0
2,44500,VOLCANIC_ROCK_VOUCHER_10250,50.0,15.0,,,,,51,15,,,,,50.5,0.0
2,44600,VOLCANIC_ROCK_VOUCHER_10250,50.0,15.0,,,,,51,15,,,,,50.5,0.0
2,44700,VOLCANIC_ROCK_VOUCHER_10250,50.0,14.0,,,,,51,14,,,,,50.5,0.0
2,44800,VOLCANIC_ROCK_VOUCHER_10250,51.0,18.0,,,,,52,18,,,,,51.5,0.0
2,44900,VOLCANIC_ROCK_VOUCHER_10250,50.0,12.0,,,,,51,12,,,,,50.5,0.0
2,45000,VOLCANIC_ROCK_VOUCHER_10250,51.0,14.0,,,,,52,14,,,,,51.5,0.0
2,45100,VOLCANIC_ROCK_VOUCHER_10250,50.0,16.0,,,,,51,16,,,,,50.5,0.0
2,45200,VOLCANIC_ROCK_VOUCHER_10250,50.0,11.0,,,,,51,11,,,,,50.5,0.0
2,45300,VOLCANIC_ROCK_VOUCHER_10250,51.0,9.0,,,,,52,21,,,,,51.5,0.0
2,45400,VOLCANIC_ROCK_VOUCHER_10250,49.0,18.0,,,,,50,18,,,,,49.5,0.0
2,45500,VOLCANIC_ROCK_VOUCHER_10250,50.0,22.0,,,,,51,22,,,,,50.5,0.0
2,45600,VOLCANIC_ROCK_VOUCHER_10250,49.0,20.0,,,,,50,20,,,,,49.5,0.0
2,45700,VOLCANIC_ROCK_VOUCHER_10250,49.0,4.0,,,,,50,18,,,,,49.5,0.0
2,45800,VOLCANIC_ROCK_VOUCHER_10250,49.0,12.0,,,,,50,12,,,,,49.5,0.0
2,45900,VOLCANIC_ROCK_VOUCHER_10250,50.0,19.0,,,,,51,19,,,,,50.5,0.0
2,46000,VOLCANIC_ROCK_VOUCHER_10250,49.0,24.0,,,,,50,12,,,,,49.5,0.0
2,46100,VOLCANIC_ROCK_VOUCHER_10250,49.0,2.0,,,,,50,12,,,,,49.5,0.0
2,46200,VOLCANIC_ROCK_VOUCHER_10250,48.0,12.0,,,,,49,12,,,,,48.5,0.0
2,46300,VOLCANIC_ROCK_VOUCHER_10250,48.0,12.0,,,,,49,12,,,,,48.5,0.0
2,46400,VOLCANIC_ROCK_VOUCHER_10250,48.0,24.0,,,,,49,13,,,,,48.5,0.0
2,46500,VOLCANIC_ROCK_VOUCHER_10250,48.0,20.0,,,,,49,20,,,,,48.5,0.0
2,46600,VOLCANIC_ROCK_VOUCHER_10250,47.0,18.0,,,,,48,18,,,,,47.5,0.0
2,46700,VOLCANIC_ROCK_VOUCHER_10250,47.0,13.0,,,,,48,13,,,,,47.5,0.0
2,46800,VOLCANIC_ROCK_VOUCHER_10250,47.0,18.0,,,,,48,18,,,,,47.5,0.0
2,46900,VOLCANIC_ROCK_VOUCHER_10250,46.0,13.0,,,,,47,13,,,,,46.5,0.0
2,47000,VOLCANIC_ROCK_VOUCHER_10250,46.0,15.0,,,,,47,15,,,,,46.5,0.0
2,47100,VOLCANIC_ROCK_VOUCHER_10250,47.0,11.0,,,,,48,11,,,,,47.5,0.0
2,47200,VOLCANIC_ROCK_VOUCHER_10250,47.0,15.0,,,,,48,15,,,,,47.5,0.0
2,47300,VOLCANIC_ROCK_VOUCHER_10250,47.0,16.0,,,,,48,16,,,,,47.5,0.0
2,47400,VOLCANIC_ROCK_VOUCHER_10250,47.0,18.0,,,,,48,18,,,,,47.5,0.0
2,47500,VOLCANIC_ROCK_VOUCHER_10250,47.0,13.0,,,,,48,13,,,,,47.5,0.0
2,47600,VOLCANIC_ROCK_VOUCHER_10250,,,,,,,48,4,49.0,12.0,,,48.0,0.0
2,47700,VOLCANIC_ROCK_VOUCHER_10250,47.0,16.0,,,,,48,16,,,,,47.5,0.0
2,47800,VOLCANIC_ROCK_VOUCHER_10250,48.0,17.0,,,,,49,17,,,,,48.5,0.0
2,47900,VOLCANIC_ROCK_VOUCHER_10250,48.0,15.0,,,,,49,15,,,,,48.5,0.0
2,48000,VOLCANIC_ROCK_VOUCHER_10250,47.0,20.0,,,,,48,20,,,,,47.5,0.0
2,48100,VOLCANIC_ROCK_VOUCHER_10250,47.0,14.0,,,,,48,14,,,,,47.5,0.0
2,48200,VOLCANIC_ROCK_VOUCHER_10250,46.0,17.0,,,,,47,17,,,,,46.5,0.0
2,48300,VOLCANIC_ROCK_VOUCHER_10250,,,,,,,46,2,47.0,12.0,,,46.0,0.0
2,48400,VOLCANIC_ROCK_VOUCHER_10250,46.0,13.0,,,,,47,13,,,,,46.5,0.0
2,48500,VOLCANIC_ROCK_VOUCHER_10250,46.0,19.0,,,,,47,19,,,,,46.5,0.0
2,48600,VOLCANIC_ROCK_VOUCHER_10250,45.0,14.0,,,,,46,14,,,,,45.5,0.0
2,48700,VOLCANIC_ROCK_VOUCHER_10250,45.0,18.0,,,,,46,18,,,,,45.5,0.0
2,48800,VOLCANIC_ROCK_VOUCHER_10250,43.0,14.0,,,,,44,14,,,,,43.5,0.0
2,48900,VOLCANIC_ROCK_VOUCHER_10250,45.0,16.0,,,,,46,16,,,,,45.5,0.0
2,49000,VOLCANIC_ROCK_VOUCHER_10250,45.0,15.0,,,,,46,15,,,,,45.5,0.0
2,49100,VOLCANIC_ROCK_VOUCHER_10250,45.0,20.0,,,,,46,20,,,,,45.5,0.0
2,49200,VOLCANIC_ROCK_VOUCHER_10250,45.0,12.0,,,,,46,12,,,,,45.5,0.0
2,49300,VOLCANIC_ROCK_VOUCHER_10250,45.0,19.0,,,,,46,19,,,,,45.5,0.0
2,49400,VOLCANIC_ROCK_VOUCHER_10250,45.0,14.0,,,,,46,14,,,,,45.5,0.0
2,49500,VOLCANIC_ROCK_VOUCHER_10250,45.0,21.0,,,,,46,21,,,,,45.5,0.0
2,49600,VOLCANIC_ROCK_VOUCHER_10250,45.0,21.0,,,,,46,21,,,,,45.5,0.0
2,49700,VOLCANIC_ROCK_VOUCHER_10250,45.0,12.0,,,,,46,12,,,,,45.5,0.0
2,49800,VOLCANIC_ROCK_VOUCHER_10250,44.0,19.0,,,,,45,19,,,,,44.5,0.0
2,49900,VOLCANIC_ROCK_VOUCHER_10250,44.0,32.0,,,,,45,12,,,,,44.5,0.0
2,50000,VOLCANIC_ROCK_VOUCHER_10250,44.0,17.0,,,,,45,17,,,,,44.5,0.0
2,50100,VOLCANIC_ROCK_VOUCHER_10250,,,,,,,44,4,45.0,14.0,,,44.0,0.0
2,50200,VOLCANIC_ROCK_VOUCHER_10250,42.0,13.0,,,,,43,13,,,,,42.5,0.0
2,50300,VOLCANIC_ROCK_VOUCHER_10250,42.0,16.0,,,,,43,16,,,,,42.5,0.0
2,50400,VOLCANIC_ROCK_VOUCHER_10250,43.0,21.0,,,,,44,21,,,,,43.5,0.0
2,50500,VOLCANIC_ROCK_VOUCHER_10250,43.0,10.0,,,,,44,10,,,,,43.5,0.0
2,50600,VOLCANIC_ROCK_VOUCHER_10250,43.0,12.0,,,,,44,12,,,,,43.5,0.0
2,50700,VOLCANIC_ROCK_VOUCHER_10250,,,,,,,43,5,44.0,11.0,,,43.0,0.0
2,50800,VOLCANIC_ROCK_VOUCHER_10250,43.0,12.0,,,,,44,12,,,,,43.5,0.0
2,50900,VOLCANIC_ROCK_VOUCHER_10250,44.0,16.0,,,,,45,16,,,,,44.5,0.0
2,51000,VOLCANIC_ROCK_VOUCHER_10250,44.0,16.0,,,,,45,16,,,,,44.5,0.0
2,51100,VOLCANIC_ROCK_VOUCHER_10250,44.0,22.0,,,,,45,11,,,,,44.5,0.0
2,51200,VOLCANIC_ROCK_VOUCHER_10250,45.0,16.0,,,,,46,16,,,,,45.5,0.0
2,51300,VOLCANIC_ROCK_VOUCHER_10250,44.0,12.0,,,,,45,12,,,,,44.5,0.0
2,51400,VOLCANIC_ROCK_VOUCHER_10250,43.0,21.0,,,,,44,21,,,,,43.5,0.0
2,51500,VOLCANIC_ROCK_VOUCHER_10250,44.0,16.0,,,,,45,16,,,,,44.5,0.0
2,51600,VOLCANIC_ROCK_VOUCHER_10250,43.0,12.0,,,,,44,12,,,,,43.5,0.0
2,51700,VOLCANIC_ROCK_VOUCHER_10250,43.0,21.0,,,,,44,16,,,,,43.5,0.0
2,51800,VOLCANIC_ROCK_VOUCHER_10250,43.0,23.0,,,,,44,10,,,,,43.5,0.0
2,51900,VOLCANIC_ROCK_VOUCHER_10250,43.0,14.0,,,,,44,14,,,,,43.5,0.0
2,52000,VOLCANIC_ROCK_VOUCHER_10250,43.0,18.0,,,,,44,18,,,,,43.5,0.0
2,52100,VOLCANIC_ROCK_VOUCHER_10250,43.0,19.0,,,,,44,19,,,,,43.5,0.0
2,52200,VOLCANIC_ROCK_VOUCHER_10250,42.0,16.0,,,,,43,16,,,,,42.5,0.0
2,52300,VOLCANIC_ROCK_VOUCHER_10250,42.0,19.0,,,,,43,19,,,,,42.5,0.0
2,52400,VOLCANIC_ROCK_VOUCHER_10250,43.0,14.0,,,,,44,14,,,,,43.5,0.0
2,52500,VOLCANIC_ROCK_VOUCHER_10250,43.0,18.0,,,,,44,18,,,,,43.5,0.0
2,52600,VOLCANIC_ROCK_VOUCHER_10250,42.0,14.0,,,,,43,14,,,,,42.5,0.0
2,52700,VOLCANIC_ROCK_VOUCHER_10250,,,,,,,42,3,43.0,12.0,,,42.0,0.0
2,52800,VOLCANIC_ROCK_VOUCHER_10250,42.0,21.0,,,,,43,21,,,,,42.5,0.0
2,52900,VOLCANIC_ROCK_VOUCHER_10250,41.0,12.0,,,,,42,12,,,,,41.5,0.0
2,53000,VOLCANIC_ROCK_VOUCHER_10250,41.0,20.0,,,,,42,20,,,,,41.5,0.0
2,53100,VOLCANIC_ROCK_VOUCHER_10250,42.0,13.0,,,,,43,13,,,,,42.5,0.0
2,53200,VOLCANIC_ROCK_VOUCHER_10250,42.0,19.0,,,,,43,19,,,,,42.5,0.0
2,53300,VOLCANIC_ROCK_VOUCHER_10250,42.0,17.0,,,,,43,17,,,,,42.5,0.0
2,53400,VOLCANIC_ROCK_VOUCHER_10250,42.0,5.0,,,,,43,16,,,,,42.5,0.0
2,53500,VOLCANIC_ROCK_VOUCHER_10250,42.0,14.0,,,,,43,14,,,,,42.5,0.0
2,53600,VOLCANIC_ROCK_VOUCHER_10250,42.0,19.0,,,,,43,19,,,,,42.5,0.0
2,53700,VOLCANIC_ROCK_VOUCHER_10250,42.0,11.0,,,,,43,11,,,,,42.5,0.0
2,53800,VOLCANIC_ROCK_VOUCHER_10250,42.0,12.0,,,,,43,12,,,,,42.5,0.0
2,53900,VOLCANIC_ROCK_VOUCHER_10250,42.0,14.0,,,,,43,14,,,,,42.5,0.0
2,54000,VOLCANIC_ROCK_VOUCHER_10250,42.0,18.0,,,,,43,18,,,,,42.5,0.0
2,54100,VOLCANIC_ROCK_VOUCHER_10250,42.0,20.0,,,,,43,20,,,,,42.5,0.0
2,54200,VOLCANIC_ROCK_VOUCHER_10250,41.0,11.0,,,,,42,11,,,,,41.5,0.0
2,54300,VOLCANIC_ROCK_VOUCHER_10250,41.0,16.0,,,,,42,16,,,,,41.5,0.0
2,54400,VOLCANIC_ROCK_VOUCHER_10250,40.0,12.0,,,,,41,12,,,,,40.5,0.0
2,54500,VOLCANIC_ROCK_VOUCHER_10250,40.0,20.0,,,,,41,20,,,,,40.5,0.0
2,54600,VOLCANIC_ROCK_VOUCHER_10250,39.0,16.0,,,,,40,16,,,,,39.5,0.0
2,54700,VOLCANIC_ROCK_VOUCHER_10250,39.0,27.0,,,,,40,16,,,,,39.5,0.0
2,54800,VOLCANIC_ROCK_VOUCHER_10250,39.0,16.0,,,,,40,16,,,,,39.5,0.0
2,54900,VOLCANIC_ROCK_VOUCHER_10250,39.0,13.0,,,,,40,13,,,,,39.5,0.0
2,55000,VOLCANIC_ROCK_VOUCHER_10250,39.0,17.0,,,,,40,17,,,,,39.5,0.0
2,55100,VOLCANIC_ROCK_VOUCHER_10250,38.0,18.0,,,,,39,18,,,,,38.5,0.0
2,55200,VOLCANIC_ROCK_VOUCHER_10250,39.0,12.0,,,,,40,12,,,,,39.5,0.0
2,55300,VOLCANIC_ROCK_VOUCHER_10250,39.0,19.0,,,,,40,19,,,,,39.5,0.0
2,55400,VOLCANIC_ROCK_VOUCHER_10250,38.0,21.0,,,,,39,21,,,,,38.5,0.0
2,55500,VOLCANIC_ROCK_VOUCHER_10250,38.0,12.0,,,,,39,12,,,,,38.5,0.0
2,55600,VOLCANIC_ROCK_VOUCHER_10250,38.0,15.0,,,,,39,15,,,,,38.5,0.0
2,55700,VOLCANIC_ROCK_VOUCHER_10250,38.0,21.0,,,,,39,21,,,,,38.5,0.0
2,55800,VOLCANIC_ROCK_VOUCHER_10250,38.0,17.0,,,,,39,17,,,,,38.5,0.0
2,55900,VOLCANIC_ROCK_VOUCHER_10250,38.0,19.0,,,,,39,19,,,,,38.5,0.0
2,56000,VOLCANIC_ROCK_VOUCHER_10250,38.0,17.0,,,,,39,17,,,,,38.5,0.0
2,56100,VOLCANIC_ROCK_VOUCHER_10250,38.0,17.0,,,,,39,17,,,,,38.5,0.0
2,56200,VOLCANIC_ROCK_VOUCHER_10250,38.0,18.0,,,,,39,18,,,,,38.5,0.0
2,56300,VOLCANIC_ROCK_VOUCHER_10250,39.0,19.0,,,,,40,19,,,,,39.5,0.0
2,56400,VOLCANIC_ROCK_VOUCHER_10250,39.0,20.0,,,,,40,20,,,,,39.5,0.0
2,56500,VOLCANIC_ROCK_VOUCHER_10250,,,,,,,40,2,41.0,17.0,,,40.0,0.0
2,56600,VOLCANIC_ROCK_VOUCHER_10250,39.0,6.0,,,,,40,22,,,,,39.5,0.0
2,56700,VOLCANIC_ROCK_VOUCHER_10250,40.0,12.0,,,,,41,12,,,,,40.5,0.0
2,56800,VOLCANIC_ROCK_VOUCHER_10250,40.0,18.0,,,,,41,18,,,,,40.5,0.0
2,56900,VOLCANIC_ROCK_VOUCHER_10250,41.0,16.0,,,,,42,16,,,,,41.5,0.0
2,57000,VOLCANIC_ROCK_VOUCHER_10250,41.0,0.0,,,,,42,20,,,,,41.5,0.0
2,57100,VOLCANIC_ROCK_VOUCHER_10250,41.0,19.0,,,,,42,19,,,,,41.5,0.0
2,57200,VOLCANIC_ROCK_VOUCHER_10250,41.0,13.0,,,,,42,13,,,,,41.5,0.0
2,57300,VOLCANIC_ROCK_VOUCHER_10250,41.0,12.0,,,,,42,12,,,,,41.5,0.0
2,57400,VOLCANIC_ROCK_VOUCHER_10250,40.0,15.0,,,,,41,15,,,,,40.5,0.0
2,57500,VOLCANIC_ROCK_VOUCHER_10250,40.0,33.0,,,,,41,19,,,,,40.5,0.0
2,57600,VOLCANIC_ROCK_VOUCHER_10250,41.0,20.0,,,,,42,20,,,,,41.5,0.0
2,57700,VOLCANIC_ROCK_VOUCHER_10250,41.0,19.0,,,,,42,19,,,,,41.5,0.0
2,57800,VOLCANIC_ROCK_VOUCHER_10250,40.0,13.0,,,,,41,13,,,,,40.5,0.0
2,57900,VOLCANIC_ROCK_VOUCHER_10250,41.0,17.0,,,,,42,17,,,,,41.5,0.0
2,58000,VOLCANIC_ROCK_VOUCHER_10250,41.0,18.0,,,,,42,18,,,,,41.5,0.0
2,58100,VOLCANIC_ROCK_VOUCHER_10250,41.0,16.0,,,,,42,16,,,,,41.5,0.0
2,58200,VOLCANIC_ROCK_VOUCHER_10250,40.0,3.0,,,,,41,22,,,,,40.5,0.0
2,58300,VOLCANIC_ROCK_VOUCHER_10250,40.0,12.0,,,,,41,12,,,,,40.5,0.0
2,58400,VOLCANIC_ROCK_VOUCHER_10250,40.0,13.0,,,,,41,13,,,,,40.5,0.0
2,58500,VOLCANIC_ROCK_VOUCHER_10250,40.0,16.0,,,,,41,16,,,,,40.5,0.0
2,58600,VOLCANIC_ROCK_VOUCHER_10250,39.0,16.0,,,,,40,16,,,,,39.5,0.0
2,58700,VOLCANIC_ROCK_VOUCHER_10250,,,,,,,40,10,,,,,40.0,0.0
2,58800,VOLCANIC_ROCK_VOUCHER_10250,39.0,17.0,,,,,40,17,,,,,39.5,0.0
2,58900,VOLCANIC_ROCK_VOUCHER_10250,40.0,20.0,,,,,41,20,,,,,40.5,0.0
2,59000,VOLCANIC_ROCK_VOUCHER_10250,41.0,17.0,,,,,42,17,,,,,41.5,0.0
2,59100,VOLCANIC_ROCK_VOUCHER_10250,40.0,19.0,,,,,41,19,,,,,40.5,0.0
2,59200,VOLCANIC_ROCK_VOUCHER_10250,40.0,21.0,,,,,41,21,,,,,40.5,0.0
2,59300,VOLCANIC_ROCK_VOUCHER_10250,40.0,18.0,,,,,41,18,,,,,40.5,0.0
2,59400,VOLCANIC_ROCK_VOUCHER_10250,40.0,11.0,,,,,41,11,,,,,40.5,0.0
2,59500,VOLCANIC_ROCK_VOUCHER_10250,40.0,14.0,,,,,41,14,,,,,40.5,0.0
2,59600,VOLCANIC_ROCK_VOUCHER_10250,41.0,14.0,,,,,42,14,,,,,41.5,0.0
2,59700,VOLCANIC_ROCK_VOUCHER_10250,41.0,14.0,,,,,42,14,,,,,41.5,0.0
2,59800,VOLCANIC_ROCK_VOUCHER_10250,42.0,18.0,,,,,43,18,,,,,42.5,0.0
2,59900,VOLCANIC_ROCK_VOUCHER_10250,42.0,10.0,,,,,43,10,,,,,42.5,0.0
2,60000,VOLCANIC_ROCK_VOUCHER_10250,41.0,30.0,,,,,42,16,,,,,41.5,0.0
2,60100,VOLCANIC_ROCK_VOUCHER_10250,41.0,17.0,,,,,42,17,,,,,41.5,0.0
2,60200,VOLCANIC_ROCK_VOUCHER_10250,41.0,12.0,,,,,42,12,,,,,41.5,0.0
2,60300,VOLCANIC_ROCK_VOUCHER_10250,43.0,19.0,,,,,44,19,,,,,43.5,0.0
2,60400,VOLCANIC_ROCK_VOUCHER_10250,42.0,18.0,,,,,43,18,,,,,42.5,0.0
2,60500,VOLCANIC_ROCK_VOUCHER_10250,43.0,14.0,,,,,44,14,,,,,43.5,0.0
2,60600,VOLCANIC_ROCK_VOUCHER_10250,42.0,19.0,,,,,43,19,,,,,42.5,0.0
2,60700,VOLCANIC_ROCK_VOUCHER_10250,43.0,20.0,,,,,44,20,,,,,43.5,0.0
2,60800,VOLCANIC_ROCK_VOUCHER_10250,43.0,15.0,,,,,44,15,,,,,43.5,0.0
2,60900,VOLCANIC_ROCK_VOUCHER_10250,43.0,13.0,,,,,44,13,,,,,43.5,0.0
2,61000,VOLCANIC_ROCK_VOUCHER_10250,45.0,11.0,,,,,46,11,,,,,45.5,0.0
2,61100,VOLCANIC_ROCK_VOUCHER_10250,45.0,12.0,,,,,46,12,,,,,45.5,0.0
2,61200,VOLCANIC_ROCK_VOUCHER_10250,44.0,13.0,,,,,45,13,,,,,44.5,0.0
2,61300,VOLCANIC_ROCK_VOUCHER_10250,45.0,17.0,,,,,46,17,,,,,45.5,0.0
2,61400,VOLCANIC_ROCK_VOUCHER_10250,46.0,19.0,,,,,47,19,,,,,46.5,0.0
2,61500,VOLCANIC_ROCK_VOUCHER_10250,46.0,18.0,,,,,47,18,,,,,46.5,0.0
2,61600,VOLCANIC_ROCK_VOUCHER_10250,45.0,20.0,,,,,46,20,,,,,45.5,0.0
2,61700,VOLCANIC_ROCK_VOUCHER_10250,46.0,18.0,,,,,47,18,,,,,46.5,0.0
2,61800,VOLCANIC_ROCK_VOUCHER_10250,46.0,18.0,,,,,47,18,,,,,46.5,0.0
2,61900,VOLCANIC_ROCK_VOUCHER_10250,46.0,15.0,,,,,47,15,,,,,46.5,0.0
2,62000,VOLCANIC_ROCK_VOUCHER_10250,47.0,21.0,,,,,48,21,,,,,47.5,0.0
2,62100,VOLCANIC_ROCK_VOUCHER_10250,49.0,19.0,,,,,50,19,,,,,49.5,0.0
2,62200,VOLCANIC_ROCK_VOUCHER_10250,49.0,12.0,,,,,50,12,,,,,49.5,0.0
2,62300,VOLCANIC_ROCK_VOUCHER_10250,49.0,15.0,,,,,50,15,,,,,49.5,0.0
2,62400,VOLCANIC_ROCK_VOUCHER_10250,49.0,20.0,,,,,50,20,,,,,49.5,0.0
2,62500,VOLCANIC_ROCK_VOUCHER_10250,49.0,14.0,,,,,50,14,,,,,49.5,0.0
2,62600,VOLCANIC_ROCK_VOUCHER_10250,49.0,14.0,,,,,50,14,,,,,49.5,0.0
2,62700,VOLCANIC_ROCK_VOUCHER_10250,49.0,16.0,,,,,50,16,,,,,49.5,0.0
2,62800,VOLCANIC_ROCK_VOUCHER_10250,47.0,12.0,,,,,48,12,,,,,47.5,0.0
2,62900,VOLCANIC_ROCK_VOUCHER_10250,47.0,15.0,,,,,48,15,,,,,47.5,0.0
2,63000,VOLCANIC_ROCK_VOUCHER_10250,48.0,18.0,,,,,49,18,,,,,48.5,0.0
2,63100,VOLCANIC_ROCK_VOUCHER_10250,48.0,20.0,,,,,49,20,,,,,48.5,0.0
2,63200,VOLCANIC_ROCK_VOUCHER_10250,48.0,12.0,,,,,49,12,,,,,48.5,0.0
2,63300,VOLCANIC_ROCK_VOUCHER_10250,48.0,37.0,,,,,49,17,,,,,48.5,0.0
2,63400,VOLCANIC_ROCK_VOUCHER_10250,47.0,15.0,,,,,48,15,,,,,47.5,0.0
2,63500,VOLCANIC_ROCK_VOUCHER_10250,48.0,20.0,,,,,49,20,,,,,48.5,0.0
2,63600,VOLCANIC_ROCK_VOUCHER_10250,48.0,13.0,,,,,49,13,,,,,48.5,0.0
2,63700,VOLCANIC_ROCK_VOUCHER_10250,49.0,19.0,,,,,50,19,,,,,49.5,0.0
2,63800,VOLCANIC_ROCK_VOUCHER_10250,50.0,31.0,,,,,51,11,,,,,50.5,0.0
2,63900,VOLCANIC_ROCK_VOUCHER_10250,49.0,21.0,,,,,50,21,,,,,49.5,0.0
2,64000,VOLCANIC_ROCK_VOUCHER_10250,49.0,15.0,,,,,50,15,,,,,49.5,0.0
2,64100,VOLCANIC_ROCK_VOUCHER_10250,48.0,19.0,,,,,49,19,,,,,48.5,0.0
2,64200,VOLCANIC_ROCK_VOUCHER_10250,49.0,20.0,,,,,50,20,,,,,49.5,0.0
2,64300,VOLCANIC_ROCK_VOUCHER_10250,49.0,13.0,,,,,50,13,,,,,49.5,0.0
2,64400,VOLCANIC_ROCK_VOUCHER_10250,49.0,13.0,,,,,50,13,,,,,49.5,0.0
2,64500,VOLCANIC_ROCK_VOUCHER_10250,50.0,13.0,,,,,51,13,,,,,50.5,0.0
2,64600,VOLCANIC_ROCK_VOUCHER_10250,51.0,13.0,,,,,52,13,,,,,51.5,0.0
2,64700,VOLCANIC_ROCK_VOUCHER_10250,51.0,12.0,,,,,52,12,,,,,51.5,0.0
2,64800,VOLCANIC_ROCK_VOUCHER_10250,52.0,10.0,,,,,53,10,,,,,52.5,0.0
2,64900,VOLCANIC_ROCK_VOUCHER_10250,52.0,17.0,,,,,53,17,,,,,52.5,0.0
2,65000,VOLCANIC_ROCK_VOUCHER_10250,51.0,21.0,,,,,52,21,,,,,51.5,0.0
2,65100,VOLCANIC_ROCK_VOUCHER_10250,51.0,13.0,,,,,52,13,,,,,51.5,0.0
2,65200,VOLCANIC_ROCK_VOUCHER_10250,50.0,4.0,,,,,51,21,,,,,50.5,0.0
2,65300,VOLCANIC_ROCK_VOUCHER_10250,51.0,13.0,,,,,52,13,,,,,51.5,0.0
2,65400,VOLCANIC_ROCK_VOUCHER_10250,51.0,15.0,,,,,52,15,,,,,51.5,0.0
2,65500,VOLCANIC_ROCK_VOUCHER_10250,51.0,18.0,,,,,52,18,,,,,51.5,0.0
2,65600,VOLCANIC_ROCK_VOUCHER_10250,51.0,16.0,,,,,52,16,,,,,51.5,0.0
2,65700,VOLCANIC_ROCK_VOUCHER_10250,51.0,17.0,,,,,52,17,,,,,51.5,0.0
2,65800,VOLCANIC_ROCK_VOUCHER_10250,51.0,18.0,,,,,52,18,,,,,51.5,0.0
2,65900,VOLCANIC_ROCK_VOUCHER_10250,51.0,15.0,,,,,52,15,,,,,51.5,0.0
2,66000,VOLCANIC_ROCK_VOUCHER_10250,50.0,22.0,,,,,51,22,,,,,50.5,0.0
2,66100,VOLCANIC_ROCK_VOUCHER_10250,49.0,20.0,,,,,50,20,,,,,49.5,0.0
2,66200,VOLCANIC_ROCK_VOUCHER_10250,49.0,21.0,,,,,50,21,,,,,49.5,0.0
2,66300,VOLCANIC_ROCK_VOUCHER_10250,50.0,3.0,,,,,51,16,,,,,50.5,0.0
2,66400,VOLCANIC_ROCK_VOUCHER_10250,48.0,12.0,,,,,49,12,,,,,48.5,0.0
2,66500,VOLCANIC_ROCK_VOUCHER_10250,48.0,12.0,,,,,49,12,,,,,48.5,0.0
2,66600,VOLCANIC_ROCK_VOUCHER_10250,48.0,22.0,,,,,49,22,,,,,48.5,0.0
2,66700,VOLCANIC_ROCK_VOUCHER_10250,47.0,12.0,,,,,48,12,,,,,47.5,0.0
2,66800,VOLCANIC_ROCK_VOUCHER_10250,47.0,18.0,,,,,48,18,,,,,47.5,0.0
2,66900,VOLCANIC_ROCK_VOUCHER_10250,48.0,14.0,,,,,49,14,,,,,48.5,0.0
2,67000,VOLCANIC_ROCK_VOUCHER_10250,48.0,17.0,,,,,49,17,,,,,48.5,0.0
2,67100,VOLCANIC_ROCK_VOUCHER_10250,48.0,15.0,,,,,49,15,,,,,48.5,0.0
2,67200,VOLCANIC_ROCK_VOUCHER_10250,47.0,1.0,,,,,48,13,,,,,47.5,0.0
2,67300,VOLCANIC_ROCK_VOUCHER_10250,47.0,19.0,,,,,48,19,,,,,47.5,0.0
2,67400,VOLCANIC_ROCK_VOUCHER_10250,47.0,18.0,,,,,48,18,,,,,47.5,0.0
2,67500,VOLCANIC_ROCK_VOUCHER_10250,47.0,19.0,,,,,48,19,,,,,47.5,0.0
2,67600,VOLCANIC_ROCK_VOUCHER_10250,47.0,18.0,,,,,48,18,,,,,47.5,0.0
2,67700,VOLCANIC_ROCK_VOUCHER_10250,48.0,17.0,,,,,49,17,,,,,48.5,0.0
2,67800,VOLCANIC_ROCK_VOUCHER_10250,48.0,16.0,,,,,49,16,,,,,48.5,0.0
2,67900,VOLCANIC_ROCK_VOUCHER_10250,48.0,20.0,,,,,49,20,,,,,48.5,0.0
2,68000,VOLCANIC_ROCK_VOUCHER_10250,47.0,15.0,,,,,48,15,,,,,47.5,0.0
2,68100,VOLCANIC_ROCK_VOUCHER_10250,47.0,13.0,,,,,48,13,,,,,47.5,0.0
2,68200,VOLCANIC_ROCK_VOUCHER_10250,47.0,11.0,,,,,48,11,,,,,47.5,0.0
2,68300,VOLCANIC_ROCK_VOUCHER_10250,48.0,34.0,,,,,49,16,,,,,48.5,0.0
2,68400,VOLCANIC_ROCK_VOUCHER_10250,48.0,20.0,,,,,49,20,,,,,48.5,0.0
2,68500,VOLCANIC_ROCK_VOUCHER_10250,51.0,15.0,,,,,52,15,,,,,51.5,0.0
2,68600,VOLCANIC_ROCK_VOUCHER_10250,50.0,11.0,,,,,51,11,,,,,50.5,0.0
2,68700,VOLCANIC_ROCK_VOUCHER_10250,53.0,11.0,,,,,54,11,,,,,53.5,0.0
2,68800,VOLCANIC_ROCK_VOUCHER_10250,51.0,21.0,,,,,52,21,,,,,51.5,0.0
2,68900,VOLCANIC_ROCK_VOUCHER_10250,52.0,14.0,,,,,53,14,,,,,52.5,0.0
2,69000,VOLCANIC_ROCK_VOUCHER_10250,52.0,19.0,,,,,53,19,,,,,52.5,0.0
2,69100,VOLCANIC_ROCK_VOUCHER_10250,51.0,21.0,,,,,52,14,,,,,51.5,0.0
2,69200,VOLCANIC_ROCK_VOUCHER_10250,52.0,14.0,,,,,53,14,,,,,52.5,0.0
2,69300,VOLCANIC_ROCK_VOUCHER_10250,52.0,3.0,,,,,53,18,,,,,52.5,0.0
2,69400,VOLCANIC_ROCK_VOUCHER_10250,50.0,22.0,,,,,51,22,,,,,50.5,0.0
2,69500,VOLCANIC_ROCK_VOUCHER_10250,50.0,21.0,,,,,51,21,,,,,50.5,0.0
2,69600,VOLCANIC_ROCK_VOUCHER_10250,,,,,,,51,20,,,,,51.0,0.0
2,69700,VOLCANIC_ROCK_VOUCHER_10250,50.0,16.0,,,,,51,16,,,,,50.5,0.0
2,69800,VOLCANIC_ROCK_VOUCHER_10250,50.0,12.0,,,,,51,12,,,,,50.5,0.0
2,69900,VOLCANIC_ROCK_VOUCHER_10250,50.0,11.0,,,,,51,11,,,,,50.5,0.0
2,70000,VOLCANIC_ROCK_VOUCHER_10250,50.0,18.0,,,,,51,18,,,,,50.5,0.0
2,70100,VOLCANIC_ROCK_VOUCHER_10250,50.0,19.0,,,,,51,19,,,,,50.5,0.0
2,70200,VOLCANIC_ROCK_VOUCHER_10250,49.0,23.0,,,,,50,16,,,,,49.5,0.0
2,70300,VOLCANIC_ROCK_VOUCHER_10250,49.0,16.0,,,,,50,16,,,,,49.5,0.0
2,70400,VOLCANIC_ROCK_VOUCHER_10250,50.0,14.0,,,,,51,14,,,,,50.5,0.0
2,70500,VOLCANIC_ROCK_VOUCHER_10250,50.0,19.0,,,,,51,19,,,,,50.5,0.0
2,70600,VOLCANIC_ROCK_VOUCHER_10250,50.0,20.0,,,,,51,20,,,,,50.5,0.0
2,70700,VOLCANIC_ROCK_VOUCHER_10250,49.0,18.0,,,,,50,18,,,,,49.5,0.0
2,70800,VOLCANIC_ROCK_VOUCHER_10250,50.0,14.0,,,,,51,14,,,,,50.5,0.0
2,70900,VOLCANIC_ROCK_VOUCHER_10250,50.0,17.0,,,,,51,17,,,,,50.5,0.0
2,71000,VOLCANIC_ROCK_VOUCHER_10250,50.0,21.0,,,,,51,21,,,,,50.5,0.0
2,71100,VOLCANIC_ROCK_VOUCHER_10250,50.0,20.0,,,,,51,20,,,,,50.5,0.0
2,71200,VOLCANIC_ROCK_VOUCHER_10250,50.0,15.0,,,,,51,15,,,,,50.5,0.0
2,71300,VOLCANIC_ROCK_VOUCHER_10250,51.0,18.0,,,,,52,18,,,,,51.5,0.0
2,71400,VOLCANIC_ROCK_VOUCHER_10250,51.0,35.0,,,,,52,18,,,,,51.5,0.0
2,71500,VOLCANIC_ROCK_VOUCHER_10250,51.0,18.0,,,,,52,18,,,,,51.5,0.0
2,71600,VOLCANIC_ROCK_VOUCHER_10250,51.0,34.0,,,,,52,20,,,,,51.5,0.0
2,71700,VOLCANIC_ROCK_VOUCHER_10250,,,,,,,51,6,52.0,12.0,,,51.0,0.0
2,71800,VOLCANIC_ROCK_VOUCHER_10250,51.0,20.0,,,,,52,20,,,,,51.5,0.0
2,71900,VOLCANIC_ROCK_VOUCHER_10250,50.0,35.0,,,,,51,17,,,,,50.5,0.0
2,72000,VOLCANIC_ROCK_VOUCHER_10250,50.0,16.0,,,,,51,16,,,,,50.5,0.0
2,72100,VOLCANIC_ROCK_VOUCHER_10250,50.0,32.0,,,,,51,18,,,,,50.5,0.0
2,72200,VOLCANIC_ROCK_VOUCHER_10250,50.0,14.0,,,,,51,14,,,,,50.5,0.0
2,72300,VOLCANIC_ROCK_VOUCHER_10250,51.0,18.0,,,,,52,18,,,,,51.5,0.0
2,72400,VOLCANIC_ROCK_VOUCHER_10250,49.0,18.0,,,,,50,18,,,,,49.5,0.0
2,72500,VOLCANIC_ROCK_VOUCHER_10250,48.0,20.0,,,,,49,20,,,,,48.5,0.0
2,72600,VOLCANIC_ROCK_VOUCHER_10250,47.0,18.0,,,,,48,18,,,,,47.5,0.0
2,72700,VOLCANIC_ROCK_VOUCHER_10250,47.0,15.0,,,,,48,15,,,,,47.5,0.0
2,72800,VOLCANIC_ROCK_VOUCHER_10250,48.0,13.0,,,,,49,13,,,,,48.5,0.0
2,72900,VOLCANIC_ROCK_VOUCHER_10250,49.0,21.0,,,,,50,21,,,,,49.5,0.0
2,73000,VOLCANIC_ROCK_VOUCHER_10250,49.0,6.0,,,,,50,18,,,,,49.5,0.0
2,73100,VOLCANIC_ROCK_VOUCHER_10250,49.0,20.0,,,,,50,20,,,,,49.5,0.0
2,73200,VOLCANIC_ROCK_VOUCHER_10250,49.0,22.0,,,,,50,22,,,,,49.5,0.0
2,73300,VOLCANIC_ROCK_VOUCHER_10250,48.0,11.0,,,,,49,11,,,,,48.5,0.0
2,73400,VOLCANIC_ROCK_VOUCHER_10250,47.0,21.0,,,,,48,21,,,,,47.5,0.0
2,73500,VOLCANIC_ROCK_VOUCHER_10250,48.0,11.0,,,,,49,11,,,,,48.5,0.0
2,73600,VOLCANIC_ROCK_VOUCHER_10250,48.0,17.0,,,,,49,17,,,,,48.5,0.0
2,73700,VOLCANIC_ROCK_VOUCHER_10250,48.0,17.0,,,,,49,17,,,,,48.5,0.0
2,73800,VOLCANIC_ROCK_VOUCHER_10250,48.0,21.0,,,,,49,21,,,,,48.5,0.0
2,73900,VOLCANIC_ROCK_VOUCHER_10250,48.0,20.0,,,,,49,20,,,,,48.5,0.0
2,74000,VOLCANIC_ROCK_VOUCHER_10250,48.0,15.0,,,,,49,15,,,,,48.5,0.0
2,74100,VOLCANIC_ROCK_VOUCHER_10250,50.0,17.0,,,,,51,17,,,,,50.5,0.0
2,74200,VOLCANIC_ROCK_VOUCHER_10250,50.0,19.0,,,,,51,19,,,,,50.5,0.0
2,74300,VOLCANIC_ROCK_VOUCHER_10250,49.0,21.0,,,,,50,21,,,,,49.5,0.0
2,74400,VOLCANIC_ROCK_VOUCHER_10250,50.0,20.0,,,,,51,20,,,,,50.5,0.0
2,74500,VOLCANIC_ROCK_VOUCHER_10250,50.0,17.0,,,,,51,17,,,,,50.5,0.0
2,74600,VOLCANIC_ROCK_VOUCHER_10250,50.0,14.0,,,,,51,14,,,,,50.5,0.0
2,74700,VOLCANIC_ROCK_VOUCHER_10250,50.0,15.0,,,,,51,15,,,,,50.5,0.0
2,74800,VOLCANIC_ROCK_VOUCHER_10250,50.0,13.0,,,,,51,13,,,,,50.5,0.0
2,74900,VOLCANIC_ROCK_VOUCHER_10250,49.0,3.0,,,,,50,17,,,,,49.5,0.0
2,75000,VOLCANIC_ROCK_VOUCHER_10250,50.0,17.0,,,,,51,17,,,,,50.5,0.0
2,75100,VOLCANIC_ROCK_VOUCHER_10250,50.0,11.0,,,,,51,11,,,,,50.5,0.0
2,75200,VOLCANIC_ROCK_VOUCHER_10250,50.0,15.0,,,,,51,15,,,,,50.5,0.0
2,75300,VOLCANIC_ROCK_VOUCHER_10250,49.0,19.0,,,,,50,19,,,,,49.5,0.0
2,75400,VOLCANIC_ROCK_VOUCHER_10250,48.0,20.0,,,,,49,20,,,,,48.5,0.0
2,75500,VOLCANIC_ROCK_VOUCHER_10250,50.0,17.0,,,,,51,17,,,,,50.5,0.0
2,75600,VOLCANIC_ROCK_VOUCHER_10250,49.0,22.0,,,,,50,22,,,,,49.5,0.0
2,75700,VOLCANIC_ROCK_VOUCHER_10250,49.0,14.0,,,,,50,14,,,,,49.5,0.0
2,75800,VOLCANIC_ROCK_VOUCHER_10250,49.0,17.0,,,,,50,17,,,,,49.5,0.0
2,75900,VOLCANIC_ROCK_VOUCHER_10250,49.0,20.0,,,,,50,20,,,,,49.5,0.0
2,76000,VOLCANIC_ROCK_VOUCHER_10250,48.0,1.0,,,,,49,18,,,,,48.5,0.0
2,76100,VOLCANIC_ROCK_VOUCHER_10250,48.0,12.0,,,,,49,12,,,,,48.5,0.0
2,76200,VOLCANIC_ROCK_VOUCHER_10250,48.0,16.0,,,,,49,16,,,,,48.5,0.0
2,76300,VOLCANIC_ROCK_VOUCHER_10250,49.0,11.0,,,,,50,11,,,,,49.5,0.0
2,76400,VOLCANIC_ROCK_VOUCHER_10250,49.0,15.0,,,,,50,15,,,,,49.5,0.0
2,76500,VOLCANIC_ROCK_VOUCHER_10250,49.0,18.0,,,,,50,18,,,,,49.5,0.0
2,76600,VOLCANIC_ROCK_VOUCHER_10250,48.0,16.0,,,,,49,16,,,,,48.5,0.0
2,76700,VOLCANIC_ROCK_VOUCHER_10250,49.0,18.0,,,,,50,18,,,,,49.5,0.0
2,76800,VOLCANIC_ROCK_VOUCHER_10250,49.0,15.0,,,,,50,15,,,,,49.5,0.0
2,76900,VOLCANIC_ROCK_VOUCHER_10250,49.0,13.0,,,,,50,13,,,,,49.5,0.0
2,77000,VOLCANIC_ROCK_VOUCHER_10250,48.0,13.0,,,,,49,13,,,,,48.5,0.0
2,77100,VOLCANIC_ROCK_VOUCHER_10250,48.0,10.0,,,,,49,10,,,,,48.5,0.0
2,77200,VOLCANIC_ROCK_VOUCHER_10250,48.0,18.0,,,,,49,18,,,,,48.5,0.0
2,77300,VOLCANIC_ROCK_VOUCHER_10250,49.0,20.0,,,,,50,20,,,,,49.5,0.0
2,77400,VOLCANIC_ROCK_VOUCHER_10250,49.0,21.0,,,,,50,21,,,,,49.5,0.0
2,77500,VOLCANIC_ROCK_VOUCHER_10250,49.0,20.0,,,,,50,20,,,,,49.5,0.0
2,77600,VOLCANIC_ROCK_VOUCHER_10250,49.0,21.0,,,,,50,21,,,,,49.5,0.0
2,77700,VOLCANIC_ROCK_VOUCHER_10250,49.0,12.0,,,,,50,12,,,,,49.5,0.0
2,77800,VOLCANIC_ROCK_VOUCHER_10250,49.0,16.0,,,,,50,16,,,,,49.5,0.0
2,77900,VOLCANIC_ROCK_VOUCHER_10250,49.0,13.0,,,,,50,13,,,,,49.5,0.0
2,78000,VOLCANIC_ROCK_VOUCHER_10250,49.0,22.0,,,,,50,22,,,,,49.5,0.0
2,78100,VOLCANIC_ROCK_VOUCHER_10250,48.0,11.0,,,,,49,11,,,,,48.5,0.0
2,78200,VOLCANIC_ROCK_VOUCHER_10250,48.0,12.0,,,,,49,12,,,,,48.5,0.0
2,78300,VOLCANIC_ROCK_VOUCHER_10250,49.0,19.0,,,,,50,19,,,,,49.5,0.0
2,78400,VOLCANIC_ROCK_VOUCHER_10250,47.0,17.0,,,,,48,17,,,,,47.5,0.0
2,78500,VOLCANIC_ROCK_VOUCHER_10250,47.0,6.0,,,,,48,20,,,,,47.5,0.0
2,78600,VOLCANIC_ROCK_VOUCHER_10250,47.0,11.0,,,,,48,11,,,,,47.5,0.0
2,78700,VOLCANIC_ROCK_VOUCHER_10250,47.0,17.0,,,,,48,17,,,,,47.5,0.0
2,78800,VOLCANIC_ROCK_VOUCHER_10250,47.0,20.0,,,,,48,20,,,,,47.5,0.0
2,78900,VOLCANIC_ROCK_VOUCHER_10250,48.0,22.0,,,,,49,22,,,,,48.5,0.0
2,79000,VOLCANIC_ROCK_VOUCHER_10250,48.0,16.0,,,,,49,16,,,,,48.5,0.0
2,79100,VOLCANIC_ROCK_VOUCHER_10250,48.0,38.0,,,,,49,20,,,,,48.5,0.0
2,79200,VOLCANIC_ROCK_VOUCHER_10250,48.0,35.0,,,,,49,18,,,,,48.5,0.0
2,79300,VOLCANIC_ROCK_VOUCHER_10250,47.0,17.0,,,,,48,17,,,,,47.5,0.0
2,79400,VOLCANIC_ROCK_VOUCHER_10250,47.0,16.0,,,,,48,16,,,,,47.5,0.0
2,79500,VOLCANIC_ROCK_VOUCHER_10250,47.0,14.0,,,,,48,14,,,,,47.5,0.0
2,79600,VOLCANIC_ROCK_VOUCHER_10250,47.0,16.0,,,,,48,16,,,,,47.5,0.0
2,79700,VOLCANIC_ROCK_VOUCHER_10250,47.0,34.0,,,,,48,17,,,,,47.5,0.0
2,79800,VOLCANIC_ROCK_VOUCHER_10250,47.0,16.0,,,,,48,16,,,,,47.5,0.0
2,79900,VOLCANIC_ROCK_VOUCHER_10250,46.0,18.0,,,,,47,18,,,,,46.5,0.0
2,80000,VOLCANIC_ROCK_VOUCHER_10250,47.0,4.0,,,,,48,19,,,,,47.5,0.0
2,80100,VOLCANIC_ROCK_VOUCHER_10250,48.0,16.0,,,,,49,16,,,,,48.5,0.0
2,80200,VOLCANIC_ROCK_VOUCHER_10250,48.0,1.0,,,,,49,13,,,,,48.5,0.0
2,80300,VOLCANIC_ROCK_VOUCHER_10250,48.0,14.0,,,,,49,14,,,,,48.5,0.0
2,80400,VOLCANIC_ROCK_VOUCHER_10250,48.0,20.0,,,,,49,20,,,,,48.5,0.0
2,80500,VOLCANIC_ROCK_VOUCHER_10250,49.0,11.0,,,,,50,11,,,,,49.5,0.0
2,80600,VOLCANIC_ROCK_VOUCHER_10250,49.0,10.0,,,,,50,10,,,,,49.5,0.0
2,80700,VOLCANIC_ROCK_VOUCHER_10250,49.0,20.0,,,,,50,20,,,,,49.5,0.0
2,80800,VOLCANIC_ROCK_VOUCHER_10250,49.0,31.0,,,,,50,16,,,,,49.5,0.0
2,80900,VOLCANIC_ROCK_VOUCHER_10250,49.0,20.0,,,,,50,20,,,,,49.5,0.0
2,81000,VOLCANIC_ROCK_VOUCHER_10250,49.0,17.0,,,,,50,17,,,,,49.5,0.0
2,81100,VOLCANIC_ROCK_VOUCHER_10250,49.0,19.0,,,,,50,19,,,,,49.5,0.0
2,81200,VOLCANIC_ROCK_VOUCHER_10250,49.0,20.0,,,,,50,20,,,,,49.5,0.0
2,81300,VOLCANIC_ROCK_VOUCHER_10250,49.0,18.0,,,,,50,18,,,,,49.5,0.0
2,81400,VOLCANIC_ROCK_VOUCHER_10250,47.0,15.0,,,,,48,2,49.0,13.0,,,47.5,0.0
2,81500,VOLCANIC_ROCK_VOUCHER_10250,47.0,15.0,,,,,48,15,,,,,47.5,0.0
2,81600,VOLCANIC_ROCK_VOUCHER_10250,47.0,19.0,,,,,48,19,,,,,47.5,0.0
2,81700,VOLCANIC_ROCK_VOUCHER_10250,48.0,12.0,,,,,49,12,,,,,48.5,0.0
2,81800,VOLCANIC_ROCK_VOUCHER_10250,48.0,13.0,,,,,49,13,,,,,48.5,0.0
2,81900,VOLCANIC_ROCK_VOUCHER_10250,48.0,13.0,,,,,49,13,,,,,48.5,0.0
2,82000,VOLCANIC_ROCK_VOUCHER_10250,49.0,15.0,,,,,50,15,,,,,49.5,0.0
2,82100,VOLCANIC_ROCK_VOUCHER_10250,50.0,17.0,,,,,51,17,,,,,50.5,0.0
2,82200,VOLCANIC_ROCK_VOUCHER_10250,49.0,13.0,,,,,50,13,,,,,49.5,0.0
2,82300,VOLCANIC_ROCK_VOUCHER_10250,49.0,10.0,,,,,50,10,,,,,49.5,0.0
2,82400,VOLCANIC_ROCK_VOUCHER_10250,49.0,14.0,,,,,50,14,,,,,49.5,0.0
2,82500,VOLCANIC_ROCK_VOUCHER_10250,49.0,21.0,,,,,50,21,,,,,49.5,0.0
2,82600,VOLCANIC_ROCK_VOUCHER_10250,49.0,15.0,,,,,50,15,,,,,49.5,0.0
2,82700,VOLCANIC_ROCK_VOUCHER_10250,50.0,18.0,,,,,51,18,,,,,50.5,0.0
2,82800,VOLCANIC_ROCK_VOUCHER_10250,50.0,12.0,,,,,51,12,,,,,50.5,0.0
2,82900,VOLCANIC_ROCK_VOUCHER_10250,50.0,12.0,,,,,51,12,,,,,50.5,0.0
2,83000,VOLCANIC_ROCK_VOUCHER_10250,50.0,14.0,,,,,51,14,,,,,50.5,0.0
2,83100,VOLCANIC_ROCK_VOUCHER_10250,50.0,29.0,,,,,51,16,,,,,50.5,0.0
2,83200,VOLCANIC_ROCK_VOUCHER_10250,50.0,16.0,,,,,51,16,,,,,50.5,0.0
2,83300,VOLCANIC_ROCK_VOUCHER_10250,49.0,16.0,,,,,50,16,,,,,49.5,0.0
2,83400,VOLCANIC_ROCK_VOUCHER_10250,49.0,18.0,,,,,50,18,,,,,49.5,0.0
2,83500,VOLCANIC_ROCK_VOUCHER_10250,49.0,12.0,,,,,50,12,,,,,49.5,0.0
2,83600,VOLCANIC_ROCK_VOUCHER_10250,49.0,14.0,,,,,50,14,,,,,49.5,0.0
2,83700,VOLCANIC_ROCK_VOUCHER_10250,50.0,22.0,,,,,51,22,,,,,50.5,0.0
2,83800,VOLCANIC_ROCK_VOUCHER_10250,50.0,8.0,,,,,51,19,,,,,50.5,0.0
2,83900,VOLCANIC_ROCK_VOUCHER_10250,50.0,14.0,,,,,51,14,,,,,50.5,0.0
2,84000,VOLCANIC_ROCK_VOUCHER_10250,49.0,14.0,,,,,50,14,,,,,49.5,0.0
2,84100,VOLCANIC_ROCK_VOUCHER_10250,49.0,20.0,,,,,50,20,,,,,49.5,0.0
2,84200,VOLCANIC_ROCK_VOUCHER_10250,48.0,16.0,,,,,49,16,,,,,48.5,0.0
2,84300,VOLCANIC_ROCK_VOUCHER_10250,47.0,19.0,,,,,48,19,,,,,47.5,0.0
2,84400,VOLCANIC_ROCK_VOUCHER_10250,47.0,10.0,,,,,48,10,,,,,47.5,0.0
2,84500,VOLCANIC_ROCK_VOUCHER_10250,48.0,16.0,,,,,49,16,,,,,48.5,0.0
2,84600,VOLCANIC_ROCK_VOUCHER_10250,47.0,22.0,,,,,48,22,,,,,47.5,0.0
2,84700,VOLCANIC_ROCK_VOUCHER_10250,48.0,13.0,,,,,49,13,,,,,48.5,0.0
2,84800,VOLCANIC_ROCK_VOUCHER_10250,48.0,13.0,,,,,49,13,,,,,48.5,0.0
2,84900,VOLCANIC_ROCK_VOUCHER_10250,47.0,15.0,,,,,48,15,,,,,47.5,0.0
2,85000,VOLCANIC_ROCK_VOUCHER_10250,47.0,14.0,,,,,48,14,,,,,47.5,0.0
2,85100,VOLCANIC_ROCK_VOUCHER_10250,47.0,7.0,,,,,48,12,,,,,47.5,0.0
2,85200,VOLCANIC_ROCK_VOUCHER_10250,48.0,12.0,,,,,49,12,,,,,48.5,0.0
2,85300,VOLCANIC_ROCK_VOUCHER_10250,48.0,13.0,,,,,49,13,,,,,48.5,0.0
2,85400,VOLCANIC_ROCK_VOUCHER_10250,48.0,1.0,,,,,49,10,,,,,48.5,0.0
2,85500,VOLCANIC_ROCK_VOUCHER_10250,48.0,17.0,,,,,49,17,,,,,48.5,0.0
2,85600,VOLCANIC_ROCK_VOUCHER_10250,48.0,14.0,,,,,49,14,,,,,48.5,0.0
2,85700,VOLCANIC_ROCK_VOUCHER_10250,48.0,19.0,,,,,49,19,,,,,48.5,0.0
2,85800,VOLCANIC_ROCK_VOUCHER_10250,47.0,10.0,,,,,48,10,,,,,47.5,0.0
2,85900,VOLCANIC_ROCK_VOUCHER_10250,46.0,22.0,,,,,47,22,,,,,46.5,0.0
2,86000,VOLCANIC_ROCK_VOUCHER_10250,46.0,12.0,,,,,47,12,,,,,46.5,0.0
2,86100,VOLCANIC_ROCK_VOUCHER_10250,44.0,17.0,,,,,45,17,,,,,44.5,0.0
2,86200,VOLCANIC_ROCK_VOUCHER_10250,45.0,15.0,,,,,46,15,,,,,45.5,0.0
2,86300,VOLCANIC_ROCK_VOUCHER_10250,45.0,13.0,,,,,46,13,,,,,45.5,0.0
2,86400,VOLCANIC_ROCK_VOUCHER_10250,45.0,27.0,,,,,46,12,,,,,45.5,0.0
2,86500,VOLCANIC_ROCK_VOUCHER_10250,45.0,12.0,,,,,46,12,,,,,45.5,0.0
2,86600,VOLCANIC_ROCK_VOUCHER_10250,45.0,19.0,,,,,46,19,,,,,45.5,0.0
2,86700,VOLCANIC_ROCK_VOUCHER_10250,45.0,13.0,,,,,46,13,,,,,45.5,0.0
2,86800,VOLCANIC_ROCK_VOUCHER_10250,45.0,22.0,,,,,46,22,,,,,45.5,0.0
2,86900,VOLCANIC_ROCK_VOUCHER_10250,44.0,16.0,,,,,45,16,,,,,44.5,0.0
2,87000,VOLCANIC_ROCK_VOUCHER_10250,44.0,12.0,,,,,45,12,,,,,44.5,0.0
2,87100,VOLCANIC_ROCK_VOUCHER_10250,45.0,33.0,,,,,46,16,,,,,45.5,0.0
2,87200,VOLCANIC_ROCK_VOUCHER_10250,45.0,15.0,,,,,46,15,,,,,45.5,0.0
2,87300,VOLCANIC_ROCK_VOUCHER_10250,44.0,13.0,,,,,45,13,,,,,44.5,0.0
2,87400,VOLCANIC_ROCK_VOUCHER_10250,44.0,16.0,,,,,45,16,,,,,44.5,0.0
2,87500,VOLCANIC_ROCK_VOUCHER_10250,45.0,16.0,,,,,46,16,,,,,45.5,0.0
2,87600,VOLCANIC_ROCK_VOUCHER_10250,45.0,20.0,,,,,46,20,,,,,45.5,0.0
2,87700,VOLCANIC_ROCK_VOUCHER_10250,44.0,12.0,,,,,45,12,,,,,44.5,0.0
2,87800,VOLCANIC_ROCK_VOUCHER_10250,45.0,20.0,,,,,46,20,,,,,45.5,0.0
2,87900,VOLCANIC_ROCK_VOUCHER_10250,45.0,16.0,,,,,46,16,,,,,45.5,0.0
2,88000,VOLCANIC_ROCK_VOUCHER_10250,45.0,19.0,,,,,46,19,,,,,45.5,0.0
2,88100,VOLCANIC_ROCK_VOUCHER_10250,45.0,24.0,,,,,46,11,,,,,45.5,0.0
2,88200,VOLCANIC_ROCK_VOUCHER_10250,46.0,18.0,,,,,47,18,,,,,46.5,0.0
2,88300,VOLCANIC_ROCK_VOUCHER_10250,46.0,21.0,,,,,47,21,,,,,46.5,0.0
2,88400,VOLCANIC_ROCK_VOUCHER_10250,47.0,13.0,,,,,48,13,,,,,47.5,0.0
2,88500,VOLCANIC_ROCK_VOUCHER_10250,46.0,14.0,,,,,47,14,,,,,46.5,0.0
2,88600,VOLCANIC_ROCK_VOUCHER_10250,47.0,14.0,,,,,48,14,,,,,47.5,0.0
2,88700,VOLCANIC_ROCK_VOUCHER_10250,46.0,6.0,,,,,47,18,,,,,46.5,0.0
2,88800,VOLCANIC_ROCK_VOUCHER_10250,46.0,12.0,,,,,47,12,,,,,46.5,0.0
2,88900,VOLCANIC_ROCK_VOUCHER_10250,46.0,14.0,,,,,47,14,,,,,46.5,0.0
2,89000,VOLCANIC_ROCK_VOUCHER_10250,46.0,15.0,,,,,47,15,,,,,46.5,0.0
2,89100,VOLCANIC_ROCK_VOUCHER_10250,46.0,15.0,,,,,47,15,,,,,46.5,0.0
2,89200,VOLCANIC_ROCK_VOUCHER_10250,46.0,17.0,,,,,47,17,,,,,46.5,0.0
2,89300,VOLCANIC_ROCK_VOUCHER_10250,46.0,16.0,,,,,47,16,,,,,46.5,0.0
2,89400,VOLCANIC_ROCK_VOUCHER_10250,47.0,12.0,,,,,48,12,,,,,47.5,0.0
2,89500,VOLCANIC_ROCK_VOUCHER_10250,47.0,15.0,,,,,48,15,,,,,47.5,0.0
2,89600,VOLCANIC_ROCK_VOUCHER_10250,47.0,13.0,,,,,48,13,,,,,47.5,0.0
2,89700,VOLCANIC_ROCK_VOUCHER_10250,48.0,15.0,,,,,49,15,,,,,48.5,0.0
2,89800,VOLCANIC_ROCK_VOUCHER_10250,48.0,16.0,,,,,49,16,,,,,48.5,0.0
2,89900,VOLCANIC_ROCK_VOUCHER_10250,47.0,27.0,,,,,48,14,,,,,47.5,0.0
2,90000,VOLCANIC_ROCK_VOUCHER_10250,47.0,18.0,,,,,48,18,,,,,47.5,0.0
2,90100,VOLCANIC_ROCK_VOUCHER_10250,47.0,10.0,,,,,48,10,,,,,47.5,0.0
2,90200,VOLCANIC_ROCK_VOUCHER_10250,47.0,15.0,,,,,48,15,,,,,47.5,0.0
2,90300,VOLCANIC_ROCK_VOUCHER_10250,47.0,12.0,,,,,48,12,,,,,47.5,0.0
2,90400,VOLCANIC_ROCK_VOUCHER_10250,46.0,1.0,,,,,47,11,,,,,46.5,0.0
2,90500,VOLCANIC_ROCK_VOUCHER_10250,46.0,17.0,,,,,47,17,,,,,46.5,0.0
2,90600,VOLCANIC_ROCK_VOUCHER_10250,46.0,33.0,,,,,47,16,,,,,46.5,0.0
2,90700,VOLCANIC_ROCK_VOUCHER_10250,45.0,14.0,,,,,46,14,,,,,45.5,0.0
2,90800,VOLCANIC_ROCK_VOUCHER_10250,45.0,13.0,,,,,46,13,,,,,45.5,0.0
2,90900,VOLCANIC_ROCK_VOUCHER_10250,45.0,12.0,,,,,46,12,,,,,45.5,0.0
2,91000,VOLCANIC_ROCK_VOUCHER_10250,46.0,17.0,,,,,47,17,,,,,46.5,0.0
2,91100,VOLCANIC_ROCK_VOUCHER_10250,47.0,27.0,,,,,48,13,,,,,47.5,0.0
2,91200,VOLCANIC_ROCK_VOUCHER_10250,46.0,12.0,,,,,47,12,,,,,46.5,0.0
2,91300,VOLCANIC_ROCK_VOUCHER_10250,46.0,16.0,,,,,47,16,,,,,46.5,0.0
2,91400,VOLCANIC_ROCK_VOUCHER_10250,47.0,16.0,,,,,48,16,,,,,47.5,0.0
2,91500,VOLCANIC_ROCK_VOUCHER_10250,47.0,21.0,,,,,48,21,,,,,47.5,0.0
2,91600,VOLCANIC_ROCK_VOUCHER_10250,46.0,21.0,,,,,47,21,,,,,46.5,0.0
2,91700,VOLCANIC_ROCK_VOUCHER_10250,46.0,32.0,,,,,47,14,,,,,46.5,0.0
2,91800,VOLCANIC_ROCK_VOUCHER_10250,46.0,12.0,,,,,47,12,,,,,46.5,0.0
2,91900,VOLCANIC_ROCK_VOUCHER_10250,45.0,15.0,,,,,46,15,,,,,45.5,0.0
2,92000,VOLCANIC_ROCK_VOUCHER_10250,46.0,21.0,,,,,47,21,,,,,46.5,0.0
2,92100,VOLCANIC_ROCK_VOUCHER_10250,46.0,10.0,,,,,47,10,,,,,46.5,0.0
2,92200,VOLCANIC_ROCK_VOUCHER_10250,47.0,19.0,,,,,48,19,,,,,47.5,0.0
2,92300,VOLCANIC_ROCK_VOUCHER_10250,48.0,20.0,,,,,49,20,,,,,48.5,0.0
2,92400,VOLCANIC_ROCK_VOUCHER_10250,49.0,1.0,,,,,50,12,,,,,49.5,0.0
2,92500,VOLCANIC_ROCK_VOUCHER_10250,51.0,18.0,,,,,52,18,,,,,51.5,0.0
2,92600,VOLCANIC_ROCK_VOUCHER_10250,51.0,12.0,,,,,52,12,,,,,51.5,0.0
2,92700,VOLCANIC_ROCK_VOUCHER_10250,50.0,19.0,,,,,51,19,,,,,50.5,0.0
2,92800,VOLCANIC_ROCK_VOUCHER_10250,51.0,17.0,,,,,52,17,,,,,51.5,0.0
2,92900,VOLCANIC_ROCK_VOUCHER_10250,50.0,4.0,,,,,51,20,,,,,50.5,0.0
2,93000,VOLCANIC_ROCK_VOUCHER_10250,49.0,13.0,,,,,50,13,,,,,49.5,0.0
2,93100,VOLCANIC_ROCK_VOUCHER_10250,49.0,21.0,,,,,50,21,,,,,49.5,0.0
2,93200,VOLCANIC_ROCK_VOUCHER_10250,49.0,17.0,,,,,50,17,,,,,49.5,0.0
2,93300,VOLCANIC_ROCK_VOUCHER_10250,48.0,22.0,,,,,50,22,,,,,49.0,0.0
2,93400,VOLCANIC_ROCK_VOUCHER_10250,47.0,21.0,,,,,48,21,,,,,47.5,0.0
2,93500,VOLCANIC_ROCK_VOUCHER_10250,48.0,13.0,,,,,49,13,,,,,48.5,0.0
2,93600,VOLCANIC_ROCK_VOUCHER_10250,48.0,13.0,,,,,49,13,,,,,48.5,0.0
2,93700,VOLCANIC_ROCK_VOUCHER_10250,49.0,12.0,,,,,50,12,,,,,49.5,0.0
2,93800,VOLCANIC_ROCK_VOUCHER_10250,48.0,14.0,,,,,49,14,,,,,48.5,0.0
2,93900,VOLCANIC_ROCK_VOUCHER_10250,48.0,14.0,,,,,49,14,,,,,48.5,0.0
2,94000,VOLCANIC_ROCK_VOUCHER_10250,48.0,0.0,,,,,49,17,,,,,48.5,0.0
2,94100,VOLCANIC_ROCK_VOUCHER_10250,48.0,16.0,,,,,49,16,,,,,48.5,0.0
2,94200,VOLCANIC_ROCK_VOUCHER_10250,48.0,13.0,,,,,49,13,,,,,48.5,0.0
2,94300,VOLCANIC_ROCK_VOUCHER_10250,46.0,21.0,,,,,47,21,,,,,46.5,0.0
2,94400,VOLCANIC_ROCK_VOUCHER_10250,47.0,17.0,,,,,48,17,,,,,47.5,0.0
2,94500,VOLCANIC_ROCK_VOUCHER_10250,46.0,34.0,,,,,47,20,,,,,46.5,0.0
2,94600,VOLCANIC_ROCK_VOUCHER_10250,46.0,16.0,,,,,47,16,,,,,46.5,0.0
2,94700,VOLCANIC_ROCK_VOUCHER_10250,46.0,16.0,,,,,47,16,,,,,46.5,0.0
2,94800,VOLCANIC_ROCK_VOUCHER_10250,46.0,15.0,,,,,47,15,,,,,46.5,0.0
2,94900,VOLCANIC_ROCK_VOUCHER_10250,46.0,15.0,,,,,47,15,,,,,46.5,0.0
2,95000,VOLCANIC_ROCK_VOUCHER_10250,47.0,13.0,,,,,48,13,,,,,47.5,0.0
2,95100,VOLCANIC_ROCK_VOUCHER_10250,46.0,31.0,,,,,47,12,,,,,46.5,0.0
2,95200,VOLCANIC_ROCK_VOUCHER_10250,46.0,22.0,,,,,47,22,,,,,46.5,0.0
2,95300,VOLCANIC_ROCK_VOUCHER_10250,45.0,15.0,,,,,46,15,,,,,45.5,0.0
2,95400,VOLCANIC_ROCK_VOUCHER_10250,45.0,15.0,,,,,46,15,,,,,45.5,0.0
2,95500,VOLCANIC_ROCK_VOUCHER_10250,46.0,16.0,,,,,47,16,,,,,46.5,0.0
2,95600,VOLCANIC_ROCK_VOUCHER_10250,45.0,15.0,,,,,46,15,,,,,45.5,0.0
2,95700,VOLCANIC_ROCK_VOUCHER_10250,45.0,16.0,,,,,46,16,,,,,45.5,0.0
2,95800,VOLCANIC_ROCK_VOUCHER_10250,46.0,12.0,,,,,47,12,,,,,46.5,0.0
2,95900,VOLCANIC_ROCK_VOUCHER_10250,46.0,2.0,,,,,47,17,,,,,46.5,0.0
2,96000,VOLCANIC_ROCK_VOUCHER_10250,46.0,1.0,45.0,20.0,,,47,21,,,,,46.5,0.0
2,96100,VOLCANIC_ROCK_VOUCHER_10250,45.0,19.0,,,,,46,19,,,,,45.5,0.0
2,96200,VOLCANIC_ROCK_VOUCHER_10250,46.0,14.0,,,,,47,14,,,,,46.5,0.0
2,96300,VOLCANIC_ROCK_VOUCHER_10250,46.0,19.0,,,,,47,19,,,,,46.5,0.0
2,96400,VOLCANIC_ROCK_VOUCHER_10250,45.0,33.0,,,,,46,18,,,,,45.5,0.0
2,96500,VOLCANIC_ROCK_VOUCHER_10250,45.0,17.0,,,,,46,17,,,,,45.5,0.0
2,96600,VOLCANIC_ROCK_VOUCHER_10250,45.0,15.0,,,,,46,15,,,,,45.5,0.0
2,96700,VOLCANIC_ROCK_VOUCHER_10250,45.0,11.0,,,,,46,11,,,,,45.5,0.0
2,96800,VOLCANIC_ROCK_VOUCHER_10250,43.0,10.0,,,,,44,10,,,,,43.5,0.0
2,96900,VOLCANIC_ROCK_VOUCHER_10250,43.0,19.0,,,,,44,19,,,,,43.5,0.0
2,97000,VOLCANIC_ROCK_VOUCHER_10250,44.0,15.0,,,,,45,15,,,,,44.5,0.0
2,97100,VOLCANIC_ROCK_VOUCHER_10250,44.0,20.0,,,,,45,20,,,,,44.5,0.0
2,97200,VOLCANIC_ROCK_VOUCHER_10250,43.0,20.0,,,,,44,15,,,,,43.5,0.0
2,97300,VOLCANIC_ROCK_VOUCHER_10250,43.0,36.0,,,,,44,17,,,,,43.5,0.0
2,97400,VOLCANIC_ROCK_VOUCHER_10250,43.0,21.0,,,,,44,21,,,,,43.5,0.0
2,97500,VOLCANIC_ROCK_VOUCHER_10250,43.0,17.0,,,,,44,17,,,,,43.5,0.0
2,97600,VOLCANIC_ROCK_VOUCHER_10250,44.0,13.0,,,,,45,13,,,,,44.5,0.0
2,97700,VOLCANIC_ROCK_VOUCHER_10250,43.0,14.0,,,,,44,14,,,,,43.5,0.0
2,97800,VOLCANIC_ROCK_VOUCHER_10250,43.0,21.0,,,,,44,21,,,,,43.5,0.0
2,97900,VOLCANIC_ROCK_VOUCHER_10250,43.0,16.0,,,,,44,16,,,,,43.5,0.0
2,98000,VOLCANIC_ROCK_VOUCHER_10250,43.0,15.0,,,,,44,15,,,,,43.5,0.0
2,98100,VOLCANIC_ROCK_VOUCHER_10250,42.0,12.0,,,,,43,12,,,,,42.5,0.0
2,98200,VOLCANIC_ROCK_VOUCHER_10250,42.0,19.0,,,,,43,19,,,,,42.5,0.0
2,98300,VOLCANIC_ROCK_VOUCHER_10250,42.0,21.0,,,,,43,21,,,,,42.5,0.0
2,98400,VOLCANIC_ROCK_VOUCHER_10250,42.0,18.0,,,,,43,18,,,,,42.5,0.0
2,98500,VOLCANIC_ROCK_VOUCHER_10250,41.0,14.0,,,,,42,14,,,,,41.5,0.0
2,98600,VOLCANIC_ROCK_VOUCHER_10250,41.0,19.0,,,,,42,19,,,,,41.5,0.0
2,98700,VOLCANIC_ROCK_VOUCHER_10250,41.0,22.0,,,,,42,22,,,,,41.5,0.0
2,98800,VOLCANIC_ROCK_VOUCHER_10250,41.0,19.0,,,,,42,19,,,,,41.5,0.0
2,98900,VOLCANIC_ROCK_VOUCHER_10250,41.0,13.0,,,,,42,13,,,,,41.5,0.0
2,99000,VOLCANIC_ROCK_VOUCHER_10250,41.0,19.0,,,,,42,19,,,,,41.5,0.0
2,99100,VOLCANIC_ROCK_VOUCHER_10250,41.0,21.0,,,,,42,21,,,,,41.5,0.0
2,99200,VOLCANIC_ROCK_VOUCHER_10250,41.0,11.0,,,,,42,11,,,,,41.5,0.0
2,99300,VOLCANIC_ROCK_VOUCHER_10250,41.0,20.0,,,,,42,20,,,,,41.5,0.0
2,99400,VOLCANIC_ROCK_VOUCHER_10250,40.0,20.0,,,,,41,20,,,,,40.5,0.0
2,99500,VOLCANIC_ROCK_VOUCHER_10250,39.0,12.0,,,,,40,12,,,,,39.5,0.0
2,99600,VOLCANIC_ROCK_VOUCHER_10250,39.0,14.0,,,,,40,14,,,,,39.5,0.0
2,99700,VOLCANIC_ROCK_VOUCHER_10250,38.0,22.0,,,,,39,22,,,,,38.5,0.0
2,99800,VOLCANIC_ROCK_VOUCHER_10250,39.0,17.0,,,,,40,17,,,,,39.5,0.0
2,99900,VOLCANIC_ROCK_VOUCHER_10250,39.0,14.0,,,,,40,14,,,,,39.5,0.0
2,100000,VOLCANIC_ROCK_VOUCHER_10250,39.0,13.0,,,,,40,13,,,,,39.5,0.0
2,100100,VOLCANIC_ROCK_VOUCHER_10250,39.0,14.0,,,,,40,14,,,,,39.5,0.0
2,100200,VOLCANIC_ROCK_VOUCHER_10250,38.0,19.0,,,,,39,19,,,,,38.5,0.0
2,100300,VOLCANIC_ROCK_VOUCHER_10250,39.0,16.0,,,,,40,16,,,,,39.5,0.0
2,100400,VOLCANIC_ROCK_VOUCHER_10250,38.0,27.0,,,,,39,14,,,,,38.5,0.0
2,100500,VOLCANIC_ROCK_VOUCHER_10250,39.0,10.0,,,,,40,10,,,,,39.5,0.0
2,100600,VOLCANIC_ROCK_VOUCHER_10250,39.0,15.0,,,,,40,15,,,,,39.5,0.0
2,100700,VOLCANIC_ROCK_VOUCHER_10250,39.0,15.0,,,,,40,15,,,,,39.5,0.0
2,100800,VOLCANIC_ROCK_VOUCHER_10250,39.0,11.0,,,,,40,11,,,,,39.5,0.0
2,100900,VOLCANIC_ROCK_VOUCHER_10250,38.0,17.0,,,,,39,17,,,,,38.5,0.0
2,101000,VOLCANIC_ROCK_VOUCHER_10250,39.0,12.0,,,,,40,12,,,,,39.5,0.0
2,101100,VOLCANIC_ROCK_VOUCHER_10250,39.0,14.0,,,,,40,14,,,,,39.5,0.0
2,101200,VOLCANIC_ROCK_VOUCHER_10250,39.0,22.0,,,,,40,22,,,,,39.5,0.0
2,101300,VOLCANIC_ROCK_VOUCHER_10250,39.0,1.0,,,,,40,18,,,,,39.5,0.0
2,101400,VOLCANIC_ROCK_VOUCHER_10250,39.0,10.0,,,,,40,10,,,,,39.5,0.0
2,101500,VOLCANIC_ROCK_VOUCHER_10250,39.0,15.0,,,,,40,15,,,,,39.5,0.0
2,101600,VOLCANIC_ROCK_VOUCHER_10250,39.0,17.0,,,,,40,17,,,,,39.5,0.0
2,101700,VOLCANIC_ROCK_VOUCHER_10250,39.0,10.0,,,,,40,10,,,,,39.5,0.0
2,101800,VOLCANIC_ROCK_VOUCHER_10250,39.0,14.0,,,,,40,14,,,,,39.5,0.0
2,101900,VOLCANIC_ROCK_VOUCHER_10250,39.0,13.0,,,,,40,13,,,,,39.5,0.0
2,102000,VOLCANIC_ROCK_VOUCHER_10250,39.0,5.0,,,,,40,18,,,,,39.5,0.0
2,102100,VOLCANIC_ROCK_VOUCHER_10250,39.0,14.0,,,,,40,12,,,,,39.5,0.0
2,102200,VOLCANIC_ROCK_VOUCHER_10250,39.0,20.0,,,,,40,20,,,,,39.5,0.0
2,102300,VOLCANIC_ROCK_VOUCHER_10250,38.0,14.0,,,,,39,14,,,,,38.5,0.0
2,102400,VOLCANIC_ROCK_VOUCHER_10250,37.0,14.0,,,,,38,14,,,,,37.5,0.0
2,102500,VOLCANIC_ROCK_VOUCHER_10250,37.0,15.0,,,,,38,15,,,,,37.5,0.0
2,102600,VOLCANIC_ROCK_VOUCHER_10250,,,,,,,37,1,38.0,19.0,,,37.0,0.0
2,102700,VOLCANIC_ROCK_VOUCHER_10250,37.0,12.0,,,,,38,12,,,,,37.5,0.0
2,102800,VOLCANIC_ROCK_VOUCHER_10250,37.0,14.0,,,,,38,14,,,,,37.5,0.0
2,102900,VOLCANIC_ROCK_VOUCHER_10250,37.0,12.0,,,,,38,12,,,,,37.5,0.0
2,103000,VOLCANIC_ROCK_VOUCHER_10250,37.0,42.0,,,,,38,22,,,,,37.5,0.0
2,103100,VOLCANIC_ROCK_VOUCHER_10250,37.0,20.0,,,,,38,20,,,,,37.5,0.0
2,103200,VOLCANIC_ROCK_VOUCHER_10250,37.0,20.0,,,,,38,20,,,,,37.5,0.0
2,103300,VOLCANIC_ROCK_VOUCHER_10250,38.0,13.0,,,,,39,13,,,,,38.5,0.0
2,103400,VOLCANIC_ROCK_VOUCHER_10250,38.0,16.0,,,,,39,16,,,,,38.5,0.0
2,103500,VOLCANIC_ROCK_VOUCHER_10250,38.0,36.0,,,,,39,16,,,,,38.5,0.0
2,103600,VOLCANIC_ROCK_VOUCHER_10250,39.0,14.0,,,,,40,14,,,,,39.5,0.0
2,103700,VOLCANIC_ROCK_VOUCHER_10250,40.0,15.0,,,,,41,15,,,,,40.5,0.0
2,103800,VOLCANIC_ROCK_VOUCHER_10250,40.0,18.0,,,,,41,18,,,,,40.5,0.0
2,103900,VOLCANIC_ROCK_VOUCHER_10250,40.0,19.0,,,,,41,19,,,,,40.5,0.0
2,104000,VOLCANIC_ROCK_VOUCHER_10250,40.0,17.0,,,,,41,22,,,,,40.5,0.0
2,104100,VOLCANIC_ROCK_VOUCHER_10250,39.0,19.0,,,,,40,19,,,,,39.5,0.0
2,104200,VOLCANIC_ROCK_VOUCHER_10250,,,,,,,39,2,40.0,18.0,,,39.0,0.0
2,104300,VOLCANIC_ROCK_VOUCHER_10250,39.0,22.0,,,,,40,22,,,,,39.5,0.0
2,104400,VOLCANIC_ROCK_VOUCHER_10250,39.0,14.0,,,,,40,14,,,,,39.5,0.0
2,104500,VOLCANIC_ROCK_VOUCHER_10250,40.0,22.0,,,,,41,22,,,,,40.5,0.0
2,104600,VOLCANIC_ROCK_VOUCHER_10250,41.0,24.0,,,,,42,12,,,,,41.5,0.0
2,104700,VOLCANIC_ROCK_VOUCHER_10250,41.0,36.0,,,,,42,18,,,,,41.5,0.0
2,104800,VOLCANIC_ROCK_VOUCHER_10250,42.0,41.0,,,,,43,21,,,,,42.5,0.0
2,104900,VOLCANIC_ROCK_VOUCHER_10250,42.0,16.0,,,,,43,16,,,,,42.5,0.0
2,105000,VOLCANIC_ROCK_VOUCHER_10250,42.0,15.0,,,,,43,15,,,,,42.5,0.0
2,105100,VOLCANIC_ROCK_VOUCHER_10250,42.0,31.0,,,,,43,16,,,,,42.5,0.0
2,105200,VOLCANIC_ROCK_VOUCHER_10250,41.0,38.0,,,,,42,18,,,,,41.5,0.0
2,105300,VOLCANIC_ROCK_VOUCHER_10250,41.0,13.0,,,,,42,13,,,,,41.5,0.0
2,105400,VOLCANIC_ROCK_VOUCHER_10250,40.0,16.0,,,,,41,16,,,,,40.5,0.0
2,105500,VOLCANIC_ROCK_VOUCHER_10250,40.0,17.0,,,,,41,17,,,,,40.5,0.0
2,105600,VOLCANIC_ROCK_VOUCHER_10250,40.0,33.0,,,,,41,19,,,,,40.5,0.0
2,105700,VOLCANIC_ROCK_VOUCHER_10250,40.0,20.0,,,,,41,20,,,,,40.5,0.0
2,105800,VOLCANIC_ROCK_VOUCHER_10250,39.0,19.0,,,,,40,19,,,,,39.5,0.0
2,105900,VOLCANIC_ROCK_VOUCHER_10250,40.0,18.0,,,,,41,18,,,,,40.5,0.0
2,106000,VOLCANIC_ROCK_VOUCHER_10250,39.0,12.0,,,,,40,12,,,,,39.5,0.0
2,106100,VOLCANIC_ROCK_VOUCHER_10250,39.0,17.0,,,,,40,17,,,,,39.5,0.0
2,106200,VOLCANIC_ROCK_VOUCHER_10250,39.0,19.0,,,,,40,19,,,,,39.5,0.0
2,106300,VOLCANIC_ROCK_VOUCHER_10250,39.0,22.0,,,,,40,22,,,,,39.5,0.0
2,106400,VOLCANIC_ROCK_VOUCHER_10250,38.0,18.0,,,,,39,18,,,,,38.5,0.0
2,106500,VOLCANIC_ROCK_VOUCHER_10250,37.0,21.0,,,,,38,21,,,,,37.5,0.0
2,106600,VOLCANIC_ROCK_VOUCHER_10250,37.0,14.0,,,,,38,14,,,,,37.5,0.0
2,106700,VOLCANIC_ROCK_VOUCHER_10250,36.0,15.0,,,,,37,15,,,,,36.5,0.0
2,106800,VOLCANIC_ROCK_VOUCHER_10250,36.0,14.0,,,,,37,14,,,,,36.5,0.0
2,106900,VOLCANIC_ROCK_VOUCHER_10250,36.0,13.0,,,,,37,13,,,,,36.5,0.0
2,107000,VOLCANIC_ROCK_VOUCHER_10250,37.0,10.0,,,,,38,10,,,,,37.5,0.0
2,107100,VOLCANIC_ROCK_VOUCHER_10250,37.0,12.0,,,,,38,12,,,,,37.5,0.0
2,107200,VOLCANIC_ROCK_VOUCHER_10250,36.0,20.0,,,,,37,20,,,,,36.5,0.0
2,107300,VOLCANIC_ROCK_VOUCHER_10250,35.0,20.0,,,,,36,20,,,,,35.5,0.0
2,107400,VOLCANIC_ROCK_VOUCHER_10250,35.0,17.0,,,,,36,17,,,,,35.5,0.0
2,107500,VOLCANIC_ROCK_VOUCHER_10250,36.0,18.0,,,,,37,18,,,,,36.5,0.0
2,107600,VOLCANIC_ROCK_VOUCHER_10250,35.0,20.0,,,,,36,20,,,,,35.5,0.0
2,107700,VOLCANIC_ROCK_VOUCHER_10250,35.0,17.0,,,,,36,17,,,,,35.5,0.0
2,107800,VOLCANIC_ROCK_VOUCHER_10250,36.0,14.0,,,,,37,14,,,,,36.5,0.0
2,107900,VOLCANIC_ROCK_VOUCHER_10250,35.0,18.0,,,,,36,18,,,,,35.5,0.0
2,108000,VOLCANIC_ROCK_VOUCHER_10250,35.0,13.0,,,,,36,13,,,,,35.5,0.0
2,108100,VOLCANIC_ROCK_VOUCHER_10250,35.0,13.0,,,,,36,13,,,,,35.5,0.0
2,108200,VOLCANIC_ROCK_VOUCHER_10250,35.0,11.0,,,,,36,11,,,,,35.5,0.0
2,108300,VOLCANIC_ROCK_VOUCHER_10250,35.0,11.0,,,,,36,11,,,,,35.5,0.0
2,108400,VOLCANIC_ROCK_VOUCHER_10250,34.0,3.0,,,,,35,19,,,,,34.5,0.0
2,108500,VOLCANIC_ROCK_VOUCHER_10250,35.0,17.0,,,,,36,17,,,,,35.5,0.0
2,108600,VOLCANIC_ROCK_VOUCHER_10250,35.0,15.0,,,,,36,15,,,,,35.5,0.0
2,108700,VOLCANIC_ROCK_VOUCHER_10250,36.0,19.0,,,,,37,19,,,,,36.5,0.0
2,108800,VOLCANIC_ROCK_VOUCHER_10250,35.0,16.0,,,,,36,16,,,,,35.5,0.0
2,108900,VOLCANIC_ROCK_VOUCHER_10250,35.0,12.0,,,,,36,12,,,,,35.5,0.0
2,109000,VOLCANIC_ROCK_VOUCHER_10250,35.0,17.0,,,,,36,17,,,,,35.5,0.0
2,109100,VOLCANIC_ROCK_VOUCHER_10250,35.0,14.0,,,,,36,14,,,,,35.5,0.0
2,109200,VOLCANIC_ROCK_VOUCHER_10250,35.0,12.0,,,,,36,12,,,,,35.5,0.0
2,109300,VOLCANIC_ROCK_VOUCHER_10250,36.0,18.0,,,,,37,18,,,,,36.5,0.0
2,109400,VOLCANIC_ROCK_VOUCHER_10250,37.0,12.0,,,,,38,12,,,,,37.5,0.0
2,109500,VOLCANIC_ROCK_VOUCHER_10250,37.0,20.0,,,,,38,20,,,,,37.5,0.0
2,109600,VOLCANIC_ROCK_VOUCHER_10250,37.0,15.0,,,,,38,15,,,,,37.5,0.0
2,109700,VOLCANIC_ROCK_VOUCHER_10250,37.0,20.0,,,,,38,20,,,,,37.5,0.0
2,109800,VOLCANIC_ROCK_VOUCHER_10250,36.0,12.0,,,,,37,12,,,,,36.5,0.0
2,109900,VOLCANIC_ROCK_VOUCHER_10250,36.0,15.0,,,,,37,15,,,,,36.5,0.0
2,110000,VOLCANIC_ROCK_VOUCHER_10250,37.0,12.0,,,,,38,12,,,,,37.5,0.0
2,110100,VOLCANIC_ROCK_VOUCHER_10250,39.0,18.0,,,,,40,18,,,,,39.5,0.0
2,110200,VOLCANIC_ROCK_VOUCHER_10250,38.0,19.0,,,,,39,19,,,,,38.5,0.0
2,110300,VOLCANIC_ROCK_VOUCHER_10250,38.0,30.0,,,,,39,14,,,,,38.5,0.0
2,110400,VOLCANIC_ROCK_VOUCHER_10250,38.0,10.0,,,,,39,10,,,,,38.5,0.0
2,110500,VOLCANIC_ROCK_VOUCHER_10250,38.0,16.0,,,,,39,16,,,,,38.5,0.0
2,110600,VOLCANIC_ROCK_VOUCHER_10250,38.0,14.0,,,,,39,14,,,,,38.5,0.0
2,110700,VOLCANIC_ROCK_VOUCHER_10250,39.0,11.0,,,,,40,11,,,,,39.5,0.0
2,110800,VOLCANIC_ROCK_VOUCHER_10250,39.0,36.0,,,,,40,16,,,,,39.5,0.0
2,110900,VOLCANIC_ROCK_VOUCHER_10250,38.0,19.0,,,,,39,19,,,,,38.5,0.0
2,111000,VOLCANIC_ROCK_VOUCHER_10250,38.0,26.0,,,,,39,15,,,,,38.5,0.0
2,111100,VOLCANIC_ROCK_VOUCHER_10250,40.0,14.0,,,,,41,14,,,,,40.5,0.0
2,111200,VOLCANIC_ROCK_VOUCHER_10250,39.0,13.0,,,,,40,13,,,,,39.5,0.0
2,111300,VOLCANIC_ROCK_VOUCHER_10250,40.0,16.0,,,,,41,16,,,,,40.5,0.0
2,111400,VOLCANIC_ROCK_VOUCHER_10250,39.0,17.0,,,,,40,17,,,,,39.5,0.0
2,111500,VOLCANIC_ROCK_VOUCHER_10250,39.0,16.0,,,,,40,16,,,,,39.5,0.0
2,111600,VOLCANIC_ROCK_VOUCHER_10250,39.0,20.0,,,,,40,20,,,,,39.5,0.0
2,111700,VOLCANIC_ROCK_VOUCHER_10250,39.0,19.0,,,,,40,19,,,,,39.5,0.0
2,111800,VOLCANIC_ROCK_VOUCHER_10250,39.0,10.0,,,,,40,10,,,,,39.5,0.0
2,111900,VOLCANIC_ROCK_VOUCHER_10250,41.0,15.0,,,,,42,15,,,,,41.5,0.0
2,112000,VOLCANIC_ROCK_VOUCHER_10250,,,,,,,41,2,42.0,16.0,,,41.0,0.0
2,112100,VOLCANIC_ROCK_VOUCHER_10250,41.0,18.0,,,,,42,18,,,,,41.5,0.0
2,112200,VOLCANIC_ROCK_VOUCHER_10250,41.0,20.0,,,,,42,20,,,,,41.5,0.0
2,112300,VOLCANIC_ROCK_VOUCHER_10250,40.0,13.0,,,,,41,13,,,,,40.5,0.0
2,112400,VOLCANIC_ROCK_VOUCHER_10250,40.0,19.0,,,,,41,19,,,,,40.5,0.0
2,112500,VOLCANIC_ROCK_VOUCHER_10250,40.0,17.0,,,,,41,17,,,,,40.5,0.0
2,112600,VOLCANIC_ROCK_VOUCHER_10250,40.0,26.0,,,,,41,15,,,,,40.5,0.0
2,112700,VOLCANIC_ROCK_VOUCHER_10250,41.0,13.0,,,,,42,13,,,,,41.5,0.0
2,112800,VOLCANIC_ROCK_VOUCHER_10250,41.0,14.0,,,,,42,14,,,,,41.5,0.0
2,112900,VOLCANIC_ROCK_VOUCHER_10250,41.0,11.0,,,,,42,11,,,,,41.5,0.0
2,113000,VOLCANIC_ROCK_VOUCHER_10250,41.0,12.0,,,,,42,12,,,,,41.5,0.0
2,113100,VOLCANIC_ROCK_VOUCHER_10250,41.0,17.0,,,,,42,17,,,,,41.5,0.0
2,113200,VOLCANIC_ROCK_VOUCHER_10250,40.0,18.0,,,,,41,18,,,,,40.5,0.0
2,113300,VOLCANIC_ROCK_VOUCHER_10250,40.0,18.0,,,,,41,18,,,,,40.5,0.0
2,113400,VOLCANIC_ROCK_VOUCHER_10250,39.0,17.0,,,,,40,17,,,,,39.5,0.0
2,113500,VOLCANIC_ROCK_VOUCHER_10250,39.0,22.0,,,,,40,22,,,,,39.5,0.0
2,113600,VOLCANIC_ROCK_VOUCHER_10250,,,,,,,39,2,40.0,14.0,,,39.0,0.0
2,113700,VOLCANIC_ROCK_VOUCHER_10250,39.0,14.0,,,,,40,14,,,,,39.5,0.0
2,113800,VOLCANIC_ROCK_VOUCHER_10250,39.0,14.0,,,,,40,14,,,,,39.5,0.0
2,113900,VOLCANIC_ROCK_VOUCHER_10250,41.0,14.0,,,,,42,21,,,,,41.5,0.0
2,114000,VOLCANIC_ROCK_VOUCHER_10250,40.0,16.0,,,,,41,16,,,,,40.5,0.0
2,114100,VOLCANIC_ROCK_VOUCHER_10250,40.0,16.0,,,,,41,16,,,,,40.5,0.0
2,114200,VOLCANIC_ROCK_VOUCHER_10250,39.0,20.0,,,,,40,20,,,,,39.5,0.0
2,114300,VOLCANIC_ROCK_VOUCHER_10250,39.0,16.0,,,,,40,16,,,,,39.5,0.0
2,114400,VOLCANIC_ROCK_VOUCHER_10250,39.0,16.0,,,,,40,16,,,,,39.5,0.0
2,114500,VOLCANIC_ROCK_VOUCHER_10250,,,,,,,39,7,40.0,13.0,,,39.0,0.0
2,114600,VOLCANIC_ROCK_VOUCHER_10250,39.0,21.0,,,,,40,21,,,,,39.5,0.0
2,114700,VOLCANIC_ROCK_VOUCHER_10250,39.0,16.0,,,,,40,16,,,,,39.5,0.0
2,114800,VOLCANIC_ROCK_VOUCHER_10250,39.0,21.0,,,,,40,16,,,,,39.5,0.0
2,114900,VOLCANIC_ROCK_VOUCHER_10250,40.0,19.0,,,,,41,19,,,,,40.5,0.0
2,115000,VOLCANIC_ROCK_VOUCHER_10250,40.0,20.0,,,,,41,20,,,,,40.5,0.0
2,115100,VOLCANIC_ROCK_VOUCHER_10250,39.0,12.0,,,,,40,12,,,,,39.5,0.0
2,115200,VOLCANIC_ROCK_VOUCHER_10250,40.0,18.0,,,,,41,18,,,,,40.5,0.0
2,115300,VOLCANIC_ROCK_VOUCHER_10250,39.0,19.0,,,,,40,19,,,,,39.5,0.0
2,115400,VOLCANIC_ROCK_VOUCHER_10250,39.0,18.0,,,,,40,18,,,,,39.5,0.0
2,115500,VOLCANIC_ROCK_VOUCHER_10250,39.0,33.0,,,,,40,13,,,,,39.5,0.0
2,115600,VOLCANIC_ROCK_VOUCHER_10250,39.0,16.0,,,,,40,16,,,,,39.5,0.0
2,115700,VOLCANIC_ROCK_VOUCHER_10250,40.0,21.0,,,,,41,21,,,,,40.5,0.0
2,115800,VOLCANIC_ROCK_VOUCHER_10250,40.0,16.0,,,,,41,16,,,,,40.5,0.0
2,115900,VOLCANIC_ROCK_VOUCHER_10250,40.0,12.0,,,,,41,12,,,,,40.5,0.0
2,116000,VOLCANIC_ROCK_VOUCHER_10250,39.0,11.0,,,,,40,11,,,,,39.5,0.0
2,116100,VOLCANIC_ROCK_VOUCHER_10250,38.0,18.0,,,,,39,18,,,,,38.5,0.0
2,116200,VOLCANIC_ROCK_VOUCHER_10250,38.0,17.0,,,,,39,17,,,,,38.5,0.0
2,116300,VOLCANIC_ROCK_VOUCHER_10250,38.0,16.0,,,,,39,16,,,,,38.5,0.0
2,116400,VOLCANIC_ROCK_VOUCHER_10250,38.0,1.0,,,,,39,21,,,,,38.5,0.0
2,116500,VOLCANIC_ROCK_VOUCHER_10250,38.0,17.0,,,,,39,17,,,,,38.5,0.0
2,116600,VOLCANIC_ROCK_VOUCHER_10250,38.0,14.0,,,,,39,14,,,,,38.5,0.0
2,116700,VOLCANIC_ROCK_VOUCHER_10250,38.0,19.0,,,,,39,19,,,,,38.5,0.0
2,116800,VOLCANIC_ROCK_VOUCHER_10250,38.0,17.0,,,,,39,17,,,,,38.5,0.0
2,116900,VOLCANIC_ROCK_VOUCHER_10250,39.0,13.0,,,,,40,13,,,,,39.5,0.0
2,117000,VOLCANIC_ROCK_VOUCHER_10250,38.0,20.0,,,,,39,20,,,,,38.5,0.0
2,117100,VOLCANIC_ROCK_VOUCHER_10250,38.0,18.0,,,,,39,18,,,,,38.5,0.0
2,117200,VOLCANIC_ROCK_VOUCHER_10250,39.0,12.0,,,,,40,12,,,,,39.5,0.0
2,117300,VOLCANIC_ROCK_VOUCHER_10250,39.0,19.0,,,,,40,19,,,,,39.5,0.0
2,117400,VOLCANIC_ROCK_VOUCHER_10250,39.0,37.0,,,,,40,20,,,,,39.5,0.0
2,117500,VOLCANIC_ROCK_VOUCHER_10250,40.0,15.0,,,,,41,15,,,,,40.5,0.0
2,117600,VOLCANIC_ROCK_VOUCHER_10250,40.0,13.0,,,,,41,13,,,,,40.5,0.0
2,117700,VOLCANIC_ROCK_VOUCHER_10250,40.0,21.0,,,,,41,21,,,,,40.5,0.0
2,117800,VOLCANIC_ROCK_VOUCHER_10250,40.0,16.0,,,,,41,16,,,,,40.5,0.0
2,117900,VOLCANIC_ROCK_VOUCHER_10250,40.0,12.0,,,,,41,12,,,,,40.5,0.0
2,118000,VOLCANIC_ROCK_VOUCHER_10250,41.0,10.0,,,,,42,10,,,,,41.5,0.0
2,118100,VOLCANIC_ROCK_VOUCHER_10250,41.0,21.0,,,,,42,21,,,,,41.5,0.0
2,118200,VOLCANIC_ROCK_VOUCHER_10250,41.0,18.0,,,,,42,18,,,,,41.5,0.0
2,118300,VOLCANIC_ROCK_VOUCHER_10250,40.0,21.0,,,,,41,21,,,,,40.5,0.0
2,118400,VOLCANIC_ROCK_VOUCHER_10250,39.0,31.0,,,,,40,21,,,,,39.5,0.0
2,118500,VOLCANIC_ROCK_VOUCHER_10250,38.0,20.0,,,,,39,20,,,,,38.5,0.0
2,118600,VOLCANIC_ROCK_VOUCHER_10250,37.0,17.0,,,,,38,17,,,,,37.5,0.0
2,118700,VOLCANIC_ROCK_VOUCHER_10250,38.0,19.0,,,,,39,19,,,,,38.5,0.0
2,118800,VOLCANIC_ROCK_VOUCHER_10250,37.0,17.0,,,,,38,17,,,,,37.5,0.0
2,118900,VOLCANIC_ROCK_VOUCHER_10250,38.0,18.0,,,,,39,18,,,,,38.5,0.0
2,119000,VOLCANIC_ROCK_VOUCHER_10250,38.0,16.0,,,,,39,16,,,,,38.5,0.0
2,119100,VOLCANIC_ROCK_VOUCHER_10250,38.0,17.0,,,,,39,17,,,,,38.5,0.0
2,119200,VOLCANIC_ROCK_VOUCHER_10250,38.0,12.0,,,,,39,12,,,,,38.5,0.0
2,119300,VOLCANIC_ROCK_VOUCHER_10250,38.0,16.0,,,,,39,16,,,,,38.5,0.0
2,119400,VOLCANIC_ROCK_VOUCHER_10250,39.0,20.0,,,,,40,20,,,,,39.5,0.0
2,119500,VOLCANIC_ROCK_VOUCHER_10250,39.0,15.0,,,,,40,15,,,,,39.5,0.0
2,119600,VOLCANIC_ROCK_VOUCHER_10250,39.0,16.0,,,,,40,16,,,,,39.5,0.0
2,119700,VOLCANIC_ROCK_VOUCHER_10250,39.0,17.0,,,,,40,17,,,,,39.5,0.0
2,119800,VOLCANIC_ROCK_VOUCHER_10250,39.0,12.0,,,,,40,12,,,,,39.5,0.0
2,119900,VOLCANIC_ROCK_VOUCHER_10250,40.0,11.0,,,,,41,11,,,,,40.5,0.0
2,120000,VOLCANIC_ROCK_VOUCHER_10250,38.0,13.0,,,,,39,13,,,,,38.5,0.0
2,120100,VOLCANIC_ROCK_VOUCHER_10250,39.0,19.0,,,,,40,19,,,,,39.5,0.0
2,120200,VOLCANIC_ROCK_VOUCHER_10250,38.0,14.0,,,,,40,14,,,,,39.0,0.0
2,120300,VOLCANIC_ROCK_VOUCHER_10250,38.0,14.0,,,,,39,14,,,,,38.5,0.0
2,120400,VOLCANIC_ROCK_VOUCHER_10250,38.0,15.0,,,,,39,15,,,,,38.5,0.0
2,120500,VOLCANIC_ROCK_VOUCHER_10250,39.0,22.0,,,,,40,22,,,,,39.5,0.0
2,120600,VOLCANIC_ROCK_VOUCHER_10250,38.0,16.0,,,,,39,16,,,,,38.5,0.0
2,120700,VOLCANIC_ROCK_VOUCHER_10250,38.0,22.0,,,,,39,22,,,,,38.5,0.0
2,120800,VOLCANIC_ROCK_VOUCHER_10250,37.0,19.0,,,,,38,19,,,,,37.5,0.0
2,120900,VOLCANIC_ROCK_VOUCHER_10250,37.0,18.0,,,,,38,18,,,,,37.5,0.0
2,121000,VOLCANIC_ROCK_VOUCHER_10250,37.0,18.0,,,,,38,18,,,,,37.5,0.0
2,121100,VOLCANIC_ROCK_VOUCHER_10250,37.0,20.0,,,,,38,20,,,,,37.5,0.0
2,121200,VOLCANIC_ROCK_VOUCHER_10250,37.0,17.0,,,,,38,17,,,,,37.5,0.0
2,121300,VOLCANIC_ROCK_VOUCHER_10250,37.0,13.0,,,,,38,13,,,,,37.5,0.0
2,121400,VOLCANIC_ROCK_VOUCHER_10250,37.0,10.0,,,,,38,10,,,,,37.5,0.0
2,121500,VOLCANIC_ROCK_VOUCHER_10250,37.0,17.0,,,,,38,17,,,,,37.5,0.0
2,121600,VOLCANIC_ROCK_VOUCHER_10250,37.0,20.0,,,,,38,20,,,,,37.5,0.0
2,121700,VOLCANIC_ROCK_VOUCHER_10250,36.0,8.0,,,,,37,19,,,,,36.5,0.0
2,121800,VOLCANIC_ROCK_VOUCHER_10250,37.0,20.0,,,,,38,20,,,,,37.5,0.0
2,121900,VOLCANIC_ROCK_VOUCHER_10250,38.0,19.0,,,,,39,19,,,,,38.5,0.0
2,122000,VOLCANIC_ROCK_VOUCHER_10250,38.0,16.0,,,,,39,16,,,,,38.5,0.0
2,122100,VOLCANIC_ROCK_VOUCHER_10250,38.0,19.0,,,,,39,19,,,,,38.5,0.0
2,122200,VOLCANIC_ROCK_VOUCHER_10250,38.0,20.0,,,,,39,20,,,,,38.5,0.0
2,122300,VOLCANIC_ROCK_VOUCHER_10250,37.0,20.0,,,,,38,20,,,,,37.5,0.0
2,122400,VOLCANIC_ROCK_VOUCHER_10250,37.0,19.0,,,,,38,19,,,,,37.5,0.0
2,122500,VOLCANIC_ROCK_VOUCHER_10250,37.0,17.0,,,,,38,17,,,,,37.5,0.0
2,122600,VOLCANIC_ROCK_VOUCHER_10250,37.0,22.0,,,,,38,22,,,,,37.5,0.0
2,122700,VOLCANIC_ROCK_VOUCHER_10250,38.0,22.0,,,,,39,22,,,,,38.5,0.0
2,122800,VOLCANIC_ROCK_VOUCHER_10250,38.0,19.0,,,,,39,19,,,,,38.5,0.0
2,122900,VOLCANIC_ROCK_VOUCHER_10250,38.0,15.0,,,,,39,15,,,,,38.5,0.0
2,123000,VOLCANIC_ROCK_VOUCHER_10250,39.0,12.0,,,,,40,12,,,,,39.5,0.0
2,123100,VOLCANIC_ROCK_VOUCHER_10250,40.0,18.0,,,,,41,18,,,,,40.5,0.0
2,123200,VOLCANIC_ROCK_VOUCHER_10250,41.0,19.0,,,,,42,19,,,,,41.5,0.0
2,123300,VOLCANIC_ROCK_VOUCHER_10250,41.0,13.0,,,,,42,13,,,,,41.5,0.0
2,123400,VOLCANIC_ROCK_VOUCHER_10250,41.0,20.0,,,,,42,20,,,,,41.5,0.0
2,123500,VOLCANIC_ROCK_VOUCHER_10250,41.0,11.0,,,,,42,11,,,,,41.5,0.0
2,123600,VOLCANIC_ROCK_VOUCHER_10250,41.0,20.0,,,,,42,20,,,,,41.5,0.0
2,123700,VOLCANIC_ROCK_VOUCHER_10250,40.0,21.0,,,,,41,21,,,,,40.5,0.0
2,123800,VOLCANIC_ROCK_VOUCHER_10250,40.0,20.0,,,,,41,20,,,,,40.5,0.0
2,123900,VOLCANIC_ROCK_VOUCHER_10250,40.0,20.0,,,,,41,20,,,,,40.5,0.0
2,124000,VOLCANIC_ROCK_VOUCHER_10250,40.0,15.0,,,,,41,15,,,,,40.5,0.0
2,124100,VOLCANIC_ROCK_VOUCHER_10250,39.0,19.0,,,,,40,19,,,,,39.5,0.0
2,124200,VOLCANIC_ROCK_VOUCHER_10250,40.0,22.0,,,,,41,22,,,,,40.5,0.0
2,124300,VOLCANIC_ROCK_VOUCHER_10250,39.0,19.0,,,,,40,19,,,,,39.5,0.0
2,124400,VOLCANIC_ROCK_VOUCHER_10250,39.0,19.0,,,,,40,19,,,,,39.5,0.0
2,124500,VOLCANIC_ROCK_VOUCHER_10250,40.0,20.0,,,,,41,20,,,,,40.5,0.0
2,124600,VOLCANIC_ROCK_VOUCHER_10250,39.0,11.0,,,,,40,11,,,,,39.5,0.0
2,124700,VOLCANIC_ROCK_VOUCHER_10250,39.0,34.0,,,,,40,14,,,,,39.5,0.0
2,124800,VOLCANIC_ROCK_VOUCHER_10250,40.0,28.0,,,,,41,13,,,,,40.5,0.0
2,124900,VOLCANIC_ROCK_VOUCHER_10250,41.0,20.0,,,,,42,12,,,,,41.5,0.0
2,125000,VOLCANIC_ROCK_VOUCHER_10250,42.0,18.0,,,,,43,18,,,,,42.5,0.0
2,125100,VOLCANIC_ROCK_VOUCHER_10250,42.0,16.0,,,,,43,16,,,,,42.5,0.0
2,125200,VOLCANIC_ROCK_VOUCHER_10250,41.0,11.0,,,,,42,11,,,,,41.5,0.0
2,125300,VOLCANIC_ROCK_VOUCHER_10250,40.0,18.0,,,,,41,18,,,,,40.5,0.0
2,125400,VOLCANIC_ROCK_VOUCHER_10250,41.0,16.0,,,,,42,16,,,,,41.5,0.0
2,125500,VOLCANIC_ROCK_VOUCHER_10250,41.0,20.0,,,,,42,20,,,,,41.5,0.0
2,125600,VOLCANIC_ROCK_VOUCHER_10250,41.0,16.0,,,,,42,16,,,,,41.5,0.0
2,125700,VOLCANIC_ROCK_VOUCHER_10250,41.0,11.0,,,,,42,11,,,,,41.5,0.0
2,125800,VOLCANIC_ROCK_VOUCHER_10250,41.0,12.0,,,,,42,12,,,,,41.5,0.0
2,125900,VOLCANIC_ROCK_VOUCHER_10250,41.0,19.0,,,,,42,19,,,,,41.5,0.0
2,126000,VOLCANIC_ROCK_VOUCHER_10250,41.0,19.0,,,,,42,19,,,,,41.5,0.0
2,126100,VOLCANIC_ROCK_VOUCHER_10250,41.0,12.0,,,,,42,12,,,,,41.5,0.0
2,126200,VOLCANIC_ROCK_VOUCHER_10250,41.0,13.0,,,,,42,13,,,,,41.5,0.0
2,126300,VOLCANIC_ROCK_VOUCHER_10250,41.0,18.0,,,,,42,18,,,,,41.5,0.0
2,126400,VOLCANIC_ROCK_VOUCHER_10250,40.0,21.0,,,,,41,21,,,,,40.5,0.0
2,126500,VOLCANIC_ROCK_VOUCHER_10250,40.0,11.0,,,,,41,11,,,,,40.5,0.0
2,126600,VOLCANIC_ROCK_VOUCHER_10250,41.0,11.0,,,,,42,11,,,,,41.5,0.0
2,126700,VOLCANIC_ROCK_VOUCHER_10250,41.0,16.0,,,,,42,16,,,,,41.5,0.0
2,126800,VOLCANIC_ROCK_VOUCHER_10250,41.0,18.0,,,,,42,18,,,,,41.5,0.0
2,126900,VOLCANIC_ROCK_VOUCHER_10250,40.0,18.0,,,,,41,18,,,,,40.5,0.0
2,127000,VOLCANIC_ROCK_VOUCHER_10250,40.0,20.0,,,,,41,20,,,,,40.5,0.0
2,127100,VOLCANIC_ROCK_VOUCHER_10250,40.0,26.0,,,,,41,13,,,,,40.5,0.0
2,127200,VOLCANIC_ROCK_VOUCHER_10250,,,,,,,39,9,40.0,10.0,,,39.0,0.0
2,127300,VOLCANIC_ROCK_VOUCHER_10250,38.0,13.0,,,,,39,13,,,,,38.5,0.0
2,127400,VOLCANIC_ROCK_VOUCHER_10250,38.0,16.0,,,,,39,16,,,,,38.5,0.0
2,127500,VOLCANIC_ROCK_VOUCHER_10250,39.0,21.0,,,,,40,11,,,,,39.5,0.0
2,127600,VOLCANIC_ROCK_VOUCHER_10250,39.0,15.0,,,,,40,15,,,,,39.5,0.0
2,127700,VOLCANIC_ROCK_VOUCHER_10250,39.0,18.0,,,,,40,18,,,,,39.5,0.0
2,127800,VOLCANIC_ROCK_VOUCHER_10250,39.0,14.0,,,,,40,14,,,,,39.5,0.0
2,127900,VOLCANIC_ROCK_VOUCHER_10250,38.0,12.0,,,,,39,12,,,,,38.5,0.0
2,128000,VOLCANIC_ROCK_VOUCHER_10250,38.0,19.0,,,,,39,19,,,,,38.5,0.0
2,128100,VOLCANIC_ROCK_VOUCHER_10250,38.0,16.0,,,,,39,16,,,,,38.5,0.0
2,128200,VOLCANIC_ROCK_VOUCHER_10250,38.0,20.0,,,,,39,20,,,,,38.5,0.0
2,128300,VOLCANIC_ROCK_VOUCHER_10250,37.0,23.0,,,,,38,13,,,,,37.5,0.0
2,128400,VOLCANIC_ROCK_VOUCHER_10250,37.0,15.0,,,,,38,15,,,,,37.5,0.0
2,128500,VOLCANIC_ROCK_VOUCHER_10250,38.0,20.0,,,,,39,20,,,,,38.5,0.0
2,128600,VOLCANIC_ROCK_VOUCHER_10250,38.0,11.0,,,,,39,11,,,,,38.5,0.0
2,128700,VOLCANIC_ROCK_VOUCHER_10250,38.0,11.0,,,,,39,11,,,,,38.5,0.0
2,128800,VOLCANIC_ROCK_VOUCHER_10250,38.0,12.0,,,,,39,12,,,,,38.5,0.0
2,128900,VOLCANIC_ROCK_VOUCHER_10250,39.0,8.0,,,,,40,20,,,,,39.5,0.0
2,129000,VOLCANIC_ROCK_VOUCHER_10250,39.0,14.0,,,,,40,14,,,,,39.5,0.0
2,129100,VOLCANIC_ROCK_VOUCHER_10250,39.0,4.0,,,,,40,19,,,,,39.5,0.0
2,129200,VOLCANIC_ROCK_VOUCHER_10250,39.0,19.0,,,,,40,19,,,,,39.5,0.0
2,129300,VOLCANIC_ROCK_VOUCHER_10250,40.0,20.0,,,,,41,20,,,,,40.5,0.0
2,129400,VOLCANIC_ROCK_VOUCHER_10250,39.0,28.0,,,,,40,11,,,,,39.5,0.0
2,129500,VOLCANIC_ROCK_VOUCHER_10250,38.0,13.0,,,,,39,13,,,,,38.5,0.0
2,129600,VOLCANIC_ROCK_VOUCHER_10250,38.0,19.0,,,,,39,19,,,,,38.5,0.0
2,129700,VOLCANIC_ROCK_VOUCHER_10250,38.0,19.0,,,,,39,19,,,,,38.5,0.0
2,129800,VOLCANIC_ROCK_VOUCHER_10250,38.0,19.0,,,,,39,19,,,,,38.5,0.0
2,129900,VOLCANIC_ROCK_VOUCHER_10250,38.0,14.0,,,,,39,14,,,,,38.5,0.0
2,130000,VOLCANIC_ROCK_VOUCHER_10250,38.0,22.0,,,,,39,22,,,,,38.5,0.0
2,130100,VOLCANIC_ROCK_VOUCHER_10250,38.0,16.0,,,,,39,16,,,,,38.5,0.0
2,130200,VOLCANIC_ROCK_VOUCHER_10250,39.0,17.0,,,,,40,17,,,,,39.5,0.0
2,130300,VOLCANIC_ROCK_VOUCHER_10250,38.0,16.0,,,,,39,16,,,,,38.5,0.0
2,130400,VOLCANIC_ROCK_VOUCHER_10250,39.0,6.0,,,,,40,18,,,,,39.5,0.0
2,130500,VOLCANIC_ROCK_VOUCHER_10250,39.0,5.0,,,,,40,18,,,,,39.5,0.0
2,130600,VOLCANIC_ROCK_VOUCHER_10250,38.0,18.0,,,,,39,18,,,,,38.5,0.0
2,130700,VOLCANIC_ROCK_VOUCHER_10250,38.0,14.0,,,,,39,14,,,,,38.5,0.0
2,130800,VOLCANIC_ROCK_VOUCHER_10250,38.0,18.0,,,,,39,18,,,,,38.5,0.0
2,130900,VOLCANIC_ROCK_VOUCHER_10250,38.0,34.0,,,,,39,20,,,,,38.5,0.0
2,131000,VOLCANIC_ROCK_VOUCHER_10250,38.0,16.0,,,,,39,16,,,,,38.5,0.0
2,131100,VOLCANIC_ROCK_VOUCHER_10250,38.0,21.0,,,,,39,21,,,,,38.5,0.0
2,131200,VOLCANIC_ROCK_VOUCHER_10250,38.0,12.0,,,,,39,12,,,,,38.5,0.0
2,131300,VOLCANIC_ROCK_VOUCHER_10250,38.0,13.0,,,,,39,13,,,,,38.5,0.0
2,131400,VOLCANIC_ROCK_VOUCHER_10250,38.0,20.0,,,,,39,20,,,,,38.5,0.0
2,131500,VOLCANIC_ROCK_VOUCHER_10250,38.0,17.0,,,,,39,17,,,,,38.5,0.0
2,131600,VOLCANIC_ROCK_VOUCHER_10250,38.0,16.0,,,,,39,16,,,,,38.5,0.0
2,131700,VOLCANIC_ROCK_VOUCHER_10250,38.0,19.0,,,,,39,19,,,,,38.5,0.0
2,131800,VOLCANIC_ROCK_VOUCHER_10250,38.0,24.0,,,,,39,11,,,,,38.5,0.0
2,131900,VOLCANIC_ROCK_VOUCHER_10250,,,,,,,38,9,39.0,11.0,,,38.0,0.0
2,132000,VOLCANIC_ROCK_VOUCHER_10250,38.0,9.0,,,,,39,14,,,,,38.5,0.0
2,132100,VOLCANIC_ROCK_VOUCHER_10250,38.0,16.0,,,,,39,16,,,,,38.5,0.0
2,132200,VOLCANIC_ROCK_VOUCHER_10250,38.0,22.0,,,,,39,22,,,,,38.5,0.0
2,132300,VOLCANIC_ROCK_VOUCHER_10250,38.0,14.0,,,,,39,14,,,,,38.5,0.0
2,132400,VOLCANIC_ROCK_VOUCHER_10250,37.0,18.0,,,,,38,18,,,,,37.5,0.0
2,132500,VOLCANIC_ROCK_VOUCHER_10250,37.0,19.0,,,,,38,19,,,,,37.5,0.0
2,132600,VOLCANIC_ROCK_VOUCHER_10250,37.0,17.0,,,,,38,17,,,,,37.5,0.0
2,132700,VOLCANIC_ROCK_VOUCHER_10250,38.0,17.0,,,,,39,17,,,,,38.5,0.0
2,132800,VOLCANIC_ROCK_VOUCHER_10250,38.0,16.0,,,,,39,16,,,,,38.5,0.0
2,132900,VOLCANIC_ROCK_VOUCHER_10250,38.0,16.0,,,,,39,16,,,,,38.5,0.0
2,133000,VOLCANIC_ROCK_VOUCHER_10250,38.0,21.0,,,,,39,21,,,,,38.5,0.0
2,133100,VOLCANIC_ROCK_VOUCHER_10250,37.0,21.0,,,,,38,21,,,,,37.5,0.0
2,133200,VOLCANIC_ROCK_VOUCHER_10250,,,,,,,38,2,39.0,14.0,,,38.0,0.0
2,133300,VOLCANIC_ROCK_VOUCHER_10250,38.0,17.0,,,,,39,17,,,,,38.5,0.0
2,133400,VOLCANIC_ROCK_VOUCHER_10250,38.0,10.0,,,,,39,10,,,,,38.5,0.0
2,133500,VOLCANIC_ROCK_VOUCHER_10250,39.0,19.0,,,,,40,19,,,,,39.5,0.0
2,133600,VOLCANIC_ROCK_VOUCHER_10250,41.0,13.0,,,,,42,13,,,,,41.5,0.0
2,133700,VOLCANIC_ROCK_VOUCHER_10250,42.0,10.0,,,,,43,10,,,,,42.5,0.0
2,133800,VOLCANIC_ROCK_VOUCHER_10250,43.0,16.0,,,,,44,16,,,,,43.5,0.0
2,133900,VOLCANIC_ROCK_VOUCHER_10250,43.0,13.0,,,,,44,13,,,,,43.5,0.0
2,134000,VOLCANIC_ROCK_VOUCHER_10250,44.0,17.0,,,,,45,17,,,,,44.5,0.0
2,134100,VOLCANIC_ROCK_VOUCHER_10250,43.0,34.0,,,,,44,15,,,,,43.5,0.0
2,134200,VOLCANIC_ROCK_VOUCHER_10250,43.0,0.0,,,,,44,15,,,,,43.5,0.0
2,134300,VOLCANIC_ROCK_VOUCHER_10250,42.0,16.0,,,,,43,16,,,,,42.5,0.0
2,134400,VOLCANIC_ROCK_VOUCHER_10250,43.0,19.0,,,,,44,19,,,,,43.5,0.0
2,134500,VOLCANIC_ROCK_VOUCHER_10250,43.0,15.0,,,,,44,15,,,,,43.5,0.0
2,134600,VOLCANIC_ROCK_VOUCHER_10250,43.0,20.0,,,,,44,20,,,,,43.5,0.0
2,134700,VOLCANIC_ROCK_VOUCHER_10250,43.0,19.0,,,,,44,19,,,,,43.5,0.0
2,134800,VOLCANIC_ROCK_VOUCHER_10250,43.0,18.0,,,,,44,18,,,,,43.5,0.0
2,134900,VOLCANIC_ROCK_VOUCHER_10250,44.0,15.0,,,,,45,15,,,,,44.5,0.0
2,135000,VOLCANIC_ROCK_VOUCHER_10250,42.0,9.0,,,,,43,20,,,,,42.5,0.0
2,135100,VOLCANIC_ROCK_VOUCHER_10250,43.0,16.0,,,,,44,16,,,,,43.5,0.0
2,135200,VOLCANIC_ROCK_VOUCHER_10250,42.0,11.0,,,,,43,11,,,,,42.5,0.0
2,135300,VOLCANIC_ROCK_VOUCHER_10250,43.0,22.0,,,,,44,22,,,,,43.5,0.0
2,135400,VOLCANIC_ROCK_VOUCHER_10250,42.0,22.0,,,,,43,22,,,,,42.5,0.0
2,135500,VOLCANIC_ROCK_VOUCHER_10250,41.0,17.0,,,,,42,17,,,,,41.5,0.0
2,135600,VOLCANIC_ROCK_VOUCHER_10250,42.0,11.0,,,,,43,11,,,,,42.5,0.0
2,135700,VOLCANIC_ROCK_VOUCHER_10250,42.0,17.0,,,,,43,17,,,,,42.5,0.0
2,135800,VOLCANIC_ROCK_VOUCHER_10250,42.0,17.0,,,,,43,17,,,,,42.5,0.0
2,135900,VOLCANIC_ROCK_VOUCHER_10250,42.0,21.0,,,,,43,21,,,,,42.5,0.0
2,136000,VOLCANIC_ROCK_VOUCHER_10250,42.0,19.0,,,,,43,19,,,,,42.5,0.0
2,136100,VOLCANIC_ROCK_VOUCHER_10250,41.0,14.0,,,,,42,14,,,,,41.5,0.0
2,136200,VOLCANIC_ROCK_VOUCHER_10250,41.0,18.0,,,,,42,18,,,,,41.5,0.0
2,136300,VOLCANIC_ROCK_VOUCHER_10250,39.0,20.0,,,,,40,20,,,,,39.5,0.0
2,136400,VOLCANIC_ROCK_VOUCHER_10250,40.0,18.0,,,,,41,18,,,,,40.5,0.0
2,136500,VOLCANIC_ROCK_VOUCHER_10250,40.0,12.0,,,,,41,12,,,,,40.5,0.0
2,136600,VOLCANIC_ROCK_VOUCHER_10250,40.0,21.0,,,,,41,21,,,,,40.5,0.0
2,136700,VOLCANIC_ROCK_VOUCHER_10250,,,,,,,41,1,42.0,17.0,,,41.0,0.0
2,136800,VOLCANIC_ROCK_VOUCHER_10250,41.0,28.0,,,,,42,14,,,,,41.5,0.0
2,136900,VOLCANIC_ROCK_VOUCHER_10250,41.0,17.0,,,,,42,17,,,,,41.5,0.0
2,137000,VOLCANIC_ROCK_VOUCHER_10250,40.0,19.0,,,,,41,19,,,,,40.5,0.0
2,137100,VOLCANIC_ROCK_VOUCHER_10250,40.0,10.0,,,,,41,10,,,,,40.5,0.0
2,137200,VOLCANIC_ROCK_VOUCHER_10250,41.0,21.0,,,,,42,21,,,,,41.5,0.0
2,137300,VOLCANIC_ROCK_VOUCHER_10250,42.0,12.0,,,,,43,12,,,,,42.5,0.0
2,137400,VOLCANIC_ROCK_VOUCHER_10250,43.0,11.0,,,,,44,11,,,,,43.5,0.0
2,137500,VOLCANIC_ROCK_VOUCHER_10250,42.0,14.0,,,,,43,14,,,,,42.5,0.0
2,137600,VOLCANIC_ROCK_VOUCHER_10250,43.0,12.0,,,,,44,12,,,,,43.5,0.0
2,137700,VOLCANIC_ROCK_VOUCHER_10250,43.0,20.0,,,,,44,20,,,,,43.5,0.0
2,137800,VOLCANIC_ROCK_VOUCHER_10250,43.0,19.0,,,,,44,19,,,,,43.5,0.0
2,137900,VOLCANIC_ROCK_VOUCHER_10250,43.0,21.0,,,,,44,21,,,,,43.5,0.0
2,138000,VOLCANIC_ROCK_VOUCHER_10250,42.0,20.0,,,,,43,20,,,,,42.5,0.0
2,138100,VOLCANIC_ROCK_VOUCHER_10250,42.0,19.0,,,,,43,19,,,,,42.5,0.0
2,138200,VOLCANIC_ROCK_VOUCHER_10250,43.0,16.0,,,,,44,16,,,,,43.5,0.0
2,138300,VOLCANIC_ROCK_VOUCHER_10250,42.0,13.0,,,,,43,13,,,,,42.5,0.0
2,138400,VOLCANIC_ROCK_VOUCHER_10250,41.0,19.0,,,,,42,19,,,,,41.5,0.0
2,138500,VOLCANIC_ROCK_VOUCHER_10250,43.0,18.0,,,,,44,18,,,,,43.5,0.0
2,138600,VOLCANIC_ROCK_VOUCHER_10250,42.0,21.0,,,,,43,21,,,,,42.5,0.0
2,138700,VOLCANIC_ROCK_VOUCHER_10250,43.0,13.0,,,,,44,13,,,,,43.5,0.0
2,138800,VOLCANIC_ROCK_VOUCHER_10250,43.0,17.0,,,,,44,17,,,,,43.5,0.0
2,138900,VOLCANIC_ROCK_VOUCHER_10250,43.0,19.0,,,,,44,19,,,,,43.5,0.0
2,139000,VOLCANIC_ROCK_VOUCHER_10250,43.0,13.0,,,,,44,13,,,,,43.5,0.0
2,139100,VOLCANIC_ROCK_VOUCHER_10250,43.0,14.0,,,,,44,14,,,,,43.5,0.0
2,139200,VOLCANIC_ROCK_VOUCHER_10250,43.0,17.0,,,,,44,17,,,,,43.5,0.0
2,139300,VOLCANIC_ROCK_VOUCHER_10250,42.0,13.0,,,,,43,13,,,,,42.5,0.0
2,139400,VOLCANIC_ROCK_VOUCHER_10250,43.0,13.0,,,,,44,13,,,,,43.5,0.0
2,139500,VOLCANIC_ROCK_VOUCHER_10250,43.0,16.0,,,,,44,16,,,,,43.5,0.0
2,139600,VOLCANIC_ROCK_VOUCHER_10250,42.0,16.0,,,,,43,16,,,,,42.5,0.0
2,139700,VOLCANIC_ROCK_VOUCHER_10250,,,,,,,43,5,44.0,13.0,,,43.0,0.0
2,139800,VOLCANIC_ROCK_VOUCHER_10250,43.0,11.0,,,,,44,11,,,,,43.5,0.0
2,139900,VOLCANIC_ROCK_VOUCHER_10250,42.0,13.0,,,,,43,13,,,,,42.5,0.0
2,140000,VOLCANIC_ROCK_VOUCHER_10250,42.0,15.0,,,,,43,15,,,,,42.5,0.0
2,140100,VOLCANIC_ROCK_VOUCHER_10250,,,,,,,43,4,44.0,10.0,,,43.0,0.0
2,140200,VOLCANIC_ROCK_VOUCHER_10250,44.0,17.0,,,,,45,17,,,,,44.5,0.0
2,140300,VOLCANIC_ROCK_VOUCHER_10250,44.0,20.0,,,,,45,20,,,,,44.5,0.0
2,140400,VOLCANIC_ROCK_VOUCHER_10250,44.0,12.0,,,,,45,12,,,,,44.5,0.0
2,140500,VOLCANIC_ROCK_VOUCHER_10250,44.0,14.0,,,,,45,14,,,,,44.5,0.0
2,140600,VOLCANIC_ROCK_VOUCHER_10250,43.0,12.0,,,,,44,12,,,,,43.5,0.0
2,140700,VOLCANIC_ROCK_VOUCHER_10250,44.0,18.0,,,,,45,18,,,,,44.5,0.0
2,140800,VOLCANIC_ROCK_VOUCHER_10250,45.0,17.0,,,,,46,17,,,,,45.5,0.0
2,140900,VOLCANIC_ROCK_VOUCHER_10250,46.0,21.0,,,,,47,21,,,,,46.5,0.0
2,141000,VOLCANIC_ROCK_VOUCHER_10250,46.0,18.0,,,,,47,18,,,,,46.5,0.0
2,141100,VOLCANIC_ROCK_VOUCHER_10250,47.0,14.0,,,,,48,14,,,,,47.5,0.0
2,141200,VOLCANIC_ROCK_VOUCHER_10250,46.0,14.0,,,,,47,14,,,,,46.5,0.0
2,141300,VOLCANIC_ROCK_VOUCHER_10250,46.0,19.0,,,,,47,19,,,,,46.5,0.0
2,141400,VOLCANIC_ROCK_VOUCHER_10250,45.0,19.0,,,,,46,19,,,,,45.5,0.0
2,141500,VOLCANIC_ROCK_VOUCHER_10250,46.0,15.0,,,,,47,15,,,,,46.5,0.0
2,141600,VOLCANIC_ROCK_VOUCHER_10250,46.0,19.0,,,,,47,19,,,,,46.5,0.0
2,141700,VOLCANIC_ROCK_VOUCHER_10250,46.0,29.0,,,,,47,14,,,,,46.5,0.0
2,141800,VOLCANIC_ROCK_VOUCHER_10250,45.0,10.0,,,,,46,10,,,,,45.5,0.0
2,141900,VOLCANIC_ROCK_VOUCHER_10250,46.0,16.0,,,,,47,16,,,,,46.5,0.0
2,142000,VOLCANIC_ROCK_VOUCHER_10250,46.0,17.0,,,,,47,17,,,,,46.5,0.0
2,142100,VOLCANIC_ROCK_VOUCHER_10250,46.0,18.0,,,,,47,18,,,,,46.5,0.0
2,142200,VOLCANIC_ROCK_VOUCHER_10250,47.0,20.0,,,,,48,20,,,,,47.5,0.0
2,142300,VOLCANIC_ROCK_VOUCHER_10250,47.0,14.0,,,,,48,14,,,,,47.5,0.0
2,142400,VOLCANIC_ROCK_VOUCHER_10250,46.0,18.0,,,,,47,18,,,,,46.5,0.0
2,142500,VOLCANIC_ROCK_VOUCHER_10250,46.0,35.0,,,,,47,17,,,,,46.5,0.0
2,142600,VOLCANIC_ROCK_VOUCHER_10250,47.0,19.0,,,,,48,19,,,,,47.5,0.0
2,142700,VOLCANIC_ROCK_VOUCHER_10250,46.0,15.0,,,,,47,15,,,,,46.5,0.0
2,142800,VOLCANIC_ROCK_VOUCHER_10250,46.0,12.0,,,,,47,12,,,,,46.5,0.0
2,142900,VOLCANIC_ROCK_VOUCHER_10250,46.0,14.0,,,,,47,14,,,,,46.5,0.0
2,143000,VOLCANIC_ROCK_VOUCHER_10250,47.0,14.0,,,,,48,14,,,,,47.5,0.0
2,143100,VOLCANIC_ROCK_VOUCHER_10250,47.0,12.0,,,,,48,12,,,,,47.5,0.0
2,143200,VOLCANIC_ROCK_VOUCHER_10250,47.0,14.0,,,,,48,14,,,,,47.5,0.0
2,143300,VOLCANIC_ROCK_VOUCHER_10250,47.0,18.0,,,,,48,18,,,,,47.5,0.0
2,143400,VOLCANIC_ROCK_VOUCHER_10250,47.0,13.0,,,,,48,13,,,,,47.5,0.0
2,143500,VOLCANIC_ROCK_VOUCHER_10250,47.0,12.0,,,,,48,12,,,,,47.5,0.0
2,143600,VOLCANIC_ROCK_VOUCHER_10250,47.0,8.0,,,,,48,13,,,,,47.5,0.0
2,143700,VOLCANIC_ROCK_VOUCHER_10250,47.0,15.0,,,,,48,15,,,,,47.5,0.0
2,143800,VOLCANIC_ROCK_VOUCHER_10250,46.0,13.0,,,,,47,13,,,,,46.5,0.0
2,143900,VOLCANIC_ROCK_VOUCHER_10250,46.0,3.0,,,,,47,14,,,,,46.5,0.0
2,144000,VOLCANIC_ROCK_VOUCHER_10250,46.0,17.0,,,,,47,17,,,,,46.5,0.0
2,144100,VOLCANIC_ROCK_VOUCHER_10250,46.0,18.0,,,,,47,18,,,,,46.5,0.0
