day,timestamp,product,bid_price_1,bid_volume_1,bid_price_2,bid_volume_2,bid_price_3,bid_volume_3,ask_price_1,ask_volume_1,ask_price_2,ask_volume_2,ask_price_3,ask_volume_3,mid_price,profit_and_loss
0,0,VOLCANIC_ROCK_VOUCHER_10500,99.0,19.0,,,,,100,19,,,,,99.5,0.0
0,100,VOLCANIC_ROCK_VOUCHER_10500,102.0,13.0,,,,,103,13,,,,,102.5,0.0
0,200,VOLCANIC_ROCK_VOUCHER_10500,104.0,15.0,,,,,105,15,,,,,104.5,0.0
0,300,VOLCANIC_ROCK_VOUCHER_10500,106.0,13.0,,,,,107,13,,,,,106.5,0.0
0,400,VOLCANIC_ROCK_VOUCHER_10500,102.0,15.0,,,,,103,15,,,,,102.5,0.0
0,500,VOLCANIC_ROCK_VOUCHER_10500,100.0,18.0,,,,,101,18,,,,,100.5,0.0
0,600,VOLCANIC_ROCK_VOUCHER_10500,99.0,15.0,,,,,100,15,,,,,99.5,0.0
0,700,VOLCANIC_ROCK_VOUCHER_10500,98.0,16.0,,,,,99,16,,,,,98.5,0.0
0,800,VOLCANIC_ROCK_VOUCHER_10500,96.0,10.0,,,,,97,10,,,,,96.5,0.0
0,900,VOLCANIC_ROCK_VOUCHER_10500,95.0,22.0,,,,,96,22,,,,,95.5,0.0
0,1000,VOLCANIC_ROCK_VOUCHER_10500,96.0,18.0,,,,,97,18,,,,,96.5,0.0
0,1100,VOLCANIC_ROCK_VOUCHER_10500,97.0,18.0,,,,,98,18,,,,,97.5,0.0
0,1200,VOLCANIC_ROCK_VOUCHER_10500,99.0,15.0,,,,,100,15,,,,,99.5,0.0
0,1300,VOLCANIC_ROCK_VOUCHER_10500,102.0,15.0,,,,,103,15,,,,,102.5,0.0
0,1400,VOLCANIC_ROCK_VOUCHER_10500,102.0,17.0,,,,,103,17,,,,,102.5,0.0
0,1500,VOLCANIC_ROCK_VOUCHER_10500,99.0,20.0,,,,,100,20,,,,,99.5,0.0
0,1600,VOLCANIC_ROCK_VOUCHER_10500,99.0,11.0,,,,,100,11,,,,,99.5,0.0
0,1700,VOLCANIC_ROCK_VOUCHER_10500,96.0,20.0,,,,,97,20,,,,,96.5,0.0
0,1800,VOLCANIC_ROCK_VOUCHER_10500,96.0,14.0,,,,,97,14,,,,,96.5,0.0
0,1900,VOLCANIC_ROCK_VOUCHER_10500,93.0,19.0,,,,,94,19,,,,,93.5,0.0
0,2000,VOLCANIC_ROCK_VOUCHER_10500,93.0,2.0,,,,,94,15,,,,,93.5,0.0
0,2100,VOLCANIC_ROCK_VOUCHER_10500,91.0,13.0,,,,,92,13,,,,,91.5,0.0
0,2200,VOLCANIC_ROCK_VOUCHER_10500,90.0,17.0,,,,,91,17,,,,,90.5,0.0
0,2300,VOLCANIC_ROCK_VOUCHER_10500,93.0,20.0,,,,,94,20,,,,,93.5,0.0
0,2400,VOLCANIC_ROCK_VOUCHER_10500,90.0,15.0,,,,,91,15,,,,,90.5,0.0
0,2500,VOLCANIC_ROCK_VOUCHER_10500,88.0,16.0,,,,,89,16,,,,,88.5,0.0
0,2600,VOLCANIC_ROCK_VOUCHER_10500,85.0,5.0,,,,,86,15,,,,,85.5,0.0
0,2700,VOLCANIC_ROCK_VOUCHER_10500,80.0,18.0,,,,,82,18,,,,,81.0,0.0
0,2800,VOLCANIC_ROCK_VOUCHER_10500,84.0,20.0,,,,,85,20,,,,,84.5,0.0
0,2900,VOLCANIC_ROCK_VOUCHER_10500,84.0,20.0,,,,,85,20,,,,,84.5,0.0
0,3000,VOLCANIC_ROCK_VOUCHER_10500,87.0,15.0,,,,,88,15,,,,,87.5,0.0
0,3100,VOLCANIC_ROCK_VOUCHER_10500,85.0,18.0,,,,,86,21,,,,,85.5,0.0
0,3200,VOLCANIC_ROCK_VOUCHER_10500,87.0,14.0,,,,,88,14,,,,,87.5,0.0
0,3300,VOLCANIC_ROCK_VOUCHER_10500,87.0,12.0,,,,,88,12,,,,,87.5,0.0
0,3400,VOLCANIC_ROCK_VOUCHER_10500,87.0,12.0,,,,,88,12,,,,,87.5,0.0
0,3500,VOLCANIC_ROCK_VOUCHER_10500,92.0,12.0,,,,,93,12,,,,,92.5,0.0
0,3600,VOLCANIC_ROCK_VOUCHER_10500,89.0,16.0,,,,,90,16,,,,,89.5,0.0
0,3700,VOLCANIC_ROCK_VOUCHER_10500,89.0,12.0,,,,,90,12,,,,,89.5,0.0
0,3800,VOLCANIC_ROCK_VOUCHER_10500,89.0,12.0,,,,,90,12,,,,,89.5,0.0
0,3900,VOLCANIC_ROCK_VOUCHER_10500,88.0,10.0,,,,,89,10,,,,,88.5,0.0
0,4000,VOLCANIC_ROCK_VOUCHER_10500,86.0,15.0,,,,,87,15,,,,,86.5,0.0
0,4100,VOLCANIC_ROCK_VOUCHER_10500,84.0,20.0,,,,,85,20,,,,,84.5,0.0
0,4200,VOLCANIC_ROCK_VOUCHER_10500,,,,,,,81,4,82.0,14.0,,,81.0,0.0
0,4300,VOLCANIC_ROCK_VOUCHER_10500,81.0,12.0,,,,,82,12,,,,,81.5,0.0
0,4400,VOLCANIC_ROCK_VOUCHER_10500,78.0,19.0,,,,,79,19,,,,,78.5,0.0
0,4500,VOLCANIC_ROCK_VOUCHER_10500,77.0,10.0,,,,,78,10,,,,,77.5,0.0
0,4600,VOLCANIC_ROCK_VOUCHER_10500,75.0,13.0,,,,,76,13,,,,,75.5,0.0
0,4700,VOLCANIC_ROCK_VOUCHER_10500,77.0,19.0,,,,,78,19,,,,,77.5,0.0
0,4800,VOLCANIC_ROCK_VOUCHER_10500,80.0,16.0,,,,,81,16,,,,,80.5,0.0
0,4900,VOLCANIC_ROCK_VOUCHER_10500,80.0,10.0,,,,,81,10,,,,,80.5,0.0
0,5000,VOLCANIC_ROCK_VOUCHER_10500,79.0,12.0,,,,,80,12,,,,,79.5,0.0
0,5100,VOLCANIC_ROCK_VOUCHER_10500,75.0,15.0,,,,,76,15,,,,,75.5,0.0
0,5200,VOLCANIC_ROCK_VOUCHER_10500,76.0,5.0,,,,,77,17,,,,,76.5,0.0
0,5300,VOLCANIC_ROCK_VOUCHER_10500,74.0,14.0,,,,,75,14,,,,,74.5,0.0
0,5400,VOLCANIC_ROCK_VOUCHER_10500,74.0,20.0,,,,,75,20,,,,,74.5,0.0
0,5500,VOLCANIC_ROCK_VOUCHER_10500,70.0,20.0,,,,,71,20,,,,,70.5,0.0
0,5600,VOLCANIC_ROCK_VOUCHER_10500,72.0,13.0,,,,,73,13,,,,,72.5,0.0
0,5700,VOLCANIC_ROCK_VOUCHER_10500,71.0,14.0,,,,,72,14,,,,,71.5,0.0
0,5800,VOLCANIC_ROCK_VOUCHER_10500,70.0,12.0,,,,,71,12,,,,,70.5,0.0
0,5900,VOLCANIC_ROCK_VOUCHER_10500,66.0,17.0,,,,,67,17,,,,,66.5,0.0
0,6000,VOLCANIC_ROCK_VOUCHER_10500,72.0,13.0,,,,,73,13,,,,,72.5,0.0
0,6100,VOLCANIC_ROCK_VOUCHER_10500,70.0,12.0,,,,,71,12,,,,,70.5,0.0
0,6200,VOLCANIC_ROCK_VOUCHER_10500,72.0,14.0,,,,,73,14,,,,,72.5,0.0
0,6300,VOLCANIC_ROCK_VOUCHER_10500,70.0,25.0,,,,,71,18,,,,,70.5,0.0
0,6400,VOLCANIC_ROCK_VOUCHER_10500,71.0,3.0,,,,,72,16,,,,,71.5,0.0
0,6500,VOLCANIC_ROCK_VOUCHER_10500,71.0,20.0,,,,,72,20,,,,,71.5,0.0
0,6600,VOLCANIC_ROCK_VOUCHER_10500,70.0,15.0,,,,,71,15,,,,,70.5,0.0
0,6700,VOLCANIC_ROCK_VOUCHER_10500,64.0,20.0,,,,,65,20,,,,,64.5,0.0
0,6800,VOLCANIC_ROCK_VOUCHER_10500,67.0,18.0,,,,,68,18,,,,,67.5,0.0
0,6900,VOLCANIC_ROCK_VOUCHER_10500,67.0,13.0,,,,,68,20,,,,,67.5,0.0
0,7000,VOLCANIC_ROCK_VOUCHER_10500,66.0,12.0,,,,,67,12,,,,,66.5,0.0
0,7100,VOLCANIC_ROCK_VOUCHER_10500,68.0,14.0,,,,,69,14,,,,,68.5,0.0
0,7200,VOLCANIC_ROCK_VOUCHER_10500,69.0,28.0,,,,,70,13,,,,,69.5,0.0
0,7300,VOLCANIC_ROCK_VOUCHER_10500,69.0,20.0,,,,,70,20,,,,,69.5,0.0
0,7400,VOLCANIC_ROCK_VOUCHER_10500,69.0,12.0,,,,,70,12,,,,,69.5,0.0
0,7500,VOLCANIC_ROCK_VOUCHER_10500,70.0,11.0,,,,,71,11,,,,,70.5,0.0
0,7600,VOLCANIC_ROCK_VOUCHER_10500,70.0,12.0,,,,,71,12,,,,,70.5,0.0
0,7700,VOLCANIC_ROCK_VOUCHER_10500,68.0,15.0,,,,,69,15,,,,,68.5,0.0
0,7800,VOLCANIC_ROCK_VOUCHER_10500,70.0,13.0,,,,,71,13,,,,,70.5,0.0
0,7900,VOLCANIC_ROCK_VOUCHER_10500,73.0,6.0,,,,,74,16,,,,,73.5,0.0
0,8000,VOLCANIC_ROCK_VOUCHER_10500,71.0,7.0,,,,,72,17,,,,,71.5,0.0
0,8100,VOLCANIC_ROCK_VOUCHER_10500,73.0,27.0,,,,,74,15,,,,,73.5,0.0
0,8200,VOLCANIC_ROCK_VOUCHER_10500,74.0,11.0,,,,,75,11,,,,,74.5,0.0
0,8300,VOLCANIC_ROCK_VOUCHER_10500,70.0,18.0,,,,,71,18,,,,,70.5,0.0
0,8400,VOLCANIC_ROCK_VOUCHER_10500,71.0,17.0,,,,,72,17,,,,,71.5,0.0
0,8500,VOLCANIC_ROCK_VOUCHER_10500,72.0,11.0,,,,,73,11,,,,,72.5,0.0
0,8600,VOLCANIC_ROCK_VOUCHER_10500,70.0,13.0,,,,,71,13,,,,,70.5,0.0
0,8700,VOLCANIC_ROCK_VOUCHER_10500,68.0,14.0,,,,,69,14,,,,,68.5,0.0
0,8800,VOLCANIC_ROCK_VOUCHER_10500,66.0,15.0,,,,,67,15,,,,,66.5,0.0
0,8900,VOLCANIC_ROCK_VOUCHER_10500,66.0,12.0,,,,,67,12,,,,,66.5,0.0
0,9000,VOLCANIC_ROCK_VOUCHER_10500,66.0,10.0,,,,,67,10,,,,,66.5,0.0
0,9100,VOLCANIC_ROCK_VOUCHER_10500,63.0,20.0,,,,,64,20,,,,,63.5,0.0
0,9200,VOLCANIC_ROCK_VOUCHER_10500,63.0,20.0,,,,,64,20,,,,,63.5,0.0
0,9300,VOLCANIC_ROCK_VOUCHER_10500,62.0,10.0,,,,,63,10,,,,,62.5,0.0
0,9400,VOLCANIC_ROCK_VOUCHER_10500,63.0,17.0,,,,,64,17,,,,,63.5,0.0
0,9500,VOLCANIC_ROCK_VOUCHER_10500,63.0,15.0,,,,,64,15,,,,,63.5,0.0
0,9600,VOLCANIC_ROCK_VOUCHER_10500,66.0,12.0,,,,,67,12,,,,,66.5,0.0
0,9700,VOLCANIC_ROCK_VOUCHER_10500,63.0,18.0,,,,,64,18,,,,,63.5,0.0
0,9800,VOLCANIC_ROCK_VOUCHER_10500,64.0,13.0,,,,,65,13,,,,,64.5,0.0
0,9900,VOLCANIC_ROCK_VOUCHER_10500,63.0,13.0,,,,,64,13,,,,,63.5,0.0
0,10000,VOLCANIC_ROCK_VOUCHER_10500,61.0,21.0,,,,,62,21,,,,,61.5,0.0
0,10100,VOLCANIC_ROCK_VOUCHER_10500,63.0,22.0,,,,,64,10,,,,,63.5,0.0
0,10200,VOLCANIC_ROCK_VOUCHER_10500,61.0,13.0,,,,,62,13,,,,,61.5,0.0
0,10300,VOLCANIC_ROCK_VOUCHER_10500,62.0,20.0,,,,,63,20,,,,,62.5,0.0
0,10400,VOLCANIC_ROCK_VOUCHER_10500,63.0,16.0,,,,,64,16,,,,,63.5,0.0
0,10500,VOLCANIC_ROCK_VOUCHER_10500,63.0,20.0,,,,,64,20,,,,,63.5,0.0
0,10600,VOLCANIC_ROCK_VOUCHER_10500,65.0,18.0,,,,,66,18,,,,,65.5,0.0
0,10700,VOLCANIC_ROCK_VOUCHER_10500,64.0,14.0,,,,,65,14,,,,,64.5,0.0
0,10800,VOLCANIC_ROCK_VOUCHER_10500,66.0,18.0,,,,,67,18,,,,,66.5,0.0
0,10900,VOLCANIC_ROCK_VOUCHER_10500,67.0,12.0,,,,,69,12,,,,,68.0,0.0
0,11000,VOLCANIC_ROCK_VOUCHER_10500,71.0,15.0,,,,,72,15,,,,,71.5,0.0
0,11100,VOLCANIC_ROCK_VOUCHER_10500,68.0,20.0,,,,,69,20,,,,,68.5,0.0
0,11200,VOLCANIC_ROCK_VOUCHER_10500,71.0,12.0,,,,,72,12,,,,,71.5,0.0
0,11300,VOLCANIC_ROCK_VOUCHER_10500,69.0,11.0,,,,,70,11,,,,,69.5,0.0
0,11400,VOLCANIC_ROCK_VOUCHER_10500,72.0,15.0,,,,,73,15,,,,,72.5,0.0
0,11500,VOLCANIC_ROCK_VOUCHER_10500,71.0,18.0,,,,,72,18,,,,,71.5,0.0
0,11600,VOLCANIC_ROCK_VOUCHER_10500,70.0,12.0,,,,,71,12,,,,,70.5,0.0
0,11700,VOLCANIC_ROCK_VOUCHER_10500,68.0,15.0,,,,,69,15,,,,,68.5,0.0
0,11800,VOLCANIC_ROCK_VOUCHER_10500,67.0,19.0,,,,,68,19,,,,,67.5,0.0
0,11900,VOLCANIC_ROCK_VOUCHER_10500,64.0,17.0,,,,,65,17,,,,,64.5,0.0
0,12000,VOLCANIC_ROCK_VOUCHER_10500,65.0,13.0,,,,,66,13,,,,,65.5,0.0
0,12100,VOLCANIC_ROCK_VOUCHER_10500,65.0,20.0,,,,,66,20,,,,,65.5,0.0
0,12200,VOLCANIC_ROCK_VOUCHER_10500,,,,,,,64,6,65.0,14.0,,,64.0,0.0
0,12300,VOLCANIC_ROCK_VOUCHER_10500,66.0,15.0,,,,,67,15,,,,,66.5,0.0
0,12400,VOLCANIC_ROCK_VOUCHER_10500,67.0,12.0,,,,,68,12,,,,,67.5,0.0
0,12500,VOLCANIC_ROCK_VOUCHER_10500,65.0,18.0,,,,,66,18,,,,,65.5,0.0
0,12600,VOLCANIC_ROCK_VOUCHER_10500,62.0,13.0,,,,,63,13,,,,,62.5,0.0
0,12700,VOLCANIC_ROCK_VOUCHER_10500,63.0,22.0,,,,,64,22,,,,,63.5,0.0
0,12800,VOLCANIC_ROCK_VOUCHER_10500,65.0,14.0,,,,,66,14,,,,,65.5,0.0
0,12900,VOLCANIC_ROCK_VOUCHER_10500,63.0,15.0,,,,,64,15,,,,,63.5,0.0
0,13000,VOLCANIC_ROCK_VOUCHER_10500,63.0,11.0,,,,,64,11,,,,,63.5,0.0
0,13100,VOLCANIC_ROCK_VOUCHER_10500,62.0,22.0,,,,,63,22,,,,,62.5,0.0
0,13200,VOLCANIC_ROCK_VOUCHER_10500,59.0,16.0,,,,,60,16,,,,,59.5,0.0
0,13300,VOLCANIC_ROCK_VOUCHER_10500,58.0,17.0,,,,,59,17,,,,,58.5,0.0
0,13400,VOLCANIC_ROCK_VOUCHER_10500,58.0,15.0,,,,,59,15,,,,,58.5,0.0
0,13500,VOLCANIC_ROCK_VOUCHER_10500,57.0,17.0,,,,,58,17,,,,,57.5,0.0
0,13600,VOLCANIC_ROCK_VOUCHER_10500,55.0,19.0,,,,,56,19,,,,,55.5,0.0
0,13700,VOLCANIC_ROCK_VOUCHER_10500,55.0,21.0,,,,,56,21,,,,,55.5,0.0
0,13800,VOLCANIC_ROCK_VOUCHER_10500,47.0,13.0,,,,,48,13,,,,,47.5,0.0
0,13900,VOLCANIC_ROCK_VOUCHER_10500,50.0,20.0,,,,,51,20,,,,,50.5,0.0
0,14000,VOLCANIC_ROCK_VOUCHER_10500,46.0,14.0,,,,,47,14,,,,,46.5,0.0
0,14100,VOLCANIC_ROCK_VOUCHER_10500,51.0,22.0,,,,,52,22,,,,,51.5,0.0
0,14200,VOLCANIC_ROCK_VOUCHER_10500,55.0,12.0,,,,,56,12,,,,,55.5,0.0
0,14300,VOLCANIC_ROCK_VOUCHER_10500,51.0,22.0,,,,,52,22,,,,,51.5,0.0
0,14400,VOLCANIC_ROCK_VOUCHER_10500,54.0,17.0,,,,,55,17,,,,,54.5,0.0
0,14500,VOLCANIC_ROCK_VOUCHER_10500,55.0,22.0,,,,,56,15,,,,,55.5,0.0
0,14600,VOLCANIC_ROCK_VOUCHER_10500,54.0,31.0,,,,,55,11,,,,,54.5,0.0
0,14700,VOLCANIC_ROCK_VOUCHER_10500,59.0,13.0,,,,,60,13,,,,,59.5,0.0
0,14800,VOLCANIC_ROCK_VOUCHER_10500,56.0,35.0,,,,,57,16,,,,,56.5,0.0
0,14900,VOLCANIC_ROCK_VOUCHER_10500,58.0,17.0,,,,,59,17,,,,,58.5,0.0
0,15000,VOLCANIC_ROCK_VOUCHER_10500,62.0,14.0,,,,,63,14,,,,,62.5,0.0
0,15100,VOLCANIC_ROCK_VOUCHER_10500,63.0,28.0,,,,,64,15,,,,,63.5,0.0
0,15200,VOLCANIC_ROCK_VOUCHER_10500,65.0,13.0,,,,,66,13,,,,,65.5,0.0
0,15300,VOLCANIC_ROCK_VOUCHER_10500,67.0,16.0,,,,,68,16,,,,,67.5,0.0
0,15400,VOLCANIC_ROCK_VOUCHER_10500,67.0,35.0,,,,,68,22,,,,,67.5,0.0
0,15500,VOLCANIC_ROCK_VOUCHER_10500,68.0,15.0,,,,,69,15,,,,,68.5,0.0
0,15600,VOLCANIC_ROCK_VOUCHER_10500,69.0,19.0,,,,,70,19,,,,,69.5,0.0
0,15700,VOLCANIC_ROCK_VOUCHER_10500,70.0,14.0,,,,,71,14,,,,,70.5,0.0
0,15800,VOLCANIC_ROCK_VOUCHER_10500,,,,,,,75,6,76.0,12.0,,,75.0,0.0
0,15900,VOLCANIC_ROCK_VOUCHER_10500,80.0,20.0,,,,,81,20,,,,,80.5,0.0
0,16000,VOLCANIC_ROCK_VOUCHER_10500,77.0,18.0,,,,,78,18,,,,,77.5,0.0
0,16100,VOLCANIC_ROCK_VOUCHER_10500,75.0,15.0,,,,,76,15,,,,,75.5,0.0
0,16200,VOLCANIC_ROCK_VOUCHER_10500,81.0,10.0,,,,,82,10,,,,,81.5,0.0
0,16300,VOLCANIC_ROCK_VOUCHER_10500,79.0,18.0,,,,,80,18,,,,,79.5,0.0
0,16400,VOLCANIC_ROCK_VOUCHER_10500,78.0,16.0,,,,,79,16,,,,,78.5,0.0
0,16500,VOLCANIC_ROCK_VOUCHER_10500,80.0,38.0,,,,,81,22,,,,,80.5,0.0
0,16600,VOLCANIC_ROCK_VOUCHER_10500,80.0,19.0,,,,,81,19,,,,,80.5,0.0
0,16700,VOLCANIC_ROCK_VOUCHER_10500,82.0,17.0,,,,,83,17,,,,,82.5,0.0
0,16800,VOLCANIC_ROCK_VOUCHER_10500,84.0,16.0,,,,,85,16,,,,,84.5,0.0
0,16900,VOLCANIC_ROCK_VOUCHER_10500,86.0,20.0,,,,,87,20,,,,,86.5,0.0
0,17000,VOLCANIC_ROCK_VOUCHER_10500,84.0,20.0,,,,,85,20,,,,,84.5,0.0
0,17100,VOLCANIC_ROCK_VOUCHER_10500,87.0,15.0,,,,,88,15,,,,,87.5,0.0
0,17200,VOLCANIC_ROCK_VOUCHER_10500,85.0,12.0,,,,,86,12,,,,,85.5,0.0
0,17300,VOLCANIC_ROCK_VOUCHER_10500,87.0,11.0,,,,,88,11,,,,,87.5,0.0
0,17400,VOLCANIC_ROCK_VOUCHER_10500,86.0,14.0,,,,,87,14,,,,,86.5,0.0
0,17500,VOLCANIC_ROCK_VOUCHER_10500,86.0,12.0,,,,,87,12,,,,,86.5,0.0
0,17600,VOLCANIC_ROCK_VOUCHER_10500,83.0,20.0,,,,,84,20,,,,,83.5,0.0
0,17700,VOLCANIC_ROCK_VOUCHER_10500,84.0,13.0,,,,,85,13,,,,,84.5,0.0
0,17800,VOLCANIC_ROCK_VOUCHER_10500,83.0,15.0,,,,,84,15,,,,,83.5,0.0
0,17900,VOLCANIC_ROCK_VOUCHER_10500,,,,,,,81,5,82.0,14.0,,,81.0,0.0
0,18000,VOLCANIC_ROCK_VOUCHER_10500,79.0,15.0,,,,,80,15,,,,,79.5,0.0
0,18100,VOLCANIC_ROCK_VOUCHER_10500,75.0,10.0,,,,,76,10,,,,,75.5,0.0
0,18200,VOLCANIC_ROCK_VOUCHER_10500,78.0,12.0,,,,,79,12,,,,,78.5,0.0
0,18300,VOLCANIC_ROCK_VOUCHER_10500,78.0,28.0,,,,,79,12,,,,,78.5,0.0
0,18400,VOLCANIC_ROCK_VOUCHER_10500,81.0,14.0,,,,,82,14,,,,,81.5,0.0
0,18500,VOLCANIC_ROCK_VOUCHER_10500,81.0,20.0,,,,,82,20,,,,,81.5,0.0
0,18600,VOLCANIC_ROCK_VOUCHER_10500,80.0,14.0,,,,,81,14,,,,,80.5,0.0
0,18700,VOLCANIC_ROCK_VOUCHER_10500,77.0,18.0,,,,,78,18,,,,,77.5,0.0
0,18800,VOLCANIC_ROCK_VOUCHER_10500,79.0,19.0,,,,,80,19,,,,,79.5,0.0
0,18900,VOLCANIC_ROCK_VOUCHER_10500,81.0,18.0,,,,,82,18,,,,,81.5,0.0
0,19000,VOLCANIC_ROCK_VOUCHER_10500,81.0,16.0,,,,,82,16,,,,,81.5,0.0
0,19100,VOLCANIC_ROCK_VOUCHER_10500,81.0,17.0,,,,,82,17,,,,,81.5,0.0
0,19200,VOLCANIC_ROCK_VOUCHER_10500,79.0,11.0,,,,,80,11,,,,,79.5,0.0
0,19300,VOLCANIC_ROCK_VOUCHER_10500,80.0,19.0,,,,,81,19,,,,,80.5,0.0
0,19400,VOLCANIC_ROCK_VOUCHER_10500,80.0,17.0,,,,,81,17,,,,,80.5,0.0
0,19500,VOLCANIC_ROCK_VOUCHER_10500,81.0,12.0,,,,,82,12,,,,,81.5,0.0
0,19600,VOLCANIC_ROCK_VOUCHER_10500,80.0,22.0,,,,,81,22,,,,,80.5,0.0
0,19700,VOLCANIC_ROCK_VOUCHER_10500,78.0,17.0,,,,,79,17,,,,,78.5,0.0
0,19800,VOLCANIC_ROCK_VOUCHER_10500,78.0,9.0,,,,,79,19,,,,,78.5,0.0
0,19900,VOLCANIC_ROCK_VOUCHER_10500,78.0,20.0,,,,,79,20,,,,,78.5,0.0
0,20000,VOLCANIC_ROCK_VOUCHER_10500,75.0,15.0,,,,,76,15,,,,,75.5,0.0
0,20100,VOLCANIC_ROCK_VOUCHER_10500,72.0,13.0,,,,,73,13,,,,,72.5,0.0
0,20200,VOLCANIC_ROCK_VOUCHER_10500,69.0,14.0,,,,,70,14,,,,,69.5,0.0
0,20300,VOLCANIC_ROCK_VOUCHER_10500,67.0,17.0,,,,,68,17,,,,,67.5,0.0
0,20400,VOLCANIC_ROCK_VOUCHER_10500,71.0,15.0,,,,,72,15,,,,,71.5,0.0
0,20500,VOLCANIC_ROCK_VOUCHER_10500,72.0,11.0,,,,,73,11,,,,,72.5,0.0
0,20600,VOLCANIC_ROCK_VOUCHER_10500,74.0,15.0,,,,,75,15,,,,,74.5,0.0
0,20700,VOLCANIC_ROCK_VOUCHER_10500,73.0,13.0,,,,,74,13,,,,,73.5,0.0
0,20800,VOLCANIC_ROCK_VOUCHER_10500,76.0,37.0,,,,,77,22,,,,,76.5,0.0
0,20900,VOLCANIC_ROCK_VOUCHER_10500,75.0,12.0,,,,,76,12,,,,,75.5,0.0
0,21000,VOLCANIC_ROCK_VOUCHER_10500,73.0,19.0,,,,,74,19,,,,,73.5,0.0
0,21100,VOLCANIC_ROCK_VOUCHER_10500,,,,,,,74,3,75.0,13.0,,,74.0,0.0
0,21200,VOLCANIC_ROCK_VOUCHER_10500,75.0,5.0,,,,,76,17,,,,,75.5,0.0
0,21300,VOLCANIC_ROCK_VOUCHER_10500,77.0,14.0,,,,,78,14,,,,,77.5,0.0
0,21400,VOLCANIC_ROCK_VOUCHER_10500,78.0,15.0,,,,,79,15,,,,,78.5,0.0
0,21500,VOLCANIC_ROCK_VOUCHER_10500,76.0,23.0,,,,,77,13,,,,,76.5,0.0
0,21600,VOLCANIC_ROCK_VOUCHER_10500,76.0,16.0,,,,,77,16,,,,,76.5,0.0
0,21700,VOLCANIC_ROCK_VOUCHER_10500,75.0,21.0,,,,,76,21,,,,,75.5,0.0
0,21800,VOLCANIC_ROCK_VOUCHER_10500,76.0,11.0,,,,,77,11,,,,,76.5,0.0
0,21900,VOLCANIC_ROCK_VOUCHER_10500,75.0,18.0,,,,,76,18,,,,,75.5,0.0
0,22000,VOLCANIC_ROCK_VOUCHER_10500,75.0,21.0,,,,,76,21,,,,,75.5,0.0
0,22100,VOLCANIC_ROCK_VOUCHER_10500,77.0,12.0,,,,,78,12,,,,,77.5,0.0
0,22200,VOLCANIC_ROCK_VOUCHER_10500,76.0,14.0,,,,,77,14,,,,,76.5,0.0
0,22300,VOLCANIC_ROCK_VOUCHER_10500,74.0,12.0,,,,,75,12,,,,,74.5,0.0
0,22400,VOLCANIC_ROCK_VOUCHER_10500,74.0,13.0,,,,,75,13,,,,,74.5,0.0
0,22500,VOLCANIC_ROCK_VOUCHER_10500,75.0,12.0,,,,,76,12,,,,,75.5,0.0
0,22600,VOLCANIC_ROCK_VOUCHER_10500,78.0,14.0,,,,,79,14,,,,,78.5,0.0
0,22700,VOLCANIC_ROCK_VOUCHER_10500,83.0,11.0,,,,,84,11,,,,,83.5,0.0
0,22800,VOLCANIC_ROCK_VOUCHER_10500,86.0,11.0,,,,,87,11,,,,,86.5,0.0
0,22900,VOLCANIC_ROCK_VOUCHER_10500,84.0,14.0,,,,,85,14,,,,,84.5,0.0
0,23000,VOLCANIC_ROCK_VOUCHER_10500,88.0,22.0,,,,,89,22,,,,,88.5,0.0
0,23100,VOLCANIC_ROCK_VOUCHER_10500,85.0,13.0,,,,,86,13,,,,,85.5,0.0
0,23200,VOLCANIC_ROCK_VOUCHER_10500,83.0,18.0,,,,,84,18,,,,,83.5,0.0
0,23300,VOLCANIC_ROCK_VOUCHER_10500,84.0,10.0,,,,,85,10,,,,,84.5,0.0
0,23400,VOLCANIC_ROCK_VOUCHER_10500,83.0,18.0,,,,,84,18,,,,,83.5,0.0
0,23500,VOLCANIC_ROCK_VOUCHER_10500,82.0,25.0,,,,,83,15,,,,,82.5,0.0
0,23600,VOLCANIC_ROCK_VOUCHER_10500,85.0,19.0,,,,,86,19,,,,,85.5,0.0
0,23700,VOLCANIC_ROCK_VOUCHER_10500,87.0,14.0,,,,,88,14,,,,,87.5,0.0
0,23800,VOLCANIC_ROCK_VOUCHER_10500,86.0,39.0,,,,,87,22,,,,,86.5,0.0
0,23900,VOLCANIC_ROCK_VOUCHER_10500,85.0,16.0,,,,,86,16,,,,,85.5,0.0
0,24000,VOLCANIC_ROCK_VOUCHER_10500,86.0,14.0,,,,,87,14,,,,,86.5,0.0
0,24100,VOLCANIC_ROCK_VOUCHER_10500,84.0,22.0,,,,,85,22,,,,,84.5,0.0
0,24200,VOLCANIC_ROCK_VOUCHER_10500,83.0,21.0,,,,,84,21,,,,,83.5,0.0
0,24300,VOLCANIC_ROCK_VOUCHER_10500,84.0,12.0,,,,,85,12,,,,,84.5,0.0
0,24400,VOLCANIC_ROCK_VOUCHER_10500,84.0,10.0,,,,,85,10,,,,,84.5,0.0
0,24500,VOLCANIC_ROCK_VOUCHER_10500,81.0,15.0,,,,,82,15,,,,,81.5,0.0
0,24600,VOLCANIC_ROCK_VOUCHER_10500,79.0,20.0,,,,,80,20,,,,,79.5,0.0
0,24700,VOLCANIC_ROCK_VOUCHER_10500,77.0,15.0,,,,,78,15,,,,,77.5,0.0
0,24800,VOLCANIC_ROCK_VOUCHER_10500,78.0,22.0,,,,,79,22,,,,,78.5,0.0
0,24900,VOLCANIC_ROCK_VOUCHER_10500,78.0,22.0,,,,,79,22,,,,,78.5,0.0
0,25000,VOLCANIC_ROCK_VOUCHER_10500,80.0,17.0,,,,,81,17,,,,,80.5,0.0
0,25100,VOLCANIC_ROCK_VOUCHER_10500,82.0,14.0,,,,,83,14,,,,,82.5,0.0
0,25200,VOLCANIC_ROCK_VOUCHER_10500,82.0,3.0,,,,,83,22,,,,,82.5,0.0
0,25300,VOLCANIC_ROCK_VOUCHER_10500,80.0,14.0,,,,,81,14,,,,,80.5,0.0
0,25400,VOLCANIC_ROCK_VOUCHER_10500,80.0,15.0,,,,,81,15,,,,,80.5,0.0
0,25500,VOLCANIC_ROCK_VOUCHER_10500,80.0,21.0,,,,,81,21,,,,,80.5,0.0
0,25600,VOLCANIC_ROCK_VOUCHER_10500,78.0,5.0,,,,,79,17,,,,,78.5,0.0
0,25700,VOLCANIC_ROCK_VOUCHER_10500,79.0,26.0,,,,,80,11,,,,,79.5,0.0
0,25800,VOLCANIC_ROCK_VOUCHER_10500,80.0,11.0,,,,,81,11,,,,,80.5,0.0
0,25900,VOLCANIC_ROCK_VOUCHER_10500,78.0,12.0,,,,,79,12,,,,,78.5,0.0
0,26000,VOLCANIC_ROCK_VOUCHER_10500,80.0,20.0,,,,,81,20,,,,,80.5,0.0
0,26100,VOLCANIC_ROCK_VOUCHER_10500,77.0,2.0,,,,,78,14,,,,,77.5,0.0
0,26200,VOLCANIC_ROCK_VOUCHER_10500,77.0,11.0,,,,,78,11,,,,,77.5,0.0
0,26300,VOLCANIC_ROCK_VOUCHER_10500,76.0,13.0,,,,,77,13,,,,,76.5,0.0
0,26400,VOLCANIC_ROCK_VOUCHER_10500,78.0,12.0,,,,,79,12,,,,,78.5,0.0
0,26500,VOLCANIC_ROCK_VOUCHER_10500,78.0,17.0,,,,,79,17,,,,,78.5,0.0
0,26600,VOLCANIC_ROCK_VOUCHER_10500,77.0,6.0,,,,,78,21,,,,,77.5,0.0
0,26700,VOLCANIC_ROCK_VOUCHER_10500,79.0,15.0,,,,,80,15,,,,,79.5,0.0
0,26800,VOLCANIC_ROCK_VOUCHER_10500,80.0,35.0,,,,,81,20,,,,,80.5,0.0
0,26900,VOLCANIC_ROCK_VOUCHER_10500,79.0,11.0,,,,,80,11,,,,,79.5,0.0
0,27000,VOLCANIC_ROCK_VOUCHER_10500,76.0,16.0,,,,,77,16,,,,,76.5,0.0
0,27100,VOLCANIC_ROCK_VOUCHER_10500,76.0,12.0,,,,,77,12,,,,,76.5,0.0
0,27200,VOLCANIC_ROCK_VOUCHER_10500,79.0,14.0,,,,,80,14,,,,,79.5,0.0
0,27300,VOLCANIC_ROCK_VOUCHER_10500,78.0,18.0,,,,,79,18,,,,,78.5,0.0
0,27400,VOLCANIC_ROCK_VOUCHER_10500,77.0,20.0,,,,,78,20,,,,,77.5,0.0
0,27500,VOLCANIC_ROCK_VOUCHER_10500,76.0,21.0,,,,,77,21,,,,,76.5,0.0
0,27600,VOLCANIC_ROCK_VOUCHER_10500,75.0,14.0,,,,,76,14,,,,,75.5,0.0
0,27700,VOLCANIC_ROCK_VOUCHER_10500,73.0,13.0,,,,,74,13,,,,,73.5,0.0
0,27800,VOLCANIC_ROCK_VOUCHER_10500,68.0,14.0,,,,,69,14,,,,,68.5,0.0
0,27900,VOLCANIC_ROCK_VOUCHER_10500,69.0,19.0,,,,,70,19,,,,,69.5,0.0
0,28000,VOLCANIC_ROCK_VOUCHER_10500,70.0,15.0,,,,,71,15,,,,,70.5,0.0
0,28100,VOLCANIC_ROCK_VOUCHER_10500,69.0,10.0,,,,,70,10,,,,,69.5,0.0
0,28200,VOLCANIC_ROCK_VOUCHER_10500,70.0,14.0,,,,,71,14,,,,,70.5,0.0
0,28300,VOLCANIC_ROCK_VOUCHER_10500,66.0,18.0,,,,,67,18,,,,,66.5,0.0
0,28400,VOLCANIC_ROCK_VOUCHER_10500,69.0,13.0,,,,,70,13,,,,,69.5,0.0
0,28500,VOLCANIC_ROCK_VOUCHER_10500,68.0,18.0,,,,,69,18,,,,,68.5,0.0
0,28600,VOLCANIC_ROCK_VOUCHER_10500,67.0,18.0,,,,,68,18,,,,,67.5,0.0
0,28700,VOLCANIC_ROCK_VOUCHER_10500,69.0,12.0,,,,,70,12,,,,,69.5,0.0
0,28800,VOLCANIC_ROCK_VOUCHER_10500,69.0,22.0,,,,,70,22,,,,,69.5,0.0
0,28900,VOLCANIC_ROCK_VOUCHER_10500,71.0,14.0,,,,,72,14,,,,,71.5,0.0
0,29000,VOLCANIC_ROCK_VOUCHER_10500,71.0,15.0,,,,,72,15,,,,,71.5,0.0
0,29100,VOLCANIC_ROCK_VOUCHER_10500,69.0,12.0,,,,,70,12,,,,,69.5,0.0
0,29200,VOLCANIC_ROCK_VOUCHER_10500,70.0,18.0,,,,,71,18,,,,,70.5,0.0
0,29300,VOLCANIC_ROCK_VOUCHER_10500,72.0,19.0,,,,,73,19,,,,,72.5,0.0
0,29400,VOLCANIC_ROCK_VOUCHER_10500,73.0,12.0,,,,,74,12,,,,,73.5,0.0
0,29500,VOLCANIC_ROCK_VOUCHER_10500,71.0,22.0,,,,,72,22,,,,,71.5,0.0
0,29600,VOLCANIC_ROCK_VOUCHER_10500,69.0,18.0,,,,,70,18,,,,,69.5,0.0
0,29700,VOLCANIC_ROCK_VOUCHER_10500,69.0,19.0,,,,,70,19,,,,,69.5,0.0
0,29800,VOLCANIC_ROCK_VOUCHER_10500,70.0,30.0,,,,,71,18,,,,,70.5,0.0
0,29900,VOLCANIC_ROCK_VOUCHER_10500,70.0,17.0,,,,,71,17,,,,,70.5,0.0
0,30000,VOLCANIC_ROCK_VOUCHER_10500,70.0,4.0,,,,,71,18,,,,,70.5,0.0
0,30100,VOLCANIC_ROCK_VOUCHER_10500,69.0,19.0,,,,,70,19,,,,,69.5,0.0
0,30200,VOLCANIC_ROCK_VOUCHER_10500,66.0,4.0,,,,,67,18,,,,,66.5,0.0
0,30300,VOLCANIC_ROCK_VOUCHER_10500,66.0,14.0,,,,,67,14,,,,,66.5,0.0
0,30400,VOLCANIC_ROCK_VOUCHER_10500,65.0,22.0,,,,,66,22,,,,,65.5,0.0
0,30500,VOLCANIC_ROCK_VOUCHER_10500,,,,,,,65,1,66.0,13.0,,,65.0,0.0
0,30600,VOLCANIC_ROCK_VOUCHER_10500,,,,,,,63,2,64.0,10.0,,,63.0,0.0
0,30700,VOLCANIC_ROCK_VOUCHER_10500,63.0,13.0,,,,,64,13,,,,,63.5,0.0
0,30800,VOLCANIC_ROCK_VOUCHER_10500,63.0,17.0,,,,,64,17,,,,,63.5,0.0
0,30900,VOLCANIC_ROCK_VOUCHER_10500,64.0,18.0,,,,,65,18,,,,,64.5,0.0
0,31000,VOLCANIC_ROCK_VOUCHER_10500,63.0,10.0,,,,,64,10,,,,,63.5,0.0
0,31100,VOLCANIC_ROCK_VOUCHER_10500,63.0,12.0,,,,,64,12,,,,,63.5,0.0
0,31200,VOLCANIC_ROCK_VOUCHER_10500,65.0,15.0,,,,,66,15,,,,,65.5,0.0
0,31300,VOLCANIC_ROCK_VOUCHER_10500,62.0,15.0,,,,,63,15,,,,,62.5,0.0
0,31400,VOLCANIC_ROCK_VOUCHER_10500,63.0,14.0,,,,,64,14,,,,,63.5,0.0
0,31500,VOLCANIC_ROCK_VOUCHER_10500,63.0,11.0,,,,,64,11,,,,,63.5,0.0
0,31600,VOLCANIC_ROCK_VOUCHER_10500,64.0,22.0,,,,,65,22,,,,,64.5,0.0
0,31700,VOLCANIC_ROCK_VOUCHER_10500,64.0,17.0,,,,,65,17,,,,,64.5,0.0
0,31800,VOLCANIC_ROCK_VOUCHER_10500,65.0,10.0,,,,,66,10,,,,,65.5,0.0
0,31900,VOLCANIC_ROCK_VOUCHER_10500,65.0,22.0,,,,,66,22,,,,,65.5,0.0
0,32000,VOLCANIC_ROCK_VOUCHER_10500,66.0,21.0,,,,,67,21,,,,,66.5,0.0
0,32100,VOLCANIC_ROCK_VOUCHER_10500,64.0,16.0,,,,,65,16,,,,,64.5,0.0
0,32200,VOLCANIC_ROCK_VOUCHER_10500,,,,,,,63,7,64.0,12.0,,,63.0,0.0
0,32300,VOLCANIC_ROCK_VOUCHER_10500,64.0,8.0,,,,,65,19,,,,,64.5,0.0
0,32400,VOLCANIC_ROCK_VOUCHER_10500,65.0,18.0,,,,,66,18,,,,,65.5,0.0
0,32500,VOLCANIC_ROCK_VOUCHER_10500,65.0,17.0,,,,,66,17,,,,,65.5,0.0
0,32600,VOLCANIC_ROCK_VOUCHER_10500,67.0,14.0,,,,,68,14,,,,,67.5,0.0
0,32700,VOLCANIC_ROCK_VOUCHER_10500,68.0,13.0,,,,,69,13,,,,,68.5,0.0
0,32800,VOLCANIC_ROCK_VOUCHER_10500,68.0,19.0,,,,,69,19,,,,,68.5,0.0
0,32900,VOLCANIC_ROCK_VOUCHER_10500,69.0,21.0,,,,,70,21,,,,,69.5,0.0
0,33000,VOLCANIC_ROCK_VOUCHER_10500,68.0,17.0,,,,,69,17,,,,,68.5,0.0
0,33100,VOLCANIC_ROCK_VOUCHER_10500,67.0,16.0,,,,,68,16,,,,,67.5,0.0
0,33200,VOLCANIC_ROCK_VOUCHER_10500,67.0,20.0,,,,,68,20,,,,,67.5,0.0
0,33300,VOLCANIC_ROCK_VOUCHER_10500,68.0,16.0,,,,,69,16,,,,,68.5,0.0
0,33400,VOLCANIC_ROCK_VOUCHER_10500,68.0,19.0,,,,,69,19,,,,,68.5,0.0
0,33500,VOLCANIC_ROCK_VOUCHER_10500,67.0,32.0,,,,,68,17,,,,,67.5,0.0
0,33600,VOLCANIC_ROCK_VOUCHER_10500,66.0,18.0,,,,,67,18,,,,,66.5,0.0
0,33700,VOLCANIC_ROCK_VOUCHER_10500,63.0,14.0,,,,,64,14,,,,,63.5,0.0
0,33800,VOLCANIC_ROCK_VOUCHER_10500,66.0,13.0,,,,,67,13,,,,,66.5,0.0
0,33900,VOLCANIC_ROCK_VOUCHER_10500,66.0,13.0,,,,,67,13,,,,,66.5,0.0
0,34000,VOLCANIC_ROCK_VOUCHER_10500,66.0,17.0,,,,,67,17,,,,,66.5,0.0
0,34100,VOLCANIC_ROCK_VOUCHER_10500,67.0,13.0,,,,,68,13,,,,,67.5,0.0
0,34200,VOLCANIC_ROCK_VOUCHER_10500,64.0,13.0,,,,,65,13,,,,,64.5,0.0
0,34300,VOLCANIC_ROCK_VOUCHER_10500,64.0,13.0,,,,,66,13,,,,,65.0,0.0
0,34400,VOLCANIC_ROCK_VOUCHER_10500,64.0,14.0,,,,,65,14,,,,,64.5,0.0
0,34500,VOLCANIC_ROCK_VOUCHER_10500,68.0,12.0,,,,,69,12,,,,,68.5,0.0
0,34600,VOLCANIC_ROCK_VOUCHER_10500,68.0,10.0,,,,,69,10,,,,,68.5,0.0
0,34700,VOLCANIC_ROCK_VOUCHER_10500,67.0,20.0,,,,,68,20,,,,,67.5,0.0
0,34800,VOLCANIC_ROCK_VOUCHER_10500,68.0,18.0,,,,,69,18,,,,,68.5,0.0
0,34900,VOLCANIC_ROCK_VOUCHER_10500,68.0,21.0,,,,,69,21,,,,,68.5,0.0
0,35000,VOLCANIC_ROCK_VOUCHER_10500,67.0,33.0,,,,,68,19,,,,,67.5,0.0
0,35100,VOLCANIC_ROCK_VOUCHER_10500,69.0,11.0,,,,,70,11,,,,,69.5,0.0
0,35200,VOLCANIC_ROCK_VOUCHER_10500,68.0,13.0,,,,,69,13,,,,,68.5,0.0
0,35300,VOLCANIC_ROCK_VOUCHER_10500,70.0,13.0,,,,,71,13,,,,,70.5,0.0
0,35400,VOLCANIC_ROCK_VOUCHER_10500,70.0,17.0,,,,,71,17,,,,,70.5,0.0
0,35500,VOLCANIC_ROCK_VOUCHER_10500,70.0,18.0,,,,,71,18,,,,,70.5,0.0
0,35600,VOLCANIC_ROCK_VOUCHER_10500,73.0,12.0,,,,,74,12,,,,,73.5,0.0
0,35700,VOLCANIC_ROCK_VOUCHER_10500,72.0,13.0,,,,,73,13,,,,,72.5,0.0
0,35800,VOLCANIC_ROCK_VOUCHER_10500,71.0,21.0,,,,,72,21,,,,,71.5,0.0
0,35900,VOLCANIC_ROCK_VOUCHER_10500,69.0,21.0,,,,,70,21,,,,,69.5,0.0
0,36000,VOLCANIC_ROCK_VOUCHER_10500,69.0,17.0,,,,,70,17,,,,,69.5,0.0
0,36100,VOLCANIC_ROCK_VOUCHER_10500,69.0,14.0,,,,,70,14,,,,,69.5,0.0
0,36200,VOLCANIC_ROCK_VOUCHER_10500,70.0,18.0,,,,,71,18,,,,,70.5,0.0
0,36300,VOLCANIC_ROCK_VOUCHER_10500,70.0,14.0,,,,,71,14,,,,,70.5,0.0
0,36400,VOLCANIC_ROCK_VOUCHER_10500,73.0,16.0,,,,,74,16,,,,,73.5,0.0
0,36500,VOLCANIC_ROCK_VOUCHER_10500,71.0,15.0,,,,,72,15,,,,,71.5,0.0
0,36600,VOLCANIC_ROCK_VOUCHER_10500,72.0,14.0,,,,,73,14,,,,,72.5,0.0
0,36700,VOLCANIC_ROCK_VOUCHER_10500,73.0,16.0,,,,,74,16,,,,,73.5,0.0
0,36800,VOLCANIC_ROCK_VOUCHER_10500,71.0,18.0,,,,,72,18,,,,,71.5,0.0
0,36900,VOLCANIC_ROCK_VOUCHER_10500,71.0,14.0,,,,,72,14,,,,,71.5,0.0
0,37000,VOLCANIC_ROCK_VOUCHER_10500,72.0,14.0,,,,,73,14,,,,,72.5,0.0
0,37100,VOLCANIC_ROCK_VOUCHER_10500,75.0,15.0,,,,,76,15,,,,,75.5,0.0
0,37200,VOLCANIC_ROCK_VOUCHER_10500,73.0,10.0,,,,,74,10,,,,,73.5,0.0
0,37300,VOLCANIC_ROCK_VOUCHER_10500,73.0,12.0,,,,,74,12,,,,,73.5,0.0
0,37400,VOLCANIC_ROCK_VOUCHER_10500,75.0,15.0,,,,,76,15,,,,,75.5,0.0
0,37500,VOLCANIC_ROCK_VOUCHER_10500,76.0,12.0,,,,,77,12,,,,,76.5,0.0
0,37600,VOLCANIC_ROCK_VOUCHER_10500,76.0,21.0,,,,,77,21,,,,,76.5,0.0
0,37700,VOLCANIC_ROCK_VOUCHER_10500,76.0,21.0,,,,,77,21,,,,,76.5,0.0
0,37800,VOLCANIC_ROCK_VOUCHER_10500,75.0,22.0,,,,,76,22,,,,,75.5,0.0
0,37900,VOLCANIC_ROCK_VOUCHER_10500,73.0,12.0,,,,,74,12,,,,,73.5,0.0
0,38000,VOLCANIC_ROCK_VOUCHER_10500,73.0,15.0,,,,,74,15,,,,,73.5,0.0
0,38100,VOLCANIC_ROCK_VOUCHER_10500,72.0,20.0,,,,,73,20,,,,,72.5,0.0
0,38200,VOLCANIC_ROCK_VOUCHER_10500,71.0,20.0,,,,,72,20,,,,,71.5,0.0
0,38300,VOLCANIC_ROCK_VOUCHER_10500,73.0,20.0,,,,,74,20,,,,,73.5,0.0
0,38400,VOLCANIC_ROCK_VOUCHER_10500,74.0,10.0,,,,,75,10,,,,,74.5,0.0
0,38500,VOLCANIC_ROCK_VOUCHER_10500,74.0,19.0,,,,,75,19,,,,,74.5,0.0
0,38600,VOLCANIC_ROCK_VOUCHER_10500,72.0,13.0,,,,,73,13,,,,,72.5,0.0
0,38700,VOLCANIC_ROCK_VOUCHER_10500,72.0,36.0,,,,,73,21,,,,,72.5,0.0
0,38800,VOLCANIC_ROCK_VOUCHER_10500,72.0,14.0,,,,,73,14,,,,,72.5,0.0
0,38900,VOLCANIC_ROCK_VOUCHER_10500,71.0,21.0,,,,,72,21,,,,,71.5,0.0
0,39000,VOLCANIC_ROCK_VOUCHER_10500,70.0,10.0,,,,,71,10,,,,,70.5,0.0
0,39100,VOLCANIC_ROCK_VOUCHER_10500,71.0,20.0,,,,,72,20,,,,,71.5,0.0
0,39200,VOLCANIC_ROCK_VOUCHER_10500,74.0,19.0,,,,,75,19,,,,,74.5,0.0
0,39300,VOLCANIC_ROCK_VOUCHER_10500,76.0,30.0,,,,,77,14,,,,,76.5,0.0
0,39400,VOLCANIC_ROCK_VOUCHER_10500,75.0,34.0,,,,,76,18,,,,,75.5,0.0
0,39500,VOLCANIC_ROCK_VOUCHER_10500,75.0,13.0,,,,,76,13,,,,,75.5,0.0
0,39600,VOLCANIC_ROCK_VOUCHER_10500,74.0,26.0,,,,,75,11,,,,,74.5,0.0
0,39700,VOLCANIC_ROCK_VOUCHER_10500,75.0,10.0,,,,,76,10,,,,,75.5,0.0
0,39800,VOLCANIC_ROCK_VOUCHER_10500,72.0,12.0,,,,,73,12,,,,,72.5,0.0
0,39900,VOLCANIC_ROCK_VOUCHER_10500,73.0,22.0,,,,,74,22,,,,,73.5,0.0
0,40000,VOLCANIC_ROCK_VOUCHER_10500,73.0,28.0,,,,,74,14,,,,,73.5,0.0
0,40100,VOLCANIC_ROCK_VOUCHER_10500,72.0,16.0,,,,,73,16,,,,,72.5,0.0
0,40200,VOLCANIC_ROCK_VOUCHER_10500,72.0,3.0,,,,,73,15,,,,,72.5,0.0
0,40300,VOLCANIC_ROCK_VOUCHER_10500,71.0,17.0,,,,,72,17,,,,,71.5,0.0
0,40400,VOLCANIC_ROCK_VOUCHER_10500,71.0,16.0,,,,,72,16,,,,,71.5,0.0
0,40500,VOLCANIC_ROCK_VOUCHER_10500,69.0,17.0,,,,,70,17,,,,,69.5,0.0
0,40600,VOLCANIC_ROCK_VOUCHER_10500,68.0,10.0,,,,,69,21,,,,,68.5,0.0
0,40700,VOLCANIC_ROCK_VOUCHER_10500,68.0,21.0,,,,,69,21,,,,,68.5,0.0
0,40800,VOLCANIC_ROCK_VOUCHER_10500,67.0,15.0,,,,,68,15,,,,,67.5,0.0
0,40900,VOLCANIC_ROCK_VOUCHER_10500,,,,,,,66,3,67.0,13.0,,,66.0,0.0
0,41000,VOLCANIC_ROCK_VOUCHER_10500,68.0,18.0,,,,,69,18,,,,,68.5,0.0
0,41100,VOLCANIC_ROCK_VOUCHER_10500,,,,,,,65,1,66.0,19.0,,,65.0,0.0
0,41200,VOLCANIC_ROCK_VOUCHER_10500,65.0,14.0,,,,,66,14,,,,,65.5,0.0
0,41300,VOLCANIC_ROCK_VOUCHER_10500,65.0,12.0,,,,,66,12,,,,,65.5,0.0
0,41400,VOLCANIC_ROCK_VOUCHER_10500,,,,,,,67,4,68.0,15.0,,,67.0,0.0
0,41500,VOLCANIC_ROCK_VOUCHER_10500,68.0,16.0,,,,,69,16,,,,,68.5,0.0
0,41600,VOLCANIC_ROCK_VOUCHER_10500,66.0,15.0,,,,,67,15,,,,,66.5,0.0
0,41700,VOLCANIC_ROCK_VOUCHER_10500,66.0,3.0,,,,,67,15,,,,,66.5,0.0
0,41800,VOLCANIC_ROCK_VOUCHER_10500,65.0,17.0,,,,,66,17,,,,,65.5,0.0
0,41900,VOLCANIC_ROCK_VOUCHER_10500,63.0,16.0,,,,,64,16,,,,,63.5,0.0
0,42000,VOLCANIC_ROCK_VOUCHER_10500,,,,,,,64,4,65.0,14.0,,,64.0,0.0
0,42100,VOLCANIC_ROCK_VOUCHER_10500,62.0,14.0,,,,,63,14,,,,,62.5,0.0
0,42200,VOLCANIC_ROCK_VOUCHER_10500,62.0,23.0,,,,,63,10,,,,,62.5,0.0
0,42300,VOLCANIC_ROCK_VOUCHER_10500,63.0,19.0,,,,,64,19,,,,,63.5,0.0
0,42400,VOLCANIC_ROCK_VOUCHER_10500,63.0,3.0,,,,,64,15,,,,,63.5,0.0
0,42500,VOLCANIC_ROCK_VOUCHER_10500,63.0,12.0,,,,,64,12,,,,,63.5,0.0
0,42600,VOLCANIC_ROCK_VOUCHER_10500,61.0,12.0,,,,,62,12,,,,,61.5,0.0
0,42700,VOLCANIC_ROCK_VOUCHER_10500,59.0,12.0,,,,,60,12,,,,,59.5,0.0
0,42800,VOLCANIC_ROCK_VOUCHER_10500,59.0,13.0,,,,,60,13,,,,,59.5,0.0
0,42900,VOLCANIC_ROCK_VOUCHER_10500,59.0,19.0,,,,,60,19,,,,,59.5,0.0
0,43000,VOLCANIC_ROCK_VOUCHER_10500,59.0,16.0,,,,,60,16,,,,,59.5,0.0
0,43100,VOLCANIC_ROCK_VOUCHER_10500,59.0,15.0,,,,,60,15,,,,,59.5,0.0
0,43200,VOLCANIC_ROCK_VOUCHER_10500,59.0,14.0,,,,,60,14,,,,,59.5,0.0
0,43300,VOLCANIC_ROCK_VOUCHER_10500,60.0,17.0,,,,,61,17,,,,,60.5,0.0
0,43400,VOLCANIC_ROCK_VOUCHER_10500,59.0,12.0,,,,,60,12,,,,,59.5,0.0
0,43500,VOLCANIC_ROCK_VOUCHER_10500,60.0,15.0,,,,,61,15,,,,,60.5,0.0
0,43600,VOLCANIC_ROCK_VOUCHER_10500,60.0,10.0,,,,,61,10,,,,,60.5,0.0
0,43700,VOLCANIC_ROCK_VOUCHER_10500,61.0,15.0,,,,,62,15,,,,,61.5,0.0
0,43800,VOLCANIC_ROCK_VOUCHER_10500,60.0,18.0,,,,,61,18,,,,,60.5,0.0
0,43900,VOLCANIC_ROCK_VOUCHER_10500,61.0,14.0,,,,,62,14,,,,,61.5,0.0
0,44000,VOLCANIC_ROCK_VOUCHER_10500,63.0,16.0,,,,,64,16,,,,,63.5,0.0
0,44100,VOLCANIC_ROCK_VOUCHER_10500,61.0,22.0,,,,,62,22,,,,,61.5,0.0
0,44200,VOLCANIC_ROCK_VOUCHER_10500,58.0,13.0,,,,,59,13,,,,,58.5,0.0
0,44300,VOLCANIC_ROCK_VOUCHER_10500,60.0,11.0,,,,,61,11,,,,,60.5,0.0
0,44400,VOLCANIC_ROCK_VOUCHER_10500,61.0,20.0,,,,,62,20,,,,,61.5,0.0
0,44500,VOLCANIC_ROCK_VOUCHER_10500,63.0,12.0,,,,,64,12,,,,,63.5,0.0
0,44600,VOLCANIC_ROCK_VOUCHER_10500,63.0,12.0,,,,,64,12,,,,,63.5,0.0
0,44700,VOLCANIC_ROCK_VOUCHER_10500,61.0,21.0,,,,,62,21,,,,,61.5,0.0
0,44800,VOLCANIC_ROCK_VOUCHER_10500,61.0,18.0,,,,,62,18,,,,,61.5,0.0
0,44900,VOLCANIC_ROCK_VOUCHER_10500,61.0,14.0,,,,,62,14,,,,,61.5,0.0
0,45000,VOLCANIC_ROCK_VOUCHER_10500,60.0,19.0,,,,,61,19,,,,,60.5,0.0
0,45100,VOLCANIC_ROCK_VOUCHER_10500,60.0,22.0,,,,,61,22,,,,,60.5,0.0
0,45200,VOLCANIC_ROCK_VOUCHER_10500,62.0,19.0,,,,,63,19,,,,,62.5,0.0
0,45300,VOLCANIC_ROCK_VOUCHER_10500,62.0,11.0,,,,,63,11,,,,,62.5,0.0
0,45400,VOLCANIC_ROCK_VOUCHER_10500,60.0,21.0,,,,,61,21,,,,,60.5,0.0
0,45500,VOLCANIC_ROCK_VOUCHER_10500,60.0,16.0,,,,,61,16,,,,,60.5,0.0
0,45600,VOLCANIC_ROCK_VOUCHER_10500,62.0,18.0,,,,,63,18,,,,,62.5,0.0
0,45700,VOLCANIC_ROCK_VOUCHER_10500,60.0,20.0,,,,,61,20,,,,,60.5,0.0
0,45800,VOLCANIC_ROCK_VOUCHER_10500,61.0,13.0,,,,,62,13,,,,,61.5,0.0
0,45900,VOLCANIC_ROCK_VOUCHER_10500,61.0,15.0,,,,,62,15,,,,,61.5,0.0
0,46000,VOLCANIC_ROCK_VOUCHER_10500,60.0,20.0,,,,,61,20,,,,,60.5,0.0
0,46100,VOLCANIC_ROCK_VOUCHER_10500,,,,,,,61,1,62.0,15.0,,,61.0,0.0
0,46200,VOLCANIC_ROCK_VOUCHER_10500,60.0,16.0,,,,,61,16,,,,,60.5,0.0
0,46300,VOLCANIC_ROCK_VOUCHER_10500,61.0,19.0,,,,,62,19,,,,,61.5,0.0
0,46400,VOLCANIC_ROCK_VOUCHER_10500,61.0,14.0,,,,,63,14,,,,,62.0,0.0
0,46500,VOLCANIC_ROCK_VOUCHER_10500,62.0,14.0,,,,,63,14,,,,,62.5,0.0
0,46600,VOLCANIC_ROCK_VOUCHER_10500,66.0,18.0,,,,,67,18,,,,,66.5,0.0
0,46700,VOLCANIC_ROCK_VOUCHER_10500,65.0,1.0,,,,,66,17,,,,,65.5,0.0
0,46800,VOLCANIC_ROCK_VOUCHER_10500,63.0,21.0,,,,,64,21,,,,,63.5,0.0
0,46900,VOLCANIC_ROCK_VOUCHER_10500,61.0,18.0,,,,,62,18,,,,,61.5,0.0
0,47000,VOLCANIC_ROCK_VOUCHER_10500,61.0,18.0,,,,,62,18,,,,,61.5,0.0
0,47100,VOLCANIC_ROCK_VOUCHER_10500,60.0,18.0,,,,,61,18,,,,,60.5,0.0
0,47200,VOLCANIC_ROCK_VOUCHER_10500,60.0,19.0,,,,,61,19,,,,,60.5,0.0
0,47300,VOLCANIC_ROCK_VOUCHER_10500,60.0,11.0,,,,,61,11,,,,,60.5,0.0
0,47400,VOLCANIC_ROCK_VOUCHER_10500,60.0,15.0,,,,,61,15,,,,,60.5,0.0
0,47500,VOLCANIC_ROCK_VOUCHER_10500,60.0,19.0,,,,,61,19,,,,,60.5,0.0
0,47600,VOLCANIC_ROCK_VOUCHER_10500,58.0,15.0,,,,,59,15,,,,,58.5,0.0
0,47700,VOLCANIC_ROCK_VOUCHER_10500,59.0,15.0,,,,,60,15,,,,,59.5,0.0
0,47800,VOLCANIC_ROCK_VOUCHER_10500,59.0,11.0,,,,,60,11,,,,,59.5,0.0
0,47900,VOLCANIC_ROCK_VOUCHER_10500,58.0,11.0,,,,,59,11,,,,,58.5,0.0
0,48000,VOLCANIC_ROCK_VOUCHER_10500,58.0,20.0,,,,,59,20,,,,,58.5,0.0
0,48100,VOLCANIC_ROCK_VOUCHER_10500,54.0,12.0,,,,,55,12,,,,,54.5,0.0
0,48200,VOLCANIC_ROCK_VOUCHER_10500,54.0,18.0,,,,,55,18,,,,,54.5,0.0
0,48300,VOLCANIC_ROCK_VOUCHER_10500,,,,,,,56,5,57.0,15.0,,,56.0,0.0
0,48400,VOLCANIC_ROCK_VOUCHER_10500,56.0,10.0,,,,,57,10,,,,,56.5,0.0
0,48500,VOLCANIC_ROCK_VOUCHER_10500,56.0,16.0,,,,,57,16,,,,,56.5,0.0
0,48600,VOLCANIC_ROCK_VOUCHER_10500,,,,,,,55,2,56.0,14.0,,,55.0,0.0
0,48700,VOLCANIC_ROCK_VOUCHER_10500,54.0,11.0,,,,,55,11,,,,,54.5,0.0
0,48800,VOLCANIC_ROCK_VOUCHER_10500,53.0,12.0,,,,,54,12,,,,,53.5,0.0
0,48900,VOLCANIC_ROCK_VOUCHER_10500,52.0,15.0,,,,,53,15,,,,,52.5,0.0
0,49000,VOLCANIC_ROCK_VOUCHER_10500,51.0,11.0,,,,,52,11,,,,,51.5,0.0
0,49100,VOLCANIC_ROCK_VOUCHER_10500,49.0,15.0,,,,,50,15,,,,,49.5,0.0
0,49200,VOLCANIC_ROCK_VOUCHER_10500,53.0,18.0,,,,,54,18,,,,,53.5,0.0
0,49300,VOLCANIC_ROCK_VOUCHER_10500,53.0,16.0,,,,,54,16,,,,,53.5,0.0
0,49400,VOLCANIC_ROCK_VOUCHER_10500,52.0,14.0,,,,,53,14,,,,,52.5,0.0
0,49500,VOLCANIC_ROCK_VOUCHER_10500,51.0,10.0,,,,,52,10,,,,,51.5,0.0
0,49600,VOLCANIC_ROCK_VOUCHER_10500,51.0,20.0,,,,,52,20,,,,,51.5,0.0
0,49700,VOLCANIC_ROCK_VOUCHER_10500,51.0,18.0,,,,,52,18,,,,,51.5,0.0
0,49800,VOLCANIC_ROCK_VOUCHER_10500,48.0,18.0,,,,,49,18,,,,,48.5,0.0
0,49900,VOLCANIC_ROCK_VOUCHER_10500,51.0,15.0,,,,,52,15,,,,,51.5,0.0
0,50000,VOLCANIC_ROCK_VOUCHER_10500,50.0,13.0,,,,,51,13,,,,,50.5,0.0
0,50100,VOLCANIC_ROCK_VOUCHER_10500,48.0,21.0,,,,,49,21,,,,,48.5,0.0
0,50200,VOLCANIC_ROCK_VOUCHER_10500,48.0,12.0,,,,,49,12,,,,,48.5,0.0
0,50300,VOLCANIC_ROCK_VOUCHER_10500,48.0,13.0,,,,,49,13,,,,,48.5,0.0
0,50400,VOLCANIC_ROCK_VOUCHER_10500,49.0,33.0,,,,,50,17,,,,,49.5,0.0
0,50500,VOLCANIC_ROCK_VOUCHER_10500,50.0,20.0,,,,,51,20,,,,,50.5,0.0
0,50600,VOLCANIC_ROCK_VOUCHER_10500,49.0,13.0,,,,,50,13,,,,,49.5,0.0
0,50700,VOLCANIC_ROCK_VOUCHER_10500,51.0,15.0,,,,,52,15,,,,,51.5,0.0
0,50800,VOLCANIC_ROCK_VOUCHER_10500,55.0,16.0,,,,,56,16,,,,,55.5,0.0
0,50900,VOLCANIC_ROCK_VOUCHER_10500,54.0,21.0,,,,,55,21,,,,,54.5,0.0
0,51000,VOLCANIC_ROCK_VOUCHER_10500,54.0,21.0,,,,,55,21,,,,,54.5,0.0
0,51100,VOLCANIC_ROCK_VOUCHER_10500,56.0,19.0,,,,,57,19,,,,,56.5,0.0
0,51200,VOLCANIC_ROCK_VOUCHER_10500,59.0,19.0,,,,,60,19,,,,,59.5,0.0
0,51300,VOLCANIC_ROCK_VOUCHER_10500,58.0,21.0,,,,,59,21,,,,,58.5,0.0
0,51400,VOLCANIC_ROCK_VOUCHER_10500,58.0,17.0,,,,,59,17,,,,,58.5,0.0
0,51500,VOLCANIC_ROCK_VOUCHER_10500,55.0,15.0,,,,,56,15,,,,,55.5,0.0
0,51600,VOLCANIC_ROCK_VOUCHER_10500,55.0,20.0,,,,,56,20,,,,,55.5,0.0
0,51700,VOLCANIC_ROCK_VOUCHER_10500,58.0,1.0,,,,,59,19,,,,,58.5,0.0
0,51800,VOLCANIC_ROCK_VOUCHER_10500,59.0,31.0,,,,,61,17,,,,,60.0,0.0
0,51900,VOLCANIC_ROCK_VOUCHER_10500,59.0,13.0,,,,,60,13,,,,,59.5,0.0
0,52000,VOLCANIC_ROCK_VOUCHER_10500,56.0,21.0,,,,,57,21,,,,,56.5,0.0
0,52100,VOLCANIC_ROCK_VOUCHER_10500,59.0,14.0,,,,,60,14,,,,,59.5,0.0
0,52200,VOLCANIC_ROCK_VOUCHER_10500,60.0,11.0,,,,,61,11,,,,,60.5,0.0
0,52300,VOLCANIC_ROCK_VOUCHER_10500,59.0,16.0,,,,,60,16,,,,,59.5,0.0
0,52400,VOLCANIC_ROCK_VOUCHER_10500,55.0,13.0,,,,,56,13,,,,,55.5,0.0
0,52500,VOLCANIC_ROCK_VOUCHER_10500,56.0,21.0,,,,,57,21,,,,,56.5,0.0
0,52600,VOLCANIC_ROCK_VOUCHER_10500,56.0,19.0,,,,,57,19,,,,,56.5,0.0
0,52700,VOLCANIC_ROCK_VOUCHER_10500,56.0,12.0,,,,,57,12,,,,,56.5,0.0
0,52800,VOLCANIC_ROCK_VOUCHER_10500,56.0,12.0,,,,,57,12,,,,,56.5,0.0
0,52900,VOLCANIC_ROCK_VOUCHER_10500,54.0,15.0,,,,,55,15,,,,,54.5,0.0
0,53000,VOLCANIC_ROCK_VOUCHER_10500,53.0,18.0,,,,,54,18,,,,,53.5,0.0
0,53100,VOLCANIC_ROCK_VOUCHER_10500,52.0,15.0,,,,,53,15,,,,,52.5,0.0
0,53200,VOLCANIC_ROCK_VOUCHER_10500,52.0,17.0,,,,,53,17,,,,,52.5,0.0
0,53300,VOLCANIC_ROCK_VOUCHER_10500,52.0,11.0,,,,,53,11,,,,,52.5,0.0
0,53400,VOLCANIC_ROCK_VOUCHER_10500,51.0,18.0,,,,,52,18,,,,,51.5,0.0
0,53500,VOLCANIC_ROCK_VOUCHER_10500,51.0,14.0,,,,,52,14,,,,,51.5,0.0
0,53600,VOLCANIC_ROCK_VOUCHER_10500,50.0,13.0,,,,,51,13,,,,,50.5,0.0
0,53700,VOLCANIC_ROCK_VOUCHER_10500,50.0,21.0,,,,,51,21,,,,,50.5,0.0
0,53800,VOLCANIC_ROCK_VOUCHER_10500,53.0,13.0,,,,,54,13,,,,,53.5,0.0
0,53900,VOLCANIC_ROCK_VOUCHER_10500,52.0,17.0,,,,,53,17,,,,,52.5,0.0
0,54000,VOLCANIC_ROCK_VOUCHER_10500,52.0,15.0,,,,,53,15,,,,,52.5,0.0
0,54100,VOLCANIC_ROCK_VOUCHER_10500,53.0,23.0,,,,,54,11,,,,,53.5,0.0
0,54200,VOLCANIC_ROCK_VOUCHER_10500,52.0,13.0,,,,,53,13,,,,,52.5,0.0
0,54300,VOLCANIC_ROCK_VOUCHER_10500,56.0,15.0,,,,,57,15,,,,,56.5,0.0
0,54400,VOLCANIC_ROCK_VOUCHER_10500,56.0,17.0,,,,,57,17,,,,,56.5,0.0
0,54500,VOLCANIC_ROCK_VOUCHER_10500,56.0,4.0,,,,,57,15,,,,,56.5,0.0
0,54600,VOLCANIC_ROCK_VOUCHER_10500,55.0,14.0,,,,,56,14,,,,,55.5,0.0
0,54700,VOLCANIC_ROCK_VOUCHER_10500,53.0,17.0,,,,,54,17,,,,,53.5,0.0
0,54800,VOLCANIC_ROCK_VOUCHER_10500,52.0,26.0,,,,,53,14,,,,,52.5,0.0
0,54900,VOLCANIC_ROCK_VOUCHER_10500,51.0,12.0,,,,,53,12,,,,,52.0,0.0
0,55000,VOLCANIC_ROCK_VOUCHER_10500,51.0,13.0,,,,,52,13,,,,,51.5,0.0
0,55100,VOLCANIC_ROCK_VOUCHER_10500,51.0,20.0,,,,,52,20,,,,,51.5,0.0
0,55200,VOLCANIC_ROCK_VOUCHER_10500,51.0,12.0,,,,,52,12,,,,,51.5,0.0
0,55300,VOLCANIC_ROCK_VOUCHER_10500,50.0,16.0,,,,,51,16,,,,,50.5,0.0
0,55400,VOLCANIC_ROCK_VOUCHER_10500,50.0,20.0,,,,,51,20,,,,,50.5,0.0
0,55500,VOLCANIC_ROCK_VOUCHER_10500,52.0,15.0,,,,,53,15,,,,,52.5,0.0
0,55600,VOLCANIC_ROCK_VOUCHER_10500,51.0,17.0,,,,,52,17,,,,,51.5,0.0
0,55700,VOLCANIC_ROCK_VOUCHER_10500,51.0,20.0,,,,,52,20,,,,,51.5,0.0
0,55800,VOLCANIC_ROCK_VOUCHER_10500,50.0,18.0,,,,,51,18,,,,,50.5,0.0
0,55900,VOLCANIC_ROCK_VOUCHER_10500,49.0,13.0,,,,,50,13,,,,,49.5,0.0
0,56000,VOLCANIC_ROCK_VOUCHER_10500,49.0,16.0,,,,,50,16,,,,,49.5,0.0
0,56100,VOLCANIC_ROCK_VOUCHER_10500,50.0,15.0,,,,,51,15,,,,,50.5,0.0
0,56200,VOLCANIC_ROCK_VOUCHER_10500,48.0,18.0,,,,,49,18,,,,,48.5,0.0
0,56300,VOLCANIC_ROCK_VOUCHER_10500,48.0,20.0,,,,,49,20,,,,,48.5,0.0
0,56400,VOLCANIC_ROCK_VOUCHER_10500,49.0,18.0,,,,,50,18,,,,,49.5,0.0
0,56500,VOLCANIC_ROCK_VOUCHER_10500,50.0,16.0,,,,,51,16,,,,,50.5,0.0
0,56600,VOLCANIC_ROCK_VOUCHER_10500,48.0,31.0,,,,,49,17,,,,,48.5,0.0
0,56700,VOLCANIC_ROCK_VOUCHER_10500,46.0,15.0,,,,,47,15,,,,,46.5,0.0
0,56800,VOLCANIC_ROCK_VOUCHER_10500,45.0,14.0,,,,,46,14,,,,,45.5,0.0
0,56900,VOLCANIC_ROCK_VOUCHER_10500,45.0,14.0,,,,,46,14,,,,,45.5,0.0
0,57000,VOLCANIC_ROCK_VOUCHER_10500,45.0,26.0,,,,,46,12,,,,,45.5,0.0
0,57100,VOLCANIC_ROCK_VOUCHER_10500,47.0,20.0,,,,,48,20,,,,,47.5,0.0
0,57200,VOLCANIC_ROCK_VOUCHER_10500,47.0,12.0,,,,,48,12,,,,,47.5,0.0
0,57300,VOLCANIC_ROCK_VOUCHER_10500,48.0,22.0,,,,,49,11,,,,,48.5,0.0
0,57400,VOLCANIC_ROCK_VOUCHER_10500,47.0,16.0,,,,,48,16,,,,,47.5,0.0
0,57500,VOLCANIC_ROCK_VOUCHER_10500,49.0,11.0,,,,,50,11,,,,,49.5,0.0
0,57600,VOLCANIC_ROCK_VOUCHER_10500,51.0,16.0,,,,,52,16,,,,,51.5,0.0
0,57700,VOLCANIC_ROCK_VOUCHER_10500,52.0,17.0,,,,,53,17,,,,,52.5,0.0
0,57800,VOLCANIC_ROCK_VOUCHER_10500,51.0,14.0,,,,,52,14,,,,,51.5,0.0
0,57900,VOLCANIC_ROCK_VOUCHER_10500,51.0,12.0,,,,,52,12,,,,,51.5,0.0
0,58000,VOLCANIC_ROCK_VOUCHER_10500,49.0,14.0,,,,,50,14,,,,,49.5,0.0
0,58100,VOLCANIC_ROCK_VOUCHER_10500,50.0,20.0,,,,,51,20,,,,,50.5,0.0
0,58200,VOLCANIC_ROCK_VOUCHER_10500,50.0,17.0,,,,,51,17,,,,,50.5,0.0
0,58300,VOLCANIC_ROCK_VOUCHER_10500,50.0,17.0,,,,,51,17,,,,,50.5,0.0
0,58400,VOLCANIC_ROCK_VOUCHER_10500,51.0,6.0,,,,,52,20,,,,,51.5,0.0
0,58500,VOLCANIC_ROCK_VOUCHER_10500,50.0,18.0,,,,,51,18,,,,,50.5,0.0
0,58600,VOLCANIC_ROCK_VOUCHER_10500,49.0,20.0,,,,,50,20,,,,,49.5,0.0
0,58700,VOLCANIC_ROCK_VOUCHER_10500,49.0,17.0,,,,,50,17,,,,,49.5,0.0
0,58800,VOLCANIC_ROCK_VOUCHER_10500,50.0,24.0,,,,,51,12,,,,,50.5,0.0
0,58900,VOLCANIC_ROCK_VOUCHER_10500,50.0,16.0,,,,,51,16,,,,,50.5,0.0
0,59000,VOLCANIC_ROCK_VOUCHER_10500,50.0,11.0,,,,,51,11,,,,,50.5,0.0
0,59100,VOLCANIC_ROCK_VOUCHER_10500,51.0,10.0,,,,,52,10,,,,,51.5,0.0
0,59200,VOLCANIC_ROCK_VOUCHER_10500,54.0,19.0,,,,,55,19,,,,,54.5,0.0
0,59300,VOLCANIC_ROCK_VOUCHER_10500,53.0,22.0,,,,,54,22,,,,,53.5,0.0
0,59400,VOLCANIC_ROCK_VOUCHER_10500,52.0,11.0,,,,,53,11,,,,,52.5,0.0
0,59500,VOLCANIC_ROCK_VOUCHER_10500,53.0,19.0,,,,,54,19,,,,,53.5,0.0
0,59600,VOLCANIC_ROCK_VOUCHER_10500,53.0,11.0,,,,,54,11,,,,,53.5,0.0
0,59700,VOLCANIC_ROCK_VOUCHER_10500,52.0,17.0,,,,,53,17,,,,,52.5,0.0
0,59800,VOLCANIC_ROCK_VOUCHER_10500,54.0,1.0,,,,,55,20,,,,,54.5,0.0
0,59900,VOLCANIC_ROCK_VOUCHER_10500,53.0,13.0,,,,,54,13,,,,,53.5,0.0
0,60000,VOLCANIC_ROCK_VOUCHER_10500,52.0,21.0,,,,,53,21,,,,,52.5,0.0
0,60100,VOLCANIC_ROCK_VOUCHER_10500,51.0,19.0,,,,,52,19,,,,,51.5,0.0
0,60200,VOLCANIC_ROCK_VOUCHER_10500,52.0,21.0,,,,,53,21,,,,,52.5,0.0
0,60300,VOLCANIC_ROCK_VOUCHER_10500,54.0,21.0,,,,,55,21,,,,,54.5,0.0
0,60400,VOLCANIC_ROCK_VOUCHER_10500,55.0,16.0,,,,,56,16,,,,,55.5,0.0
0,60500,VOLCANIC_ROCK_VOUCHER_10500,55.0,15.0,,,,,56,15,,,,,55.5,0.0
0,60600,VOLCANIC_ROCK_VOUCHER_10500,56.0,18.0,,,,,57,18,,,,,56.5,0.0
0,60700,VOLCANIC_ROCK_VOUCHER_10500,56.0,13.0,,,,,57,13,,,,,56.5,0.0
0,60800,VOLCANIC_ROCK_VOUCHER_10500,56.0,17.0,,,,,57,17,,,,,56.5,0.0
0,60900,VOLCANIC_ROCK_VOUCHER_10500,58.0,18.0,,,,,59,18,,,,,58.5,0.0
0,61000,VOLCANIC_ROCK_VOUCHER_10500,57.0,14.0,,,,,58,14,,,,,57.5,0.0
0,61100,VOLCANIC_ROCK_VOUCHER_10500,56.0,19.0,,,,,57,13,,,,,56.5,0.0
0,61200,VOLCANIC_ROCK_VOUCHER_10500,54.0,18.0,,,,,55,18,,,,,54.5,0.0
0,61300,VOLCANIC_ROCK_VOUCHER_10500,55.0,18.0,,,,,56,18,,,,,55.5,0.0
0,61400,VOLCANIC_ROCK_VOUCHER_10500,56.0,12.0,,,,,57,12,,,,,56.5,0.0
0,61500,VOLCANIC_ROCK_VOUCHER_10500,58.0,15.0,,,,,59,15,,,,,58.5,0.0
0,61600,VOLCANIC_ROCK_VOUCHER_10500,56.0,11.0,,,,,57,11,,,,,56.5,0.0
0,61700,VOLCANIC_ROCK_VOUCHER_10500,54.0,3.0,,,,,55,13,,,,,54.5,0.0
0,61800,VOLCANIC_ROCK_VOUCHER_10500,55.0,18.0,,,,,56,18,,,,,55.5,0.0
0,61900,VOLCANIC_ROCK_VOUCHER_10500,54.0,15.0,,,,,55,15,,,,,54.5,0.0
0,62000,VOLCANIC_ROCK_VOUCHER_10500,55.0,3.0,,,,,56,20,,,,,55.5,0.0
0,62100,VOLCANIC_ROCK_VOUCHER_10500,56.0,21.0,,,,,57,21,,,,,56.5,0.0
0,62200,VOLCANIC_ROCK_VOUCHER_10500,54.0,19.0,,,,,55,19,,,,,54.5,0.0
0,62300,VOLCANIC_ROCK_VOUCHER_10500,54.0,16.0,,,,,55,16,,,,,54.5,0.0
0,62400,VOLCANIC_ROCK_VOUCHER_10500,53.0,18.0,,,,,54,18,,,,,53.5,0.0
0,62500,VOLCANIC_ROCK_VOUCHER_10500,53.0,22.0,,,,,54,22,,,,,53.5,0.0
0,62600,VOLCANIC_ROCK_VOUCHER_10500,55.0,2.0,,,,,56,12,,,,,55.5,0.0
0,62700,VOLCANIC_ROCK_VOUCHER_10500,58.0,14.0,,,,,59,14,,,,,58.5,0.0
0,62800,VOLCANIC_ROCK_VOUCHER_10500,57.0,14.0,,,,,58,14,,,,,57.5,0.0
0,62900,VOLCANIC_ROCK_VOUCHER_10500,57.0,14.0,,,,,58,14,,,,,57.5,0.0
0,63000,VOLCANIC_ROCK_VOUCHER_10500,54.0,20.0,,,,,55,20,,,,,54.5,0.0
0,63100,VOLCANIC_ROCK_VOUCHER_10500,56.0,19.0,,,,,57,19,,,,,56.5,0.0
0,63200,VOLCANIC_ROCK_VOUCHER_10500,55.0,15.0,,,,,56,15,,,,,55.5,0.0
0,63300,VOLCANIC_ROCK_VOUCHER_10500,56.0,20.0,,,,,57,20,,,,,56.5,0.0
0,63400,VOLCANIC_ROCK_VOUCHER_10500,,,,,,,55,3,56.0,11.0,,,55.0,0.0
0,63500,VOLCANIC_ROCK_VOUCHER_10500,56.0,14.0,,,,,57,14,,,,,56.5,0.0
0,63600,VOLCANIC_ROCK_VOUCHER_10500,55.0,35.0,,,,,56,17,,,,,55.5,0.0
0,63700,VOLCANIC_ROCK_VOUCHER_10500,56.0,18.0,,,,,57,18,,,,,56.5,0.0
0,63800,VOLCANIC_ROCK_VOUCHER_10500,54.0,16.0,,,,,55,16,,,,,54.5,0.0
0,63900,VOLCANIC_ROCK_VOUCHER_10500,55.0,13.0,,,,,56,13,,,,,55.5,0.0
0,64000,VOLCANIC_ROCK_VOUCHER_10500,57.0,18.0,,,,,58,18,,,,,57.5,0.0
0,64100,VOLCANIC_ROCK_VOUCHER_10500,56.0,11.0,,,,,57,11,,,,,56.5,0.0
0,64200,VOLCANIC_ROCK_VOUCHER_10500,51.0,12.0,,,,,52,12,,,,,51.5,0.0
0,64300,VOLCANIC_ROCK_VOUCHER_10500,50.0,37.0,,,,,51,19,,,,,50.5,0.0
0,64400,VOLCANIC_ROCK_VOUCHER_10500,51.0,17.0,,,,,52,17,,,,,51.5,0.0
0,64500,VOLCANIC_ROCK_VOUCHER_10500,52.0,12.0,,,,,53,12,,,,,52.5,0.0
0,64600,VOLCANIC_ROCK_VOUCHER_10500,52.0,20.0,,,,,53,20,,,,,52.5,0.0
0,64700,VOLCANIC_ROCK_VOUCHER_10500,50.0,13.0,,,,,51,13,,,,,50.5,0.0
0,64800,VOLCANIC_ROCK_VOUCHER_10500,49.0,12.0,,,,,50,12,,,,,49.5,0.0
0,64900,VOLCANIC_ROCK_VOUCHER_10500,47.0,15.0,,,,,48,15,,,,,47.5,0.0
0,65000,VOLCANIC_ROCK_VOUCHER_10500,49.0,16.0,,,,,50,16,,,,,49.5,0.0
0,65100,VOLCANIC_ROCK_VOUCHER_10500,49.0,21.0,,,,,50,21,,,,,49.5,0.0
0,65200,VOLCANIC_ROCK_VOUCHER_10500,50.0,12.0,,,,,51,12,,,,,50.5,0.0
0,65300,VOLCANIC_ROCK_VOUCHER_10500,50.0,7.0,,,,,51,21,,,,,50.5,0.0
0,65400,VOLCANIC_ROCK_VOUCHER_10500,48.0,18.0,,,,,49,18,,,,,48.5,0.0
0,65500,VOLCANIC_ROCK_VOUCHER_10500,50.0,20.0,,,,,51,20,,,,,50.5,0.0
0,65600,VOLCANIC_ROCK_VOUCHER_10500,49.0,18.0,,,,,50,18,,,,,49.5,0.0
0,65700,VOLCANIC_ROCK_VOUCHER_10500,48.0,12.0,,,,,49,12,,,,,48.5,0.0
0,65800,VOLCANIC_ROCK_VOUCHER_10500,48.0,10.0,,,,,49,10,,,,,48.5,0.0
0,65900,VOLCANIC_ROCK_VOUCHER_10500,,,,,,,51,4,52.0,12.0,,,51.0,0.0
0,66000,VOLCANIC_ROCK_VOUCHER_10500,50.0,20.0,,,,,51,20,,,,,50.5,0.0
0,66100,VOLCANIC_ROCK_VOUCHER_10500,50.0,12.0,,,,,51,12,,,,,50.5,0.0
0,66200,VOLCANIC_ROCK_VOUCHER_10500,49.0,20.0,,,,,50,20,,,,,49.5,0.0
0,66300,VOLCANIC_ROCK_VOUCHER_10500,49.0,18.0,,,,,50,18,,,,,49.5,0.0
0,66400,VOLCANIC_ROCK_VOUCHER_10500,50.0,17.0,,,,,51,17,,,,,50.5,0.0
0,66500,VOLCANIC_ROCK_VOUCHER_10500,51.0,16.0,,,,,52,16,,,,,51.5,0.0
0,66600,VOLCANIC_ROCK_VOUCHER_10500,51.0,16.0,,,,,52,16,,,,,51.5,0.0
0,66700,VOLCANIC_ROCK_VOUCHER_10500,51.0,21.0,,,,,52,10,,,,,51.5,0.0
0,66800,VOLCANIC_ROCK_VOUCHER_10500,54.0,12.0,,,,,55,12,,,,,54.5,0.0
0,66900,VOLCANIC_ROCK_VOUCHER_10500,55.0,20.0,,,,,56,20,,,,,55.5,0.0
0,67000,VOLCANIC_ROCK_VOUCHER_10500,56.0,12.0,,,,,57,12,,,,,56.5,0.0
0,67100,VOLCANIC_ROCK_VOUCHER_10500,57.0,13.0,,,,,58,13,,,,,57.5,0.0
0,67200,VOLCANIC_ROCK_VOUCHER_10500,59.0,13.0,,,,,60,13,,,,,59.5,0.0
0,67300,VOLCANIC_ROCK_VOUCHER_10500,60.0,33.0,,,,,61,18,,,,,60.5,0.0
0,67400,VOLCANIC_ROCK_VOUCHER_10500,60.0,14.0,,,,,61,14,,,,,60.5,0.0
0,67500,VOLCANIC_ROCK_VOUCHER_10500,59.0,21.0,,,,,60,21,,,,,59.5,0.0
0,67600,VOLCANIC_ROCK_VOUCHER_10500,59.0,21.0,,,,,60,12,,,,,59.5,0.0
0,67700,VOLCANIC_ROCK_VOUCHER_10500,57.0,13.0,,,,,58,13,,,,,57.5,0.0
0,67800,VOLCANIC_ROCK_VOUCHER_10500,56.0,14.0,,,,,57,14,,,,,56.5,0.0
0,67900,VOLCANIC_ROCK_VOUCHER_10500,58.0,21.0,,,,,59,21,,,,,58.5,0.0
0,68000,VOLCANIC_ROCK_VOUCHER_10500,58.0,15.0,,,,,59,15,,,,,58.5,0.0
0,68100,VOLCANIC_ROCK_VOUCHER_10500,56.0,14.0,,,,,57,14,,,,,56.5,0.0
0,68200,VOLCANIC_ROCK_VOUCHER_10500,55.0,21.0,,,,,56,21,,,,,55.5,0.0
0,68300,VOLCANIC_ROCK_VOUCHER_10500,55.0,21.0,,,,,56,21,,,,,55.5,0.0
0,68400,VOLCANIC_ROCK_VOUCHER_10500,56.0,10.0,,,,,57,10,,,,,56.5,0.0
0,68500,VOLCANIC_ROCK_VOUCHER_10500,55.0,12.0,,,,,56,12,,,,,55.5,0.0
0,68600,VOLCANIC_ROCK_VOUCHER_10500,57.0,20.0,,,,,58,20,,,,,57.5,0.0
0,68700,VOLCANIC_ROCK_VOUCHER_10500,57.0,16.0,,,,,58,16,,,,,57.5,0.0
0,68800,VOLCANIC_ROCK_VOUCHER_10500,59.0,14.0,,,,,60,14,,,,,59.5,0.0
0,68900,VOLCANIC_ROCK_VOUCHER_10500,62.0,15.0,,,,,63,15,,,,,62.5,0.0
0,69000,VOLCANIC_ROCK_VOUCHER_10500,62.0,21.0,,,,,63,21,,,,,62.5,0.0
0,69100,VOLCANIC_ROCK_VOUCHER_10500,64.0,12.0,,,,,65,12,,,,,64.5,0.0
0,69200,VOLCANIC_ROCK_VOUCHER_10500,64.0,12.0,,,,,65,12,,,,,64.5,0.0
0,69300,VOLCANIC_ROCK_VOUCHER_10500,63.0,13.0,,,,,64,13,,,,,63.5,0.0
0,69400,VOLCANIC_ROCK_VOUCHER_10500,65.0,20.0,,,,,66,20,,,,,65.5,0.0
0,69500,VOLCANIC_ROCK_VOUCHER_10500,62.0,3.0,,,,,63,14,,,,,62.5,0.0
0,69600,VOLCANIC_ROCK_VOUCHER_10500,63.0,11.0,,,,,64,11,,,,,63.5,0.0
0,69700,VOLCANIC_ROCK_VOUCHER_10500,64.0,22.0,,,,,65,22,,,,,64.5,0.0
0,69800,VOLCANIC_ROCK_VOUCHER_10500,63.0,2.0,,,,,64,17,,,,,63.5,0.0
0,69900,VOLCANIC_ROCK_VOUCHER_10500,67.0,18.0,,,,,68,18,,,,,67.5,0.0
0,70000,VOLCANIC_ROCK_VOUCHER_10500,69.0,19.0,,,,,70,19,,,,,69.5,0.0
0,70100,VOLCANIC_ROCK_VOUCHER_10500,68.0,18.0,,,,,69,18,,,,,68.5,0.0
0,70200,VOLCANIC_ROCK_VOUCHER_10500,68.0,13.0,,,,,69,13,,,,,68.5,0.0
0,70300,VOLCANIC_ROCK_VOUCHER_10500,68.0,20.0,,,,,69,20,,,,,68.5,0.0
0,70400,VOLCANIC_ROCK_VOUCHER_10500,68.0,19.0,,,,,69,19,,,,,68.5,0.0
0,70500,VOLCANIC_ROCK_VOUCHER_10500,68.0,14.0,,,,,69,14,,,,,68.5,0.0
0,70600,VOLCANIC_ROCK_VOUCHER_10500,69.0,13.0,,,,,70,13,,,,,69.5,0.0
0,70700,VOLCANIC_ROCK_VOUCHER_10500,68.0,10.0,,,,,69,10,,,,,68.5,0.0
0,70800,VOLCANIC_ROCK_VOUCHER_10500,70.0,17.0,,,,,71,17,,,,,70.5,0.0
0,70900,VOLCANIC_ROCK_VOUCHER_10500,74.0,13.0,,,,,75,13,,,,,74.5,0.0
0,71000,VOLCANIC_ROCK_VOUCHER_10500,76.0,22.0,,,,,77,22,,,,,76.5,0.0
0,71100,VOLCANIC_ROCK_VOUCHER_10500,80.0,27.0,,,,,81,14,,,,,80.5,0.0
0,71200,VOLCANIC_ROCK_VOUCHER_10500,78.0,12.0,,,,,79,12,,,,,78.5,0.0
0,71300,VOLCANIC_ROCK_VOUCHER_10500,78.0,12.0,,,,,79,12,,,,,78.5,0.0
0,71400,VOLCANIC_ROCK_VOUCHER_10500,77.0,18.0,,,,,78,18,,,,,77.5,0.0
0,71500,VOLCANIC_ROCK_VOUCHER_10500,79.0,19.0,,,,,80,19,,,,,79.5,0.0
0,71600,VOLCANIC_ROCK_VOUCHER_10500,76.0,11.0,,,,,77,11,,,,,76.5,0.0
0,71700,VOLCANIC_ROCK_VOUCHER_10500,77.0,17.0,,,,,78,17,,,,,77.5,0.0
0,71800,VOLCANIC_ROCK_VOUCHER_10500,78.0,14.0,,,,,79,14,,,,,78.5,0.0
0,71900,VOLCANIC_ROCK_VOUCHER_10500,81.0,22.0,,,,,82,22,,,,,81.5,0.0
0,72000,VOLCANIC_ROCK_VOUCHER_10500,77.0,20.0,,,,,78,13,,,,,77.5,0.0
0,72100,VOLCANIC_ROCK_VOUCHER_10500,81.0,13.0,,,,,82,13,,,,,81.5,0.0
0,72200,VOLCANIC_ROCK_VOUCHER_10500,81.0,17.0,,,,,82,17,,,,,81.5,0.0
0,72300,VOLCANIC_ROCK_VOUCHER_10500,81.0,20.0,,,,,82,20,,,,,81.5,0.0
0,72400,VOLCANIC_ROCK_VOUCHER_10500,81.0,19.0,,,,,82,19,,,,,81.5,0.0
0,72500,VOLCANIC_ROCK_VOUCHER_10500,82.0,17.0,,,,,83,17,,,,,82.5,0.0
0,72600,VOLCANIC_ROCK_VOUCHER_10500,80.0,20.0,,,,,81,20,,,,,80.5,0.0
0,72700,VOLCANIC_ROCK_VOUCHER_10500,,,,,,,79,8,80.0,12.0,,,79.0,0.0
0,72800,VOLCANIC_ROCK_VOUCHER_10500,82.0,14.0,,,,,83,14,,,,,82.5,0.0
0,72900,VOLCANIC_ROCK_VOUCHER_10500,79.0,17.0,,,,,81,17,,,,,80.0,0.0
0,73000,VOLCANIC_ROCK_VOUCHER_10500,80.0,22.0,,,,,81,22,,,,,80.5,0.0
0,73100,VOLCANIC_ROCK_VOUCHER_10500,78.0,16.0,,,,,79,16,,,,,78.5,0.0
0,73200,VOLCANIC_ROCK_VOUCHER_10500,78.0,1.0,,,,,79,21,,,,,78.5,0.0
0,73300,VOLCANIC_ROCK_VOUCHER_10500,80.0,15.0,,,,,81,15,,,,,80.5,0.0
0,73400,VOLCANIC_ROCK_VOUCHER_10500,81.0,20.0,,,,,82,20,,,,,81.5,0.0
0,73500,VOLCANIC_ROCK_VOUCHER_10500,84.0,15.0,,,,,85,15,,,,,84.5,0.0
0,73600,VOLCANIC_ROCK_VOUCHER_10500,83.0,10.0,,,,,84,10,,,,,83.5,0.0
0,73700,VOLCANIC_ROCK_VOUCHER_10500,85.0,19.0,,,,,86,19,,,,,85.5,0.0
0,73800,VOLCANIC_ROCK_VOUCHER_10500,80.0,20.0,,,,,81,20,,,,,80.5,0.0
0,73900,VOLCANIC_ROCK_VOUCHER_10500,77.0,20.0,,,,,78,20,,,,,77.5,0.0
0,74000,VOLCANIC_ROCK_VOUCHER_10500,76.0,27.0,,,,,77,15,,,,,76.5,0.0
0,74100,VOLCANIC_ROCK_VOUCHER_10500,76.0,16.0,,,,,77,16,,,,,76.5,0.0
0,74200,VOLCANIC_ROCK_VOUCHER_10500,77.0,28.0,,,,,78,10,,,,,77.5,0.0
0,74300,VOLCANIC_ROCK_VOUCHER_10500,75.0,13.0,,,,,76,13,,,,,75.5,0.0
0,74400,VOLCANIC_ROCK_VOUCHER_10500,74.0,10.0,,,,,75,10,,,,,74.5,0.0
0,74500,VOLCANIC_ROCK_VOUCHER_10500,75.0,27.0,,,,,76,17,,,,,75.5,0.0
0,74600,VOLCANIC_ROCK_VOUCHER_10500,77.0,13.0,,,,,78,13,,,,,77.5,0.0
0,74700,VOLCANIC_ROCK_VOUCHER_10500,76.0,18.0,,,,,77,18,,,,,76.5,0.0
0,74800,VOLCANIC_ROCK_VOUCHER_10500,76.0,17.0,,,,,77,17,,,,,76.5,0.0
0,74900,VOLCANIC_ROCK_VOUCHER_10500,81.0,18.0,,,,,82,18,,,,,81.5,0.0
0,75000,VOLCANIC_ROCK_VOUCHER_10500,79.0,14.0,,,,,80,14,,,,,79.5,0.0
0,75100,VOLCANIC_ROCK_VOUCHER_10500,78.0,31.0,,,,,79,12,,,,,78.5,0.0
0,75200,VOLCANIC_ROCK_VOUCHER_10500,78.0,21.0,,,,,79,21,,,,,78.5,0.0
0,75300,VOLCANIC_ROCK_VOUCHER_10500,80.0,17.0,,,,,81,17,,,,,80.5,0.0
0,75400,VOLCANIC_ROCK_VOUCHER_10500,78.0,21.0,,,,,79,21,,,,,78.5,0.0
0,75500,VOLCANIC_ROCK_VOUCHER_10500,79.0,16.0,,,,,80,16,,,,,79.5,0.0
0,75600,VOLCANIC_ROCK_VOUCHER_10500,78.0,19.0,,,,,79,19,,,,,78.5,0.0
0,75700,VOLCANIC_ROCK_VOUCHER_10500,78.0,24.0,,,,,79,10,,,,,78.5,0.0
0,75800,VOLCANIC_ROCK_VOUCHER_10500,79.0,20.0,,,,,80,20,,,,,79.5,0.0
0,75900,VOLCANIC_ROCK_VOUCHER_10500,80.0,12.0,,,,,81,12,,,,,80.5,0.0
0,76000,VOLCANIC_ROCK_VOUCHER_10500,82.0,20.0,,,,,83,20,,,,,82.5,0.0
0,76100,VOLCANIC_ROCK_VOUCHER_10500,82.0,19.0,,,,,83,19,,,,,82.5,0.0
0,76200,VOLCANIC_ROCK_VOUCHER_10500,87.0,17.0,,,,,88,17,,,,,87.5,0.0
0,76300,VOLCANIC_ROCK_VOUCHER_10500,90.0,9.0,,,,,91,20,,,,,90.5,0.0
0,76400,VOLCANIC_ROCK_VOUCHER_10500,86.0,19.0,,,,,87,19,,,,,86.5,0.0
0,76500,VOLCANIC_ROCK_VOUCHER_10500,86.0,12.0,,,,,87,12,,,,,86.5,0.0
0,76600,VOLCANIC_ROCK_VOUCHER_10500,88.0,16.0,,,,,89,16,,,,,88.5,0.0
0,76700,VOLCANIC_ROCK_VOUCHER_10500,86.0,15.0,,,,,87,15,,,,,86.5,0.0
0,76800,VOLCANIC_ROCK_VOUCHER_10500,85.0,16.0,,,,,86,16,,,,,85.5,0.0
0,76900,VOLCANIC_ROCK_VOUCHER_10500,82.0,15.0,,,,,83,15,,,,,82.5,0.0
0,77000,VOLCANIC_ROCK_VOUCHER_10500,83.0,12.0,,,,,84,12,,,,,83.5,0.0
0,77100,VOLCANIC_ROCK_VOUCHER_10500,82.0,19.0,,,,,83,19,,,,,82.5,0.0
0,77200,VOLCANIC_ROCK_VOUCHER_10500,82.0,21.0,,,,,83,21,,,,,82.5,0.0
0,77300,VOLCANIC_ROCK_VOUCHER_10500,82.0,14.0,,,,,83,14,,,,,82.5,0.0
0,77400,VOLCANIC_ROCK_VOUCHER_10500,83.0,20.0,,,,,84,20,,,,,83.5,0.0
0,77500,VOLCANIC_ROCK_VOUCHER_10500,,,,,,,81,2,82.0,14.0,,,81.0,0.0
0,77600,VOLCANIC_ROCK_VOUCHER_10500,81.0,11.0,,,,,82,11,,,,,81.5,0.0
0,77700,VOLCANIC_ROCK_VOUCHER_10500,83.0,7.0,,,,,84,14,,,,,83.5,0.0
0,77800,VOLCANIC_ROCK_VOUCHER_10500,82.0,15.0,,,,,83,15,,,,,82.5,0.0
0,77900,VOLCANIC_ROCK_VOUCHER_10500,82.0,12.0,,,,,83,12,,,,,82.5,0.0
0,78000,VOLCANIC_ROCK_VOUCHER_10500,79.0,19.0,,,,,80,19,,,,,79.5,0.0
0,78100,VOLCANIC_ROCK_VOUCHER_10500,,,,,,,84,5,85.0,11.0,,,84.0,0.0
0,78200,VOLCANIC_ROCK_VOUCHER_10500,82.0,19.0,,,,,83,19,,,,,82.5,0.0
0,78300,VOLCANIC_ROCK_VOUCHER_10500,82.0,13.0,,,,,83,13,,,,,82.5,0.0
0,78400,VOLCANIC_ROCK_VOUCHER_10500,83.0,16.0,,,,,84,16,,,,,83.5,0.0
0,78500,VOLCANIC_ROCK_VOUCHER_10500,84.0,12.0,,,,,85,12,,,,,84.5,0.0
0,78600,VOLCANIC_ROCK_VOUCHER_10500,81.0,21.0,,,,,82,21,,,,,81.5,0.0
0,78700,VOLCANIC_ROCK_VOUCHER_10500,80.0,11.0,,,,,81,11,,,,,80.5,0.0
0,78800,VOLCANIC_ROCK_VOUCHER_10500,80.0,13.0,,,,,81,13,,,,,80.5,0.0
0,78900,VOLCANIC_ROCK_VOUCHER_10500,78.0,13.0,,,,,79,13,,,,,78.5,0.0
0,79000,VOLCANIC_ROCK_VOUCHER_10500,80.0,20.0,,,,,81,20,,,,,80.5,0.0
0,79100,VOLCANIC_ROCK_VOUCHER_10500,77.0,11.0,,,,,78,11,,,,,77.5,0.0
0,79200,VOLCANIC_ROCK_VOUCHER_10500,75.0,20.0,,,,,76,20,,,,,75.5,0.0
0,79300,VOLCANIC_ROCK_VOUCHER_10500,77.0,13.0,,,,,78,13,,,,,77.5,0.0
0,79400,VOLCANIC_ROCK_VOUCHER_10500,75.0,0.0,,,,,76,19,,,,,75.5,0.0
0,79500,VOLCANIC_ROCK_VOUCHER_10500,79.0,15.0,,,,,80,15,,,,,79.5,0.0
0,79600,VOLCANIC_ROCK_VOUCHER_10500,79.0,16.0,,,,,80,16,,,,,79.5,0.0
0,79700,VOLCANIC_ROCK_VOUCHER_10500,76.0,22.0,,,,,77,22,,,,,76.5,0.0
0,79800,VOLCANIC_ROCK_VOUCHER_10500,75.0,18.0,,,,,76,18,,,,,75.5,0.0
0,79900,VOLCANIC_ROCK_VOUCHER_10500,76.0,14.0,,,,,77,14,,,,,76.5,0.0
0,80000,VOLCANIC_ROCK_VOUCHER_10500,75.0,21.0,,,,,76,21,,,,,75.5,0.0
0,80100,VOLCANIC_ROCK_VOUCHER_10500,75.0,11.0,,,,,76,11,,,,,75.5,0.0
0,80200,VOLCANIC_ROCK_VOUCHER_10500,74.0,19.0,,,,,75,19,,,,,74.5,0.0
0,80300,VOLCANIC_ROCK_VOUCHER_10500,73.0,17.0,,,,,74,17,,,,,73.5,0.0
0,80400,VOLCANIC_ROCK_VOUCHER_10500,73.0,12.0,,,,,74,12,,,,,73.5,0.0
0,80500,VOLCANIC_ROCK_VOUCHER_10500,,,,,,,69,1,71.0,14.0,,,69.0,0.0
0,80600,VOLCANIC_ROCK_VOUCHER_10500,71.0,20.0,,,,,72,20,,,,,71.5,0.0
0,80700,VOLCANIC_ROCK_VOUCHER_10500,69.0,15.0,,,,,70,15,,,,,69.5,0.0
0,80800,VOLCANIC_ROCK_VOUCHER_10500,69.0,12.0,,,,,70,12,,,,,69.5,0.0
0,80900,VOLCANIC_ROCK_VOUCHER_10500,70.0,15.0,,,,,71,15,,,,,70.5,0.0
0,81000,VOLCANIC_ROCK_VOUCHER_10500,72.0,15.0,,,,,73,15,,,,,72.5,0.0
0,81100,VOLCANIC_ROCK_VOUCHER_10500,72.0,16.0,,,,,73,16,,,,,72.5,0.0
0,81200,VOLCANIC_ROCK_VOUCHER_10500,75.0,13.0,,,,,76,13,,,,,75.5,0.0
0,81300,VOLCANIC_ROCK_VOUCHER_10500,76.0,13.0,,,,,77,13,,,,,76.5,0.0
0,81400,VOLCANIC_ROCK_VOUCHER_10500,74.0,20.0,,,,,75,20,,,,,74.5,0.0
0,81500,VOLCANIC_ROCK_VOUCHER_10500,75.0,16.0,,,,,76,16,,,,,75.5,0.0
0,81600,VOLCANIC_ROCK_VOUCHER_10500,77.0,16.0,,,,,78,16,,,,,77.5,0.0
0,81700,VOLCANIC_ROCK_VOUCHER_10500,79.0,3.0,,,,,80,18,,,,,79.5,0.0
0,81800,VOLCANIC_ROCK_VOUCHER_10500,80.0,19.0,,,,,81,19,,,,,80.5,0.0
0,81900,VOLCANIC_ROCK_VOUCHER_10500,80.0,34.0,,,,,81,21,,,,,80.5,0.0
0,82000,VOLCANIC_ROCK_VOUCHER_10500,79.0,19.0,,,,,80,19,,,,,79.5,0.0
0,82100,VOLCANIC_ROCK_VOUCHER_10500,80.0,14.0,,,,,81,14,,,,,80.5,0.0
0,82200,VOLCANIC_ROCK_VOUCHER_10500,80.0,15.0,,,,,81,15,,,,,80.5,0.0
0,82300,VOLCANIC_ROCK_VOUCHER_10500,80.0,19.0,,,,,81,19,,,,,80.5,0.0
0,82400,VOLCANIC_ROCK_VOUCHER_10500,86.0,17.0,,,,,87,17,,,,,86.5,0.0
0,82500,VOLCANIC_ROCK_VOUCHER_10500,84.0,15.0,,,,,85,15,,,,,84.5,0.0
0,82600,VOLCANIC_ROCK_VOUCHER_10500,83.0,13.0,,,,,84,13,,,,,83.5,0.0
0,82700,VOLCANIC_ROCK_VOUCHER_10500,82.0,21.0,,,,,83,21,,,,,82.5,0.0
0,82800,VOLCANIC_ROCK_VOUCHER_10500,84.0,15.0,,,,,85,15,,,,,84.5,0.0
0,82900,VOLCANIC_ROCK_VOUCHER_10500,84.0,18.0,,,,,85,18,,,,,84.5,0.0
0,83000,VOLCANIC_ROCK_VOUCHER_10500,87.0,13.0,,,,,88,13,,,,,87.5,0.0
0,83100,VOLCANIC_ROCK_VOUCHER_10500,88.0,1.0,,,,,89,20,,,,,88.5,0.0
0,83200,VOLCANIC_ROCK_VOUCHER_10500,92.0,12.0,,,,,93,12,,,,,92.5,0.0
0,83300,VOLCANIC_ROCK_VOUCHER_10500,88.0,16.0,,,,,89,16,,,,,88.5,0.0
0,83400,VOLCANIC_ROCK_VOUCHER_10500,90.0,15.0,,,,,91,15,,,,,90.5,0.0
0,83500,VOLCANIC_ROCK_VOUCHER_10500,92.0,18.0,,,,,93,18,,,,,92.5,0.0
0,83600,VOLCANIC_ROCK_VOUCHER_10500,91.0,11.0,,,,,92,11,,,,,91.5,0.0
0,83700,VOLCANIC_ROCK_VOUCHER_10500,90.0,14.0,,,,,91,14,,,,,90.5,0.0
0,83800,VOLCANIC_ROCK_VOUCHER_10500,93.0,12.0,,,,,94,12,,,,,93.5,0.0
0,83900,VOLCANIC_ROCK_VOUCHER_10500,92.0,12.0,,,,,93,12,,,,,92.5,0.0
0,84000,VOLCANIC_ROCK_VOUCHER_10500,90.0,12.0,,,,,91,12,,,,,90.5,0.0
0,84100,VOLCANIC_ROCK_VOUCHER_10500,87.0,18.0,,,,,88,18,,,,,87.5,0.0
0,84200,VOLCANIC_ROCK_VOUCHER_10500,89.0,15.0,,,,,90,15,,,,,89.5,0.0
0,84300,VOLCANIC_ROCK_VOUCHER_10500,88.0,20.0,,,,,89,20,,,,,88.5,0.0
0,84400,VOLCANIC_ROCK_VOUCHER_10500,90.0,16.0,,,,,91,16,,,,,90.5,0.0
0,84500,VOLCANIC_ROCK_VOUCHER_10500,95.0,16.0,,,,,96,16,,,,,95.5,0.0
0,84600,VOLCANIC_ROCK_VOUCHER_10500,93.0,16.0,,,,,94,16,,,,,93.5,0.0
0,84700,VOLCANIC_ROCK_VOUCHER_10500,93.0,20.0,,,,,94,20,,,,,93.5,0.0
0,84800,VOLCANIC_ROCK_VOUCHER_10500,,,,,,,91,4,92.0,14.0,,,91.0,0.0
0,84900,VOLCANIC_ROCK_VOUCHER_10500,91.0,13.0,,,,,92,13,,,,,91.5,0.0
0,85000,VOLCANIC_ROCK_VOUCHER_10500,89.0,14.0,,,,,90,14,,,,,89.5,0.0
0,85100,VOLCANIC_ROCK_VOUCHER_10500,88.0,13.0,,,,,89,13,,,,,88.5,0.0
0,85200,VOLCANIC_ROCK_VOUCHER_10500,89.0,17.0,,,,,90,17,,,,,89.5,0.0
0,85300,VOLCANIC_ROCK_VOUCHER_10500,91.0,15.0,,,,,92,15,,,,,91.5,0.0
0,85400,VOLCANIC_ROCK_VOUCHER_10500,90.0,17.0,,,,,91,17,,,,,90.5,0.0
0,85500,VOLCANIC_ROCK_VOUCHER_10500,90.0,19.0,,,,,91,19,,,,,90.5,0.0
0,85600,VOLCANIC_ROCK_VOUCHER_10500,92.0,21.0,,,,,93,21,,,,,92.5,0.0
0,85700,VOLCANIC_ROCK_VOUCHER_10500,91.0,17.0,,,,,92,17,,,,,91.5,0.0
0,85800,VOLCANIC_ROCK_VOUCHER_10500,91.0,17.0,,,,,92,17,,,,,91.5,0.0
0,85900,VOLCANIC_ROCK_VOUCHER_10500,96.0,28.0,,,,,97,13,,,,,96.5,0.0
0,86000,VOLCANIC_ROCK_VOUCHER_10500,96.0,14.0,,,,,97,14,,,,,96.5,0.0
0,86100,VOLCANIC_ROCK_VOUCHER_10500,94.0,19.0,,,,,95,19,,,,,94.5,0.0
0,86200,VOLCANIC_ROCK_VOUCHER_10500,95.0,10.0,,,,,96,10,,,,,95.5,0.0
0,86300,VOLCANIC_ROCK_VOUCHER_10500,96.0,21.0,,,,,97,21,,,,,96.5,0.0
0,86400,VOLCANIC_ROCK_VOUCHER_10500,98.0,12.0,,,,,99,12,,,,,98.5,0.0
0,86500,VOLCANIC_ROCK_VOUCHER_10500,99.0,12.0,,,,,100,12,,,,,99.5,0.0
0,86600,VOLCANIC_ROCK_VOUCHER_10500,99.0,13.0,,,,,100,13,,,,,99.5,0.0
0,86700,VOLCANIC_ROCK_VOUCHER_10500,101.0,15.0,,,,,102,15,,,,,101.5,0.0
0,86800,VOLCANIC_ROCK_VOUCHER_10500,102.0,12.0,,,,,103,12,,,,,102.5,0.0
0,86900,VOLCANIC_ROCK_VOUCHER_10500,103.0,12.0,,,,,104,12,,,,,103.5,0.0
0,87000,VOLCANIC_ROCK_VOUCHER_10500,100.0,16.0,,,,,101,16,,,,,100.5,0.0
0,87100,VOLCANIC_ROCK_VOUCHER_10500,100.0,13.0,,,,,101,13,,,,,100.5,0.0
0,87200,VOLCANIC_ROCK_VOUCHER_10500,102.0,16.0,,,,,103,16,,,,,102.5,0.0
0,87300,VOLCANIC_ROCK_VOUCHER_10500,101.0,16.0,,,,,102,16,,,,,101.5,0.0
0,87400,VOLCANIC_ROCK_VOUCHER_10500,101.0,10.0,,,,,102,10,,,,,101.5,0.0
0,87500,VOLCANIC_ROCK_VOUCHER_10500,104.0,10.0,,,,,105,10,,,,,104.5,0.0
0,87600,VOLCANIC_ROCK_VOUCHER_10500,104.0,20.0,,,,,105,20,,,,,104.5,0.0
0,87700,VOLCANIC_ROCK_VOUCHER_10500,102.0,12.0,,,,,103,12,,,,,102.5,0.0
0,87800,VOLCANIC_ROCK_VOUCHER_10500,102.0,22.0,,,,,103,22,,,,,102.5,0.0
0,87900,VOLCANIC_ROCK_VOUCHER_10500,102.0,15.0,,,,,103,15,,,,,102.5,0.0
0,88000,VOLCANIC_ROCK_VOUCHER_10500,100.0,20.0,,,,,101,20,,,,,100.5,0.0
0,88100,VOLCANIC_ROCK_VOUCHER_10500,100.0,15.0,,,,,101,15,,,,,100.5,0.0
0,88200,VOLCANIC_ROCK_VOUCHER_10500,98.0,10.0,,,,,99,10,,,,,98.5,0.0
0,88300,VOLCANIC_ROCK_VOUCHER_10500,99.0,12.0,,,,,100,12,,,,,99.5,0.0
0,88400,VOLCANIC_ROCK_VOUCHER_10500,101.0,17.0,,,,,102,17,,,,,101.5,0.0
0,88500,VOLCANIC_ROCK_VOUCHER_10500,103.0,22.0,,,,,104,22,,,,,103.5,0.0
0,88600,VOLCANIC_ROCK_VOUCHER_10500,101.0,20.0,,,,,102,20,,,,,101.5,0.0
0,88700,VOLCANIC_ROCK_VOUCHER_10500,100.0,13.0,,,,,101,13,,,,,100.5,0.0
0,88800,VOLCANIC_ROCK_VOUCHER_10500,98.0,27.0,,,,,99,17,,,,,98.5,0.0
0,88900,VOLCANIC_ROCK_VOUCHER_10500,95.0,20.0,,,,,96,20,,,,,95.5,0.0
0,89000,VOLCANIC_ROCK_VOUCHER_10500,94.0,22.0,,,,,95,22,,,,,94.5,0.0
0,89100,VOLCANIC_ROCK_VOUCHER_10500,93.0,10.0,,,,,94,10,,,,,93.5,0.0
0,89200,VOLCANIC_ROCK_VOUCHER_10500,92.0,18.0,,,,,93,18,,,,,92.5,0.0
0,89300,VOLCANIC_ROCK_VOUCHER_10500,95.0,16.0,,,,,96,16,,,,,95.5,0.0
0,89400,VOLCANIC_ROCK_VOUCHER_10500,95.0,20.0,,,,,96,20,,,,,95.5,0.0
0,89500,VOLCANIC_ROCK_VOUCHER_10500,95.0,14.0,,,,,96,14,,,,,95.5,0.0
0,89600,VOLCANIC_ROCK_VOUCHER_10500,97.0,4.0,,,,,98,19,,,,,97.5,0.0
0,89700,VOLCANIC_ROCK_VOUCHER_10500,95.0,17.0,,,,,96,17,,,,,95.5,0.0
0,89800,VOLCANIC_ROCK_VOUCHER_10500,97.0,21.0,,,,,98,21,,,,,97.5,0.0
0,89900,VOLCANIC_ROCK_VOUCHER_10500,98.0,20.0,,,,,99,20,,,,,98.5,0.0
0,90000,VOLCANIC_ROCK_VOUCHER_10500,96.0,14.0,,,,,97,14,,,,,96.5,0.0
0,90100,VOLCANIC_ROCK_VOUCHER_10500,95.0,23.0,,,,,96,13,,,,,95.5,0.0
0,90200,VOLCANIC_ROCK_VOUCHER_10500,96.0,19.0,,,,,97,19,,,,,96.5,0.0
0,90300,VOLCANIC_ROCK_VOUCHER_10500,96.0,19.0,,,,,97,19,,,,,96.5,0.0
0,90400,VOLCANIC_ROCK_VOUCHER_10500,,,,,,,95,5,96.0,11.0,,,95.0,0.0
0,90500,VOLCANIC_ROCK_VOUCHER_10500,93.0,13.0,,,,,94,13,,,,,93.5,0.0
0,90600,VOLCANIC_ROCK_VOUCHER_10500,90.0,11.0,,,,,91,11,,,,,90.5,0.0
0,90700,VOLCANIC_ROCK_VOUCHER_10500,90.0,19.0,,,,,91,19,,,,,90.5,0.0
0,90800,VOLCANIC_ROCK_VOUCHER_10500,,,,,,,86,6,87.0,12.0,,,86.0,0.0
0,90900,VOLCANIC_ROCK_VOUCHER_10500,85.0,11.0,,,,,86,11,,,,,85.5,0.0
0,91000,VOLCANIC_ROCK_VOUCHER_10500,86.0,20.0,,,,,87,20,,,,,86.5,0.0
0,91100,VOLCANIC_ROCK_VOUCHER_10500,84.0,21.0,,,,,85,21,,,,,84.5,0.0
0,91200,VOLCANIC_ROCK_VOUCHER_10500,83.0,21.0,,,,,84,21,,,,,83.5,0.0
0,91300,VOLCANIC_ROCK_VOUCHER_10500,84.0,13.0,,,,,85,13,,,,,84.5,0.0
0,91400,VOLCANIC_ROCK_VOUCHER_10500,84.0,20.0,,,,,85,20,,,,,84.5,0.0
0,91500,VOLCANIC_ROCK_VOUCHER_10500,85.0,14.0,,,,,86,14,,,,,85.5,0.0
0,91600,VOLCANIC_ROCK_VOUCHER_10500,89.0,16.0,,,,,90,16,,,,,89.5,0.0
0,91700,VOLCANIC_ROCK_VOUCHER_10500,89.0,20.0,,,,,90,20,,,,,89.5,0.0
0,91800,VOLCANIC_ROCK_VOUCHER_10500,87.0,12.0,,,,,88,12,,,,,87.5,0.0
0,91900,VOLCANIC_ROCK_VOUCHER_10500,87.0,14.0,,,,,88,14,,,,,87.5,0.0
0,92000,VOLCANIC_ROCK_VOUCHER_10500,89.0,15.0,,,,,90,15,,,,,89.5,0.0
0,92100,VOLCANIC_ROCK_VOUCHER_10500,89.0,15.0,,,,,90,15,,,,,89.5,0.0
0,92200,VOLCANIC_ROCK_VOUCHER_10500,86.0,18.0,,,,,87,18,,,,,86.5,0.0
0,92300,VOLCANIC_ROCK_VOUCHER_10500,86.0,6.0,,,,,87,16,,,,,86.5,0.0
0,92400,VOLCANIC_ROCK_VOUCHER_10500,,,,,,,88,5,89.0,12.0,,,88.0,0.0
0,92500,VOLCANIC_ROCK_VOUCHER_10500,88.0,12.0,,,,,89,12,,,,,88.5,0.0
0,92600,VOLCANIC_ROCK_VOUCHER_10500,88.0,13.0,,,,,89,13,,,,,88.5,0.0
0,92700,VOLCANIC_ROCK_VOUCHER_10500,88.0,17.0,,,,,89,17,,,,,88.5,0.0
0,92800,VOLCANIC_ROCK_VOUCHER_10500,88.0,11.0,,,,,89,11,,,,,88.5,0.0
0,92900,VOLCANIC_ROCK_VOUCHER_10500,,,,,,,87,1,88.0,18.0,,,87.0,0.0
0,93000,VOLCANIC_ROCK_VOUCHER_10500,88.0,14.0,,,,,89,14,,,,,88.5,0.0
0,93100,VOLCANIC_ROCK_VOUCHER_10500,91.0,22.0,,,,,92,22,,,,,91.5,0.0
0,93200,VOLCANIC_ROCK_VOUCHER_10500,91.0,20.0,,,,,92,20,,,,,91.5,0.0
0,93300,VOLCANIC_ROCK_VOUCHER_10500,89.0,19.0,,,,,90,19,,,,,89.5,0.0
0,93400,VOLCANIC_ROCK_VOUCHER_10500,87.0,14.0,,,,,88,14,,,,,87.5,0.0
0,93500,VOLCANIC_ROCK_VOUCHER_10500,87.0,15.0,,,,,88,15,,,,,87.5,0.0
0,93600,VOLCANIC_ROCK_VOUCHER_10500,88.0,21.0,,,,,89,21,,,,,88.5,0.0
0,93700,VOLCANIC_ROCK_VOUCHER_10500,89.0,11.0,,,,,90,13,,,,,89.5,0.0
0,93800,VOLCANIC_ROCK_VOUCHER_10500,88.0,5.0,,,,,89,20,,,,,88.5,0.0
0,93900,VOLCANIC_ROCK_VOUCHER_10500,,,,,,,91,3,92.0,14.0,,,91.0,0.0
0,94000,VOLCANIC_ROCK_VOUCHER_10500,91.0,21.0,,,,,92,21,,,,,91.5,0.0
0,94100,VOLCANIC_ROCK_VOUCHER_10500,90.0,10.0,,,,,91,10,,,,,90.5,0.0
0,94200,VOLCANIC_ROCK_VOUCHER_10500,90.0,17.0,,,,,91,17,,,,,90.5,0.0
0,94300,VOLCANIC_ROCK_VOUCHER_10500,90.0,15.0,,,,,91,15,,,,,90.5,0.0
0,94400,VOLCANIC_ROCK_VOUCHER_10500,92.0,19.0,,,,,93,19,,,,,92.5,0.0
0,94500,VOLCANIC_ROCK_VOUCHER_10500,92.0,17.0,,,,,93,17,,,,,92.5,0.0
0,94600,VOLCANIC_ROCK_VOUCHER_10500,89.0,11.0,,,,,90,11,,,,,89.5,0.0
0,94700,VOLCANIC_ROCK_VOUCHER_10500,89.0,16.0,,,,,90,16,,,,,89.5,0.0
0,94800,VOLCANIC_ROCK_VOUCHER_10500,90.0,14.0,,,,,91,14,,,,,90.5,0.0
0,94900,VOLCANIC_ROCK_VOUCHER_10500,92.0,21.0,,,,,93,21,,,,,92.5,0.0
0,95000,VOLCANIC_ROCK_VOUCHER_10500,91.0,16.0,,,,,92,16,,,,,91.5,0.0
0,95100,VOLCANIC_ROCK_VOUCHER_10500,93.0,17.0,,,,,94,17,,,,,93.5,0.0
0,95200,VOLCANIC_ROCK_VOUCHER_10500,93.0,12.0,,,,,94,12,,,,,93.5,0.0
0,95300,VOLCANIC_ROCK_VOUCHER_10500,93.0,21.0,,,,,94,21,,,,,93.5,0.0
0,95400,VOLCANIC_ROCK_VOUCHER_10500,94.0,12.0,,,,,95,12,,,,,94.5,0.0
0,95500,VOLCANIC_ROCK_VOUCHER_10500,93.0,17.0,,,,,94,17,,,,,93.5,0.0
0,95600,VOLCANIC_ROCK_VOUCHER_10500,96.0,11.0,,,,,97,11,,,,,96.5,0.0
0,95700,VOLCANIC_ROCK_VOUCHER_10500,92.0,22.0,,,,,93,22,,,,,92.5,0.0
0,95800,VOLCANIC_ROCK_VOUCHER_10500,91.0,15.0,,,,,92,15,,,,,91.5,0.0
0,95900,VOLCANIC_ROCK_VOUCHER_10500,89.0,19.0,,,,,90,19,,,,,89.5,0.0
0,96000,VOLCANIC_ROCK_VOUCHER_10500,87.0,19.0,,,,,88,19,,,,,87.5,0.0
0,96100,VOLCANIC_ROCK_VOUCHER_10500,84.0,19.0,,,,,85,19,,,,,84.5,0.0
0,96200,VOLCANIC_ROCK_VOUCHER_10500,86.0,12.0,,,,,87,12,,,,,86.5,0.0
0,96300,VOLCANIC_ROCK_VOUCHER_10500,84.0,20.0,,,,,85,20,,,,,84.5,0.0
0,96400,VOLCANIC_ROCK_VOUCHER_10500,83.0,19.0,,,,,84,19,,,,,83.5,0.0
0,96500,VOLCANIC_ROCK_VOUCHER_10500,85.0,19.0,,,,,86,19,,,,,85.5,0.0
0,96600,VOLCANIC_ROCK_VOUCHER_10500,86.0,30.0,,,,,87,14,,,,,86.5,0.0
0,96700,VOLCANIC_ROCK_VOUCHER_10500,86.0,16.0,,,,,87,16,,,,,86.5,0.0
0,96800,VOLCANIC_ROCK_VOUCHER_10500,85.0,16.0,,,,,86,16,,,,,85.5,0.0
0,96900,VOLCANIC_ROCK_VOUCHER_10500,86.0,18.0,,,,,87,18,,,,,86.5,0.0
0,97000,VOLCANIC_ROCK_VOUCHER_10500,86.0,22.0,,,,,87,22,,,,,86.5,0.0
0,97100,VOLCANIC_ROCK_VOUCHER_10500,87.0,19.0,,,,,88,19,,,,,87.5,0.0
0,97200,VOLCANIC_ROCK_VOUCHER_10500,85.0,14.0,,,,,86,14,,,,,85.5,0.0
0,97300,VOLCANIC_ROCK_VOUCHER_10500,84.0,17.0,,,,,85,17,,,,,84.5,0.0
0,97400,VOLCANIC_ROCK_VOUCHER_10500,86.0,22.0,,,,,87,22,,,,,86.5,0.0
0,97500,VOLCANIC_ROCK_VOUCHER_10500,86.0,20.0,,,,,87,20,,,,,86.5,0.0
0,97600,VOLCANIC_ROCK_VOUCHER_10500,86.0,10.0,,,,,87,10,,,,,86.5,0.0
0,97700,VOLCANIC_ROCK_VOUCHER_10500,85.0,17.0,,,,,86,17,,,,,85.5,0.0
0,97800,VOLCANIC_ROCK_VOUCHER_10500,86.0,15.0,,,,,87,15,,,,,86.5,0.0
0,97900,VOLCANIC_ROCK_VOUCHER_10500,83.0,18.0,,,,,84,18,,,,,83.5,0.0
0,98000,VOLCANIC_ROCK_VOUCHER_10500,81.0,25.0,,,,,82,13,,,,,81.5,0.0
0,98100,VOLCANIC_ROCK_VOUCHER_10500,80.0,14.0,,,,,81,14,,,,,80.5,0.0
0,98200,VOLCANIC_ROCK_VOUCHER_10500,78.0,17.0,,,,,79,17,,,,,78.5,0.0
0,98300,VOLCANIC_ROCK_VOUCHER_10500,78.0,33.0,,,,,79,20,,,,,78.5,0.0
0,98400,VOLCANIC_ROCK_VOUCHER_10500,77.0,12.0,,,,,78,12,,,,,77.5,0.0
0,98500,VOLCANIC_ROCK_VOUCHER_10500,78.0,17.0,,,,,79,17,,,,,78.5,0.0
0,98600,VOLCANIC_ROCK_VOUCHER_10500,79.0,18.0,,,,,80,18,,,,,79.5,0.0
0,98700,VOLCANIC_ROCK_VOUCHER_10500,80.0,21.0,,,,,81,21,,,,,80.5,0.0
0,98800,VOLCANIC_ROCK_VOUCHER_10500,78.0,16.0,,,,,79,16,,,,,78.5,0.0
0,98900,VOLCANIC_ROCK_VOUCHER_10500,78.0,18.0,,,,,79,18,,,,,78.5,0.0
0,99000,VOLCANIC_ROCK_VOUCHER_10500,76.0,41.0,,,,,77,21,,,,,76.5,0.0
0,99100,VOLCANIC_ROCK_VOUCHER_10500,77.0,22.0,,,,,78,22,,,,,77.5,0.0
0,99200,VOLCANIC_ROCK_VOUCHER_10500,75.0,16.0,,,,,76,16,,,,,75.5,0.0
0,99300,VOLCANIC_ROCK_VOUCHER_10500,73.0,18.0,,,,,74,18,,,,,73.5,0.0
0,99400,VOLCANIC_ROCK_VOUCHER_10500,73.0,20.0,,,,,74,20,,,,,73.5,0.0
0,99500,VOLCANIC_ROCK_VOUCHER_10500,72.0,16.0,,,,,73,16,,,,,72.5,0.0
0,99600,VOLCANIC_ROCK_VOUCHER_10500,72.0,13.0,,,,,73,13,,,,,72.5,0.0
0,99700,VOLCANIC_ROCK_VOUCHER_10500,72.0,15.0,,,,,73,15,,,,,72.5,0.0
0,99800,VOLCANIC_ROCK_VOUCHER_10500,71.0,16.0,,,,,72,16,,,,,71.5,0.0
0,99900,VOLCANIC_ROCK_VOUCHER_10500,71.0,12.0,,,,,72,12,,,,,71.5,0.0
0,100000,VOLCANIC_ROCK_VOUCHER_10500,71.0,20.0,,,,,72,20,,,,,71.5,0.0
0,100100,VOLCANIC_ROCK_VOUCHER_10500,74.0,10.0,,,,,75,19,,,,,74.5,0.0
0,100200,VOLCANIC_ROCK_VOUCHER_10500,74.0,16.0,,,,,75,16,,,,,74.5,0.0
0,100300,VOLCANIC_ROCK_VOUCHER_10500,73.0,16.0,,,,,74,16,,,,,73.5,0.0
0,100400,VOLCANIC_ROCK_VOUCHER_10500,73.0,11.0,,,,,74,11,,,,,73.5,0.0
0,100500,VOLCANIC_ROCK_VOUCHER_10500,74.0,12.0,,,,,75,12,,,,,74.5,0.0
0,100600,VOLCANIC_ROCK_VOUCHER_10500,73.0,13.0,,,,,74,13,,,,,73.5,0.0
0,100700,VOLCANIC_ROCK_VOUCHER_10500,73.0,13.0,,,,,74,13,,,,,73.5,0.0
0,100800,VOLCANIC_ROCK_VOUCHER_10500,74.0,15.0,,,,,75,15,,,,,74.5,0.0
0,100900,VOLCANIC_ROCK_VOUCHER_10500,73.0,13.0,,,,,74,13,,,,,73.5,0.0
0,101000,VOLCANIC_ROCK_VOUCHER_10500,73.0,3.0,,,,,74,21,,,,,73.5,0.0
0,101100,VOLCANIC_ROCK_VOUCHER_10500,73.0,20.0,,,,,74,20,,,,,73.5,0.0
0,101200,VOLCANIC_ROCK_VOUCHER_10500,73.0,19.0,,,,,74,19,,,,,73.5,0.0
0,101300,VOLCANIC_ROCK_VOUCHER_10500,73.0,14.0,,,,,74,14,,,,,73.5,0.0
0,101400,VOLCANIC_ROCK_VOUCHER_10500,75.0,10.0,,,,,76,10,,,,,75.5,0.0
0,101500,VOLCANIC_ROCK_VOUCHER_10500,77.0,12.0,,,,,78,12,,,,,77.5,0.0
0,101600,VOLCANIC_ROCK_VOUCHER_10500,76.0,21.0,,,,,77,21,,,,,76.5,0.0
0,101700,VOLCANIC_ROCK_VOUCHER_10500,77.0,20.0,,,,,78,20,,,,,77.5,0.0
0,101800,VOLCANIC_ROCK_VOUCHER_10500,75.0,18.0,,,,,76,18,,,,,75.5,0.0
0,101900,VOLCANIC_ROCK_VOUCHER_10500,77.0,17.0,,,,,78,17,,,,,77.5,0.0
0,102000,VOLCANIC_ROCK_VOUCHER_10500,77.0,20.0,,,,,78,20,,,,,77.5,0.0
0,102100,VOLCANIC_ROCK_VOUCHER_10500,78.0,12.0,,,,,79,12,,,,,78.5,0.0
0,102200,VOLCANIC_ROCK_VOUCHER_10500,81.0,2.0,,,,,82,21,,,,,81.5,0.0
0,102300,VOLCANIC_ROCK_VOUCHER_10500,84.0,11.0,,,,,85,11,,,,,84.5,0.0
0,102400,VOLCANIC_ROCK_VOUCHER_10500,85.0,12.0,,,,,86,12,,,,,85.5,0.0
0,102500,VOLCANIC_ROCK_VOUCHER_10500,91.0,16.0,,,,,92,16,,,,,91.5,0.0
0,102600,VOLCANIC_ROCK_VOUCHER_10500,89.0,12.0,,,,,90,12,,,,,89.5,0.0
0,102700,VOLCANIC_ROCK_VOUCHER_10500,87.0,11.0,,,,,89,11,,,,,88.0,0.0
0,102800,VOLCANIC_ROCK_VOUCHER_10500,83.0,20.0,,,,,84,20,,,,,83.5,0.0
0,102900,VOLCANIC_ROCK_VOUCHER_10500,80.0,19.0,,,,,81,19,,,,,80.5,0.0
0,103000,VOLCANIC_ROCK_VOUCHER_10500,79.0,4.0,,,,,80,16,,,,,79.5,0.0
0,103100,VOLCANIC_ROCK_VOUCHER_10500,78.0,15.0,,,,,79,15,,,,,78.5,0.0
0,103200,VOLCANIC_ROCK_VOUCHER_10500,79.0,18.0,,,,,80,18,,,,,79.5,0.0
0,103300,VOLCANIC_ROCK_VOUCHER_10500,79.0,14.0,,,,,80,14,,,,,79.5,0.0
0,103400,VOLCANIC_ROCK_VOUCHER_10500,78.0,19.0,,,,,79,19,,,,,78.5,0.0
0,103500,VOLCANIC_ROCK_VOUCHER_10500,77.0,16.0,,,,,78,1,79.0,15.0,,,77.5,0.0
0,103600,VOLCANIC_ROCK_VOUCHER_10500,78.0,15.0,,,,,79,15,,,,,78.5,0.0
0,103700,VOLCANIC_ROCK_VOUCHER_10500,79.0,13.0,,,,,80,13,,,,,79.5,0.0
0,103800,VOLCANIC_ROCK_VOUCHER_10500,80.0,17.0,,,,,81,17,,,,,80.5,0.0
0,103900,VOLCANIC_ROCK_VOUCHER_10500,78.0,17.0,,,,,79,17,,,,,78.5,0.0
0,104000,VOLCANIC_ROCK_VOUCHER_10500,77.0,32.0,,,,,78,18,,,,,77.5,0.0
0,104100,VOLCANIC_ROCK_VOUCHER_10500,80.0,11.0,,,,,81,11,,,,,80.5,0.0
0,104200,VOLCANIC_ROCK_VOUCHER_10500,80.0,17.0,,,,,81,17,,,,,80.5,0.0
0,104300,VOLCANIC_ROCK_VOUCHER_10500,77.0,19.0,,,,,78,19,,,,,77.5,0.0
0,104400,VOLCANIC_ROCK_VOUCHER_10500,77.0,20.0,,,,,78,20,,,,,77.5,0.0
0,104500,VOLCANIC_ROCK_VOUCHER_10500,74.0,20.0,,,,,75,20,,,,,74.5,0.0
0,104600,VOLCANIC_ROCK_VOUCHER_10500,73.0,20.0,,,,,74,20,,,,,73.5,0.0
0,104700,VOLCANIC_ROCK_VOUCHER_10500,72.0,18.0,,,,,73,18,,,,,72.5,0.0
0,104800,VOLCANIC_ROCK_VOUCHER_10500,72.0,11.0,,,,,73,11,,,,,72.5,0.0
0,104900,VOLCANIC_ROCK_VOUCHER_10500,72.0,16.0,,,,,73,16,,,,,72.5,0.0
0,105000,VOLCANIC_ROCK_VOUCHER_10500,73.0,16.0,,,,,74,16,,,,,73.5,0.0
0,105100,VOLCANIC_ROCK_VOUCHER_10500,74.0,19.0,,,,,75,19,,,,,74.5,0.0
0,105200,VOLCANIC_ROCK_VOUCHER_10500,76.0,19.0,,,,,77,19,,,,,76.5,0.0
0,105300,VOLCANIC_ROCK_VOUCHER_10500,75.0,2.0,,,,,76,20,,,,,75.5,0.0
0,105400,VOLCANIC_ROCK_VOUCHER_10500,76.0,17.0,,,,,77,17,,,,,76.5,0.0
0,105500,VOLCANIC_ROCK_VOUCHER_10500,77.0,11.0,,,,,78,19,,,,,77.5,0.0
0,105600,VOLCANIC_ROCK_VOUCHER_10500,75.0,11.0,,,,,76,11,,,,,75.5,0.0
0,105700,VOLCANIC_ROCK_VOUCHER_10500,74.0,15.0,,,,,75,15,,,,,74.5,0.0
0,105800,VOLCANIC_ROCK_VOUCHER_10500,76.0,20.0,,,,,77,20,,,,,76.5,0.0
0,105900,VOLCANIC_ROCK_VOUCHER_10500,76.0,10.0,,,,,77,10,,,,,76.5,0.0
0,106000,VOLCANIC_ROCK_VOUCHER_10500,76.0,21.0,,,,,77,21,,,,,76.5,0.0
0,106100,VOLCANIC_ROCK_VOUCHER_10500,77.0,13.0,,,,,78,13,,,,,77.5,0.0
0,106200,VOLCANIC_ROCK_VOUCHER_10500,76.0,18.0,,,,,77,18,,,,,76.5,0.0
0,106300,VOLCANIC_ROCK_VOUCHER_10500,75.0,12.0,,,,,76,12,,,,,75.5,0.0
0,106400,VOLCANIC_ROCK_VOUCHER_10500,72.0,33.0,,,,,73,13,,,,,72.5,0.0
0,106500,VOLCANIC_ROCK_VOUCHER_10500,73.0,17.0,,,,,74,17,,,,,73.5,0.0
0,106600,VOLCANIC_ROCK_VOUCHER_10500,74.0,13.0,,,,,75,13,,,,,74.5,0.0
0,106700,VOLCANIC_ROCK_VOUCHER_10500,74.0,12.0,,,,,75,12,,,,,74.5,0.0
0,106800,VOLCANIC_ROCK_VOUCHER_10500,73.0,18.0,,,,,74,18,,,,,73.5,0.0
0,106900,VOLCANIC_ROCK_VOUCHER_10500,,,,,,,74,5,75.0,15.0,,,74.0,0.0
0,107000,VOLCANIC_ROCK_VOUCHER_10500,73.0,15.0,,,,,74,15,,,,,73.5,0.0
0,107100,VOLCANIC_ROCK_VOUCHER_10500,74.0,18.0,,,,,75,18,,,,,74.5,0.0
0,107200,VOLCANIC_ROCK_VOUCHER_10500,73.0,17.0,,,,,74,17,,,,,73.5,0.0
0,107300,VOLCANIC_ROCK_VOUCHER_10500,74.0,11.0,,,,,75,11,,,,,74.5,0.0
0,107400,VOLCANIC_ROCK_VOUCHER_10500,72.0,20.0,,,,,73,15,,,,,72.5,0.0
0,107500,VOLCANIC_ROCK_VOUCHER_10500,73.0,13.0,,,,,74,13,,,,,73.5,0.0
0,107600,VOLCANIC_ROCK_VOUCHER_10500,74.0,16.0,,,,,75,16,,,,,74.5,0.0
0,107700,VOLCANIC_ROCK_VOUCHER_10500,72.0,19.0,,,,,73,19,,,,,72.5,0.0
0,107800,VOLCANIC_ROCK_VOUCHER_10500,76.0,27.0,,,,,77,13,,,,,76.5,0.0
0,107900,VOLCANIC_ROCK_VOUCHER_10500,75.0,15.0,,,,,76,15,,,,,75.5,0.0
0,108000,VOLCANIC_ROCK_VOUCHER_10500,75.0,19.0,,,,,76,19,,,,,75.5,0.0
0,108100,VOLCANIC_ROCK_VOUCHER_10500,74.0,20.0,,,,,75,20,,,,,74.5,0.0
0,108200,VOLCANIC_ROCK_VOUCHER_10500,74.0,12.0,,,,,75,12,,,,,74.5,0.0
0,108300,VOLCANIC_ROCK_VOUCHER_10500,74.0,15.0,,,,,75,15,,,,,74.5,0.0
0,108400,VOLCANIC_ROCK_VOUCHER_10500,,,,,,,73,3,74.0,15.0,,,73.0,0.0
0,108500,VOLCANIC_ROCK_VOUCHER_10500,72.0,34.0,,,,,73,14,,,,,72.5,0.0
0,108600,VOLCANIC_ROCK_VOUCHER_10500,73.0,11.0,,,,,74,11,,,,,73.5,0.0
0,108700,VOLCANIC_ROCK_VOUCHER_10500,,,,,,,72,1,73.0,13.0,,,72.0,0.0
0,108800,VOLCANIC_ROCK_VOUCHER_10500,73.0,17.0,,,,,74,17,,,,,73.5,0.0
0,108900,VOLCANIC_ROCK_VOUCHER_10500,74.0,18.0,,,,,75,18,,,,,74.5,0.0
0,109000,VOLCANIC_ROCK_VOUCHER_10500,73.0,11.0,,,,,74,11,,,,,73.5,0.0
0,109100,VOLCANIC_ROCK_VOUCHER_10500,,,,,,,74,7,75.0,13.0,,,74.0,0.0
0,109200,VOLCANIC_ROCK_VOUCHER_10500,75.0,11.0,,,,,76,11,,,,,75.5,0.0
0,109300,VOLCANIC_ROCK_VOUCHER_10500,,,,,,,75,5,76.0,13.0,,,75.0,0.0
0,109400,VOLCANIC_ROCK_VOUCHER_10500,76.0,19.0,,,,,77,19,,,,,76.5,0.0
0,109500,VOLCANIC_ROCK_VOUCHER_10500,78.0,16.0,,,,,79,16,,,,,78.5,0.0
0,109600,VOLCANIC_ROCK_VOUCHER_10500,77.0,15.0,,,,,78,15,,,,,77.5,0.0
0,109700,VOLCANIC_ROCK_VOUCHER_10500,75.0,12.0,,,,,76,12,,,,,75.5,0.0
0,109800,VOLCANIC_ROCK_VOUCHER_10500,75.0,15.0,,,,,76,15,,,,,75.5,0.0
0,109900,VOLCANIC_ROCK_VOUCHER_10500,73.0,16.0,,,,,74,16,,,,,73.5,0.0
0,110000,VOLCANIC_ROCK_VOUCHER_10500,73.0,17.0,,,,,74,17,,,,,73.5,0.0
0,110100,VOLCANIC_ROCK_VOUCHER_10500,74.0,19.0,,,,,75,19,,,,,74.5,0.0
0,110200,VOLCANIC_ROCK_VOUCHER_10500,74.0,18.0,,,,,75,18,,,,,74.5,0.0
0,110300,VOLCANIC_ROCK_VOUCHER_10500,76.0,16.0,,,,,77,16,,,,,76.5,0.0
0,110400,VOLCANIC_ROCK_VOUCHER_10500,75.0,14.0,,,,,76,14,,,,,75.5,0.0
0,110500,VOLCANIC_ROCK_VOUCHER_10500,76.0,14.0,,,,,77,14,,,,,76.5,0.0
0,110600,VOLCANIC_ROCK_VOUCHER_10500,75.0,17.0,,,,,76,17,,,,,75.5,0.0
0,110700,VOLCANIC_ROCK_VOUCHER_10500,75.0,16.0,,,,,76,16,,,,,75.5,0.0
0,110800,VOLCANIC_ROCK_VOUCHER_10500,73.0,32.0,,,,,74,21,,,,,73.5,0.0
0,110900,VOLCANIC_ROCK_VOUCHER_10500,75.0,4.0,,,,,76,15,,,,,75.5,0.0
0,111000,VOLCANIC_ROCK_VOUCHER_10500,75.0,18.0,,,,,76,18,,,,,75.5,0.0
0,111100,VOLCANIC_ROCK_VOUCHER_10500,74.0,11.0,,,,,75,11,,,,,74.5,0.0
0,111200,VOLCANIC_ROCK_VOUCHER_10500,73.0,16.0,,,,,74,16,,,,,73.5,0.0
0,111300,VOLCANIC_ROCK_VOUCHER_10500,75.0,13.0,,,,,76,13,,,,,75.5,0.0
0,111400,VOLCANIC_ROCK_VOUCHER_10500,77.0,11.0,,,,,78,11,,,,,77.5,0.0
0,111500,VOLCANIC_ROCK_VOUCHER_10500,81.0,12.0,,,,,82,12,,,,,81.5,0.0
0,111600,VOLCANIC_ROCK_VOUCHER_10500,80.0,21.0,,,,,81,21,,,,,80.5,0.0
0,111700,VOLCANIC_ROCK_VOUCHER_10500,80.0,4.0,,,,,81,18,,,,,80.5,0.0
0,111800,VOLCANIC_ROCK_VOUCHER_10500,79.0,14.0,,,,,80,14,,,,,79.5,0.0
0,111900,VOLCANIC_ROCK_VOUCHER_10500,79.0,19.0,,,,,80,19,,,,,79.5,0.0
0,112000,VOLCANIC_ROCK_VOUCHER_10500,77.0,21.0,,,,,78,21,,,,,77.5,0.0
0,112100,VOLCANIC_ROCK_VOUCHER_10500,77.0,18.0,,,,,78,18,,,,,77.5,0.0
0,112200,VOLCANIC_ROCK_VOUCHER_10500,78.0,11.0,,,,,79,11,,,,,78.5,0.0
0,112300,VOLCANIC_ROCK_VOUCHER_10500,79.0,40.0,,,,,80,22,,,,,79.5,0.0
0,112400,VOLCANIC_ROCK_VOUCHER_10500,79.0,10.0,,,,,80,10,,,,,79.5,0.0
0,112500,VOLCANIC_ROCK_VOUCHER_10500,80.0,17.0,,,,,81,17,,,,,80.5,0.0
0,112600,VOLCANIC_ROCK_VOUCHER_10500,80.0,19.0,,,,,81,19,,,,,80.5,0.0
0,112700,VOLCANIC_ROCK_VOUCHER_10500,80.0,11.0,,,,,81,11,,,,,80.5,0.0
0,112800,VOLCANIC_ROCK_VOUCHER_10500,78.0,20.0,,,,,79,20,,,,,78.5,0.0
0,112900,VOLCANIC_ROCK_VOUCHER_10500,78.0,15.0,,,,,79,15,,,,,78.5,0.0
0,113000,VOLCANIC_ROCK_VOUCHER_10500,79.0,21.0,,,,,80,21,,,,,79.5,0.0
0,113100,VOLCANIC_ROCK_VOUCHER_10500,80.0,20.0,,,,,81,20,,,,,80.5,0.0
0,113200,VOLCANIC_ROCK_VOUCHER_10500,81.0,21.0,,,,,82,21,,,,,81.5,0.0
0,113300,VOLCANIC_ROCK_VOUCHER_10500,82.0,20.0,,,,,83,20,,,,,82.5,0.0
0,113400,VOLCANIC_ROCK_VOUCHER_10500,81.0,15.0,,,,,82,15,,,,,81.5,0.0
0,113500,VOLCANIC_ROCK_VOUCHER_10500,81.0,13.0,,,,,82,13,,,,,81.5,0.0
0,113600,VOLCANIC_ROCK_VOUCHER_10500,82.0,17.0,,,,,83,17,,,,,82.5,0.0
0,113700,VOLCANIC_ROCK_VOUCHER_10500,82.0,20.0,,,,,83,20,,,,,82.5,0.0
0,113800,VOLCANIC_ROCK_VOUCHER_10500,82.0,20.0,,,,,83,20,,,,,82.5,0.0
0,113900,VOLCANIC_ROCK_VOUCHER_10500,82.0,11.0,,,,,83,11,,,,,82.5,0.0
0,114000,VOLCANIC_ROCK_VOUCHER_10500,82.0,19.0,,,,,83,19,,,,,82.5,0.0
0,114100,VOLCANIC_ROCK_VOUCHER_10500,85.0,21.0,,,,,86,21,,,,,85.5,0.0
0,114200,VOLCANIC_ROCK_VOUCHER_10500,86.0,13.0,,,,,87,13,,,,,86.5,0.0
0,114300,VOLCANIC_ROCK_VOUCHER_10500,85.0,12.0,,,,,86,12,,,,,85.5,0.0
0,114400,VOLCANIC_ROCK_VOUCHER_10500,85.0,14.0,,,,,86,14,,,,,85.5,0.0
0,114500,VOLCANIC_ROCK_VOUCHER_10500,85.0,17.0,,,,,86,17,,,,,85.5,0.0
0,114600,VOLCANIC_ROCK_VOUCHER_10500,84.0,18.0,,,,,85,18,,,,,84.5,0.0
0,114700,VOLCANIC_ROCK_VOUCHER_10500,84.0,19.0,,,,,85,19,,,,,84.5,0.0
0,114800,VOLCANIC_ROCK_VOUCHER_10500,84.0,14.0,,,,,85,14,,,,,84.5,0.0
0,114900,VOLCANIC_ROCK_VOUCHER_10500,86.0,12.0,,,,,87,12,,,,,86.5,0.0
0,115000,VOLCANIC_ROCK_VOUCHER_10500,85.0,15.0,,,,,86,15,,,,,85.5,0.0
0,115100,VOLCANIC_ROCK_VOUCHER_10500,85.0,15.0,,,,,86,15,,,,,85.5,0.0
0,115200,VOLCANIC_ROCK_VOUCHER_10500,85.0,20.0,,,,,86,20,,,,,85.5,0.0
0,115300,VOLCANIC_ROCK_VOUCHER_10500,83.0,14.0,,,,,84,14,,,,,83.5,0.0
0,115400,VOLCANIC_ROCK_VOUCHER_10500,85.0,16.0,,,,,86,16,,,,,85.5,0.0
0,115500,VOLCANIC_ROCK_VOUCHER_10500,85.0,17.0,,,,,86,17,,,,,85.5,0.0
0,115600,VOLCANIC_ROCK_VOUCHER_10500,87.0,18.0,,,,,88,18,,,,,87.5,0.0
0,115700,VOLCANIC_ROCK_VOUCHER_10500,86.0,19.0,,,,,87,19,,,,,86.5,0.0
0,115800,VOLCANIC_ROCK_VOUCHER_10500,87.0,13.0,,,,,88,13,,,,,87.5,0.0
0,115900,VOLCANIC_ROCK_VOUCHER_10500,88.0,11.0,,,,,89,11,,,,,88.5,0.0
0,116000,VOLCANIC_ROCK_VOUCHER_10500,87.0,20.0,,,,,88,20,,,,,87.5,0.0
0,116100,VOLCANIC_ROCK_VOUCHER_10500,87.0,13.0,,,,,88,13,,,,,87.5,0.0
0,116200,VOLCANIC_ROCK_VOUCHER_10500,86.0,13.0,,,,,87,13,,,,,86.5,0.0
0,116300,VOLCANIC_ROCK_VOUCHER_10500,87.0,14.0,,,,,88,14,,,,,87.5,0.0
0,116400,VOLCANIC_ROCK_VOUCHER_10500,86.0,21.0,,,,,87,21,,,,,86.5,0.0
0,116500,VOLCANIC_ROCK_VOUCHER_10500,85.0,12.0,,,,,86,12,,,,,85.5,0.0
0,116600,VOLCANIC_ROCK_VOUCHER_10500,83.0,34.0,,,,,84,16,,,,,83.5,0.0
0,116700,VOLCANIC_ROCK_VOUCHER_10500,84.0,21.0,,,,,85,21,,,,,84.5,0.0
0,116800,VOLCANIC_ROCK_VOUCHER_10500,84.0,18.0,,,,,85,18,,,,,84.5,0.0
0,116900,VOLCANIC_ROCK_VOUCHER_10500,85.0,17.0,,,,,86,17,,,,,85.5,0.0
0,117000,VOLCANIC_ROCK_VOUCHER_10500,84.0,20.0,,,,,85,20,,,,,84.5,0.0
0,117100,VOLCANIC_ROCK_VOUCHER_10500,85.0,14.0,,,,,86,14,,,,,85.5,0.0
0,117200,VOLCANIC_ROCK_VOUCHER_10500,84.0,13.0,,,,,85,13,,,,,84.5,0.0
0,117300,VOLCANIC_ROCK_VOUCHER_10500,83.0,3.0,,,,,84,13,,,,,83.5,0.0
0,117400,VOLCANIC_ROCK_VOUCHER_10500,81.0,21.0,,,,,82,21,,,,,81.5,0.0
0,117500,VOLCANIC_ROCK_VOUCHER_10500,82.0,20.0,,,,,83,20,,,,,82.5,0.0
0,117600,VOLCANIC_ROCK_VOUCHER_10500,81.0,20.0,,,,,82,20,,,,,81.5,0.0
0,117700,VOLCANIC_ROCK_VOUCHER_10500,77.0,16.0,,,,,78,16,,,,,77.5,0.0
0,117800,VOLCANIC_ROCK_VOUCHER_10500,77.0,12.0,,,,,78,12,,,,,77.5,0.0
0,117900,VOLCANIC_ROCK_VOUCHER_10500,78.0,15.0,,,,,79,15,,,,,78.5,0.0
0,118000,VOLCANIC_ROCK_VOUCHER_10500,79.0,11.0,,,,,80,11,,,,,79.5,0.0
0,118100,VOLCANIC_ROCK_VOUCHER_10500,77.0,11.0,,,,,78,11,,,,,77.5,0.0
0,118200,VOLCANIC_ROCK_VOUCHER_10500,77.0,15.0,,,,,78,15,,,,,77.5,0.0
0,118300,VOLCANIC_ROCK_VOUCHER_10500,78.0,11.0,,,,,79,11,,,,,78.5,0.0
0,118400,VOLCANIC_ROCK_VOUCHER_10500,80.0,21.0,,,,,81,21,,,,,80.5,0.0
0,118500,VOLCANIC_ROCK_VOUCHER_10500,79.0,22.0,,,,,80,12,,,,,79.5,0.0
0,118600,VOLCANIC_ROCK_VOUCHER_10500,80.0,4.0,,,,,81,15,,,,,80.5,0.0
0,118700,VOLCANIC_ROCK_VOUCHER_10500,78.0,15.0,,,,,79,15,,,,,78.5,0.0
0,118800,VOLCANIC_ROCK_VOUCHER_10500,83.0,14.0,,,,,84,14,,,,,83.5,0.0
0,118900,VOLCANIC_ROCK_VOUCHER_10500,81.0,11.0,,,,,82,11,,,,,81.5,0.0
0,119000,VOLCANIC_ROCK_VOUCHER_10500,81.0,14.0,,,,,82,14,,,,,81.5,0.0
0,119100,VOLCANIC_ROCK_VOUCHER_10500,82.0,15.0,,,,,83,15,,,,,82.5,0.0
0,119200,VOLCANIC_ROCK_VOUCHER_10500,84.0,21.0,,,,,85,21,,,,,84.5,0.0
0,119300,VOLCANIC_ROCK_VOUCHER_10500,87.0,20.0,,,,,88,20,,,,,87.5,0.0
0,119400,VOLCANIC_ROCK_VOUCHER_10500,86.0,20.0,,,,,87,20,,,,,86.5,0.0
0,119500,VOLCANIC_ROCK_VOUCHER_10500,85.0,35.0,,,,,86,20,,,,,85.5,0.0
0,119600,VOLCANIC_ROCK_VOUCHER_10500,83.0,17.0,,,,,84,17,,,,,83.5,0.0
0,119700,VOLCANIC_ROCK_VOUCHER_10500,82.0,13.0,,,,,83,13,,,,,82.5,0.0
0,119800,VOLCANIC_ROCK_VOUCHER_10500,83.0,17.0,,,,,84,17,,,,,83.5,0.0
0,119900,VOLCANIC_ROCK_VOUCHER_10500,82.0,22.0,,,,,83,22,,,,,82.5,0.0
0,120000,VOLCANIC_ROCK_VOUCHER_10500,81.0,15.0,,,,,82,15,,,,,81.5,0.0
0,120100,VOLCANIC_ROCK_VOUCHER_10500,78.0,22.0,,,,,79,22,,,,,78.5,0.0
0,120200,VOLCANIC_ROCK_VOUCHER_10500,79.0,18.0,,,,,80,18,,,,,79.5,0.0
0,120300,VOLCANIC_ROCK_VOUCHER_10500,78.0,18.0,,,,,79,18,,,,,78.5,0.0
0,120400,VOLCANIC_ROCK_VOUCHER_10500,80.0,15.0,,,,,81,15,,,,,80.5,0.0
0,120500,VOLCANIC_ROCK_VOUCHER_10500,79.0,17.0,,,,,80,17,,,,,79.5,0.0
0,120600,VOLCANIC_ROCK_VOUCHER_10500,79.0,21.0,,,,,80,21,,,,,79.5,0.0
0,120700,VOLCANIC_ROCK_VOUCHER_10500,77.0,13.0,,,,,78,13,,,,,77.5,0.0
0,120800,VOLCANIC_ROCK_VOUCHER_10500,76.0,13.0,,,,,77,13,,,,,76.5,0.0
0,120900,VOLCANIC_ROCK_VOUCHER_10500,76.0,14.0,,,,,77,14,,,,,76.5,0.0
0,121000,VOLCANIC_ROCK_VOUCHER_10500,76.0,21.0,,,,,77,21,,,,,76.5,0.0
0,121100,VOLCANIC_ROCK_VOUCHER_10500,,,,,,,77,1,78.0,13.0,,,77.0,0.0
0,121200,VOLCANIC_ROCK_VOUCHER_10500,77.0,15.0,,,,,78,15,,,,,77.5,0.0
0,121300,VOLCANIC_ROCK_VOUCHER_10500,77.0,12.0,,,,,78,12,,,,,77.5,0.0
0,121400,VOLCANIC_ROCK_VOUCHER_10500,77.0,16.0,,,,,78,16,,,,,77.5,0.0
0,121500,VOLCANIC_ROCK_VOUCHER_10500,78.0,18.0,,,,,79,18,,,,,78.5,0.0
0,121600,VOLCANIC_ROCK_VOUCHER_10500,77.0,7.0,,,,,78,20,,,,,77.5,0.0
0,121700,VOLCANIC_ROCK_VOUCHER_10500,76.0,1.0,,,,,77,21,,,,,76.5,0.0
0,121800,VOLCANIC_ROCK_VOUCHER_10500,77.0,13.0,,,,,78,13,,,,,77.5,0.0
0,121900,VOLCANIC_ROCK_VOUCHER_10500,78.0,12.0,,,,,79,12,,,,,78.5,0.0
0,122000,VOLCANIC_ROCK_VOUCHER_10500,77.0,17.0,,,,,78,17,,,,,77.5,0.0
0,122100,VOLCANIC_ROCK_VOUCHER_10500,77.0,37.0,,,,,78,19,,,,,77.5,0.0
0,122200,VOLCANIC_ROCK_VOUCHER_10500,80.0,20.0,,,,,81,20,,,,,80.5,0.0
0,122300,VOLCANIC_ROCK_VOUCHER_10500,79.0,17.0,,,,,80,17,,,,,79.5,0.0
0,122400,VOLCANIC_ROCK_VOUCHER_10500,81.0,11.0,,,,,82,11,,,,,81.5,0.0
0,122500,VOLCANIC_ROCK_VOUCHER_10500,82.0,12.0,,,,,83,12,,,,,82.5,0.0
0,122600,VOLCANIC_ROCK_VOUCHER_10500,82.0,13.0,,,,,83,13,,,,,82.5,0.0
0,122700,VOLCANIC_ROCK_VOUCHER_10500,85.0,11.0,,,,,86,11,,,,,85.5,0.0
0,122800,VOLCANIC_ROCK_VOUCHER_10500,83.0,12.0,,,,,84,12,,,,,83.5,0.0
0,122900,VOLCANIC_ROCK_VOUCHER_10500,84.0,19.0,,,,,85,19,,,,,84.5,0.0
0,123000,VOLCANIC_ROCK_VOUCHER_10500,81.0,10.0,,,,,82,10,,,,,81.5,0.0
0,123100,VOLCANIC_ROCK_VOUCHER_10500,80.0,18.0,,,,,81,18,,,,,80.5,0.0
0,123200,VOLCANIC_ROCK_VOUCHER_10500,80.0,16.0,,,,,81,16,,,,,80.5,0.0
0,123300,VOLCANIC_ROCK_VOUCHER_10500,,,,,,,79,6,80.0,14.0,,,79.0,0.0
0,123400,VOLCANIC_ROCK_VOUCHER_10500,82.0,15.0,,,,,83,15,,,,,82.5,0.0
0,123500,VOLCANIC_ROCK_VOUCHER_10500,82.0,21.0,,,,,83,21,,,,,82.5,0.0
0,123600,VOLCANIC_ROCK_VOUCHER_10500,84.0,17.0,,,,,85,17,,,,,84.5,0.0
0,123700,VOLCANIC_ROCK_VOUCHER_10500,84.0,12.0,,,,,85,12,,,,,84.5,0.0
0,123800,VOLCANIC_ROCK_VOUCHER_10500,86.0,19.0,,,,,87,19,,,,,86.5,0.0
0,123900,VOLCANIC_ROCK_VOUCHER_10500,85.0,20.0,,,,,86,20,,,,,85.5,0.0
0,124000,VOLCANIC_ROCK_VOUCHER_10500,84.0,10.0,,,,,85,10,,,,,84.5,0.0
0,124100,VOLCANIC_ROCK_VOUCHER_10500,,,,,,,83,18,84.0,10.0,,,83.0,0.0
0,124200,VOLCANIC_ROCK_VOUCHER_10500,86.0,19.0,,,,,87,19,,,,,86.5,0.0
0,124300,VOLCANIC_ROCK_VOUCHER_10500,86.0,13.0,,,,,87,13,,,,,86.5,0.0
0,124400,VOLCANIC_ROCK_VOUCHER_10500,86.0,16.0,,,,,87,16,,,,,86.5,0.0
0,124500,VOLCANIC_ROCK_VOUCHER_10500,86.0,31.0,,,,,87,14,,,,,86.5,0.0
0,124600,VOLCANIC_ROCK_VOUCHER_10500,85.0,15.0,,,,,86,15,,,,,85.5,0.0
0,124700,VOLCANIC_ROCK_VOUCHER_10500,85.0,13.0,,,,,86,13,,,,,85.5,0.0
0,124800,VOLCANIC_ROCK_VOUCHER_10500,86.0,18.0,,,,,87,18,,,,,86.5,0.0
0,124900,VOLCANIC_ROCK_VOUCHER_10500,85.0,24.0,,,,,86,14,,,,,85.5,0.0
0,125000,VOLCANIC_ROCK_VOUCHER_10500,86.0,13.0,,,,,87,13,,,,,86.5,0.0
0,125100,VOLCANIC_ROCK_VOUCHER_10500,87.0,20.0,,,,,88,20,,,,,87.5,0.0
0,125200,VOLCANIC_ROCK_VOUCHER_10500,86.0,15.0,,,,,87,15,,,,,86.5,0.0
0,125300,VOLCANIC_ROCK_VOUCHER_10500,87.0,17.0,,,,,88,17,,,,,87.5,0.0
0,125400,VOLCANIC_ROCK_VOUCHER_10500,87.0,34.0,,,,,88,21,,,,,87.5,0.0
0,125500,VOLCANIC_ROCK_VOUCHER_10500,86.0,10.0,,,,,87,10,,,,,86.5,0.0
0,125600,VOLCANIC_ROCK_VOUCHER_10500,85.0,26.0,,,,,86,11,,,,,85.5,0.0
0,125700,VOLCANIC_ROCK_VOUCHER_10500,82.0,16.0,,,,,83,16,,,,,82.5,0.0
0,125800,VOLCANIC_ROCK_VOUCHER_10500,82.0,16.0,,,,,83,16,,,,,82.5,0.0
0,125900,VOLCANIC_ROCK_VOUCHER_10500,,,,,,,83,8,84.0,12.0,,,83.0,0.0
0,126000,VOLCANIC_ROCK_VOUCHER_10500,84.0,14.0,,,,,85,15,,,,,84.5,0.0
0,126100,VOLCANIC_ROCK_VOUCHER_10500,,,,,,,84,2,85.0,18.0,,,84.0,0.0
0,126200,VOLCANIC_ROCK_VOUCHER_10500,84.0,18.0,,,,,85,18,,,,,84.5,0.0
0,126300,VOLCANIC_ROCK_VOUCHER_10500,83.0,14.0,,,,,84,14,,,,,83.5,0.0
0,126400,VOLCANIC_ROCK_VOUCHER_10500,85.0,18.0,,,,,86,18,,,,,85.5,0.0
0,126500,VOLCANIC_ROCK_VOUCHER_10500,87.0,12.0,,,,,88,12,,,,,87.5,0.0
0,126600,VOLCANIC_ROCK_VOUCHER_10500,87.0,12.0,,,,,88,12,,,,,87.5,0.0
0,126700,VOLCANIC_ROCK_VOUCHER_10500,87.0,12.0,,,,,88,12,,,,,87.5,0.0
0,126800,VOLCANIC_ROCK_VOUCHER_10500,85.0,11.0,,,,,86,11,,,,,85.5,0.0
0,126900,VOLCANIC_ROCK_VOUCHER_10500,84.0,20.0,,,,,85,20,,,,,84.5,0.0
0,127000,VOLCANIC_ROCK_VOUCHER_10500,82.0,14.0,,,,,83,14,,,,,82.5,0.0
0,127100,VOLCANIC_ROCK_VOUCHER_10500,84.0,15.0,,,,,85,15,,,,,84.5,0.0
0,127200,VOLCANIC_ROCK_VOUCHER_10500,85.0,18.0,,,,,86,18,,,,,85.5,0.0
0,127300,VOLCANIC_ROCK_VOUCHER_10500,85.0,20.0,,,,,86,20,,,,,85.5,0.0
0,127400,VOLCANIC_ROCK_VOUCHER_10500,87.0,13.0,,,,,88,13,,,,,87.5,0.0
0,127500,VOLCANIC_ROCK_VOUCHER_10500,86.0,22.0,,,,,87,22,,,,,86.5,0.0
0,127600,VOLCANIC_ROCK_VOUCHER_10500,82.0,21.0,,,,,83,21,,,,,82.5,0.0
0,127700,VOLCANIC_ROCK_VOUCHER_10500,81.0,22.0,,,,,82,22,,,,,81.5,0.0
0,127800,VOLCANIC_ROCK_VOUCHER_10500,82.0,22.0,,,,,83,22,,,,,82.5,0.0
0,127900,VOLCANIC_ROCK_VOUCHER_10500,81.0,10.0,,,,,82,10,,,,,81.5,0.0
0,128000,VOLCANIC_ROCK_VOUCHER_10500,81.0,10.0,,,,,82,10,,,,,81.5,0.0
0,128100,VOLCANIC_ROCK_VOUCHER_10500,80.0,15.0,,,,,81,15,,,,,80.5,0.0
0,128200,VOLCANIC_ROCK_VOUCHER_10500,81.0,21.0,,,,,82,21,,,,,81.5,0.0
0,128300,VOLCANIC_ROCK_VOUCHER_10500,81.0,32.0,,,,,82,21,,,,,81.5,0.0
0,128400,VOLCANIC_ROCK_VOUCHER_10500,81.0,13.0,,,,,82,13,,,,,81.5,0.0
0,128500,VOLCANIC_ROCK_VOUCHER_10500,82.0,21.0,,,,,83,21,,,,,82.5,0.0
0,128600,VOLCANIC_ROCK_VOUCHER_10500,85.0,15.0,,,,,86,15,,,,,85.5,0.0
0,128700,VOLCANIC_ROCK_VOUCHER_10500,86.0,21.0,,,,,87,21,,,,,86.5,0.0
0,128800,VOLCANIC_ROCK_VOUCHER_10500,84.0,15.0,,,,,85,15,,,,,84.5,0.0
0,128900,VOLCANIC_ROCK_VOUCHER_10500,85.0,11.0,,,,,86,11,,,,,85.5,0.0
0,129000,VOLCANIC_ROCK_VOUCHER_10500,86.0,14.0,,,,,87,14,,,,,86.5,0.0
0,129100,VOLCANIC_ROCK_VOUCHER_10500,87.0,16.0,,,,,88,16,,,,,87.5,0.0
0,129200,VOLCANIC_ROCK_VOUCHER_10500,87.0,20.0,,,,,88,20,,,,,87.5,0.0
0,129300,VOLCANIC_ROCK_VOUCHER_10500,87.0,14.0,,,,,88,14,,,,,87.5,0.0
0,129400,VOLCANIC_ROCK_VOUCHER_10500,84.0,18.0,,,,,85,11,,,,,84.5,0.0
0,129500,VOLCANIC_ROCK_VOUCHER_10500,83.0,16.0,,,,,85,16,,,,,84.0,0.0
0,129600,VOLCANIC_ROCK_VOUCHER_10500,83.0,18.0,,,,,84,18,,,,,83.5,0.0
0,129700,VOLCANIC_ROCK_VOUCHER_10500,84.0,22.0,,,,,85,22,,,,,84.5,0.0
0,129800,VOLCANIC_ROCK_VOUCHER_10500,83.0,14.0,,,,,84,14,,,,,83.5,0.0
0,129900,VOLCANIC_ROCK_VOUCHER_10500,83.0,15.0,,,,,84,15,,,,,83.5,0.0
0,130000,VOLCANIC_ROCK_VOUCHER_10500,82.0,15.0,,,,,83,15,,,,,82.5,0.0
0,130100,VOLCANIC_ROCK_VOUCHER_10500,81.0,17.0,,,,,82,17,,,,,81.5,0.0
0,130200,VOLCANIC_ROCK_VOUCHER_10500,78.0,19.0,,,,,79,19,,,,,78.5,0.0
0,130300,VOLCANIC_ROCK_VOUCHER_10500,76.0,14.0,,,,,77,14,,,,,76.5,0.0
0,130400,VOLCANIC_ROCK_VOUCHER_10500,76.0,18.0,,,,,77,18,,,,,76.5,0.0
0,130500,VOLCANIC_ROCK_VOUCHER_10500,78.0,17.0,,,,,79,17,,,,,78.5,0.0
0,130600,VOLCANIC_ROCK_VOUCHER_10500,78.0,16.0,,,,,79,16,,,,,78.5,0.0
0,130700,VOLCANIC_ROCK_VOUCHER_10500,76.0,19.0,,,,,77,19,,,,,76.5,0.0
0,130800,VOLCANIC_ROCK_VOUCHER_10500,78.0,19.0,,,,,79,19,,,,,78.5,0.0
0,130900,VOLCANIC_ROCK_VOUCHER_10500,78.0,12.0,,,,,79,12,,,,,78.5,0.0
0,131000,VOLCANIC_ROCK_VOUCHER_10500,79.0,16.0,,,,,80,16,,,,,79.5,0.0
0,131100,VOLCANIC_ROCK_VOUCHER_10500,79.0,14.0,,,,,80,14,,,,,79.5,0.0
0,131200,VOLCANIC_ROCK_VOUCHER_10500,80.0,15.0,,,,,81,15,,,,,80.5,0.0
0,131300,VOLCANIC_ROCK_VOUCHER_10500,,,,,,,79,7,80.0,10.0,,,79.0,0.0
0,131400,VOLCANIC_ROCK_VOUCHER_10500,80.0,20.0,,,,,81,20,,,,,80.5,0.0
0,131500,VOLCANIC_ROCK_VOUCHER_10500,79.0,18.0,,,,,80,18,,,,,79.5,0.0
0,131600,VOLCANIC_ROCK_VOUCHER_10500,81.0,11.0,,,,,82,11,,,,,81.5,0.0
0,131700,VOLCANIC_ROCK_VOUCHER_10500,83.0,12.0,,,,,84,12,,,,,83.5,0.0
0,131800,VOLCANIC_ROCK_VOUCHER_10500,83.0,14.0,,,,,84,14,,,,,83.5,0.0
0,131900,VOLCANIC_ROCK_VOUCHER_10500,83.0,21.0,,,,,84,21,,,,,83.5,0.0
0,132000,VOLCANIC_ROCK_VOUCHER_10500,84.0,13.0,,,,,85,13,,,,,84.5,0.0
0,132100,VOLCANIC_ROCK_VOUCHER_10500,86.0,18.0,,,,,87,18,,,,,86.5,0.0
0,132200,VOLCANIC_ROCK_VOUCHER_10500,85.0,17.0,,,,,86,17,,,,,85.5,0.0
0,132300,VOLCANIC_ROCK_VOUCHER_10500,84.0,17.0,,,,,85,17,,,,,84.5,0.0
0,132400,VOLCANIC_ROCK_VOUCHER_10500,82.0,20.0,,,,,83,20,,,,,82.5,0.0
0,132500,VOLCANIC_ROCK_VOUCHER_10500,83.0,14.0,,,,,84,14,,,,,83.5,0.0
0,132600,VOLCANIC_ROCK_VOUCHER_10500,82.0,14.0,,,,,83,14,,,,,82.5,0.0
0,132700,VOLCANIC_ROCK_VOUCHER_10500,82.0,21.0,,,,,83,21,,,,,82.5,0.0
0,132800,VOLCANIC_ROCK_VOUCHER_10500,81.0,18.0,,,,,82,18,,,,,81.5,0.0
0,132900,VOLCANIC_ROCK_VOUCHER_10500,82.0,14.0,,,,,83,14,,,,,82.5,0.0
0,133000,VOLCANIC_ROCK_VOUCHER_10500,85.0,13.0,,,,,86,13,,,,,85.5,0.0
0,133100,VOLCANIC_ROCK_VOUCHER_10500,83.0,8.0,,,,,84,20,,,,,83.5,0.0
0,133200,VOLCANIC_ROCK_VOUCHER_10500,82.0,15.0,,,,,83,15,,,,,82.5,0.0
0,133300,VOLCANIC_ROCK_VOUCHER_10500,82.0,14.0,,,,,83,14,,,,,82.5,0.0
0,133400,VOLCANIC_ROCK_VOUCHER_10500,84.0,15.0,,,,,85,15,,,,,84.5,0.0
0,133500,VOLCANIC_ROCK_VOUCHER_10500,82.0,12.0,,,,,83,12,,,,,82.5,0.0
0,133600,VOLCANIC_ROCK_VOUCHER_10500,83.0,15.0,,,,,84,15,,,,,83.5,0.0
0,133700,VOLCANIC_ROCK_VOUCHER_10500,82.0,12.0,,,,,83,12,,,,,82.5,0.0
0,133800,VOLCANIC_ROCK_VOUCHER_10500,83.0,12.0,,,,,84,12,,,,,83.5,0.0
0,133900,VOLCANIC_ROCK_VOUCHER_10500,84.0,31.0,,,,,85,17,,,,,84.5,0.0
0,134000,VOLCANIC_ROCK_VOUCHER_10500,85.0,21.0,,,,,86,21,,,,,85.5,0.0
0,134100,VOLCANIC_ROCK_VOUCHER_10500,85.0,13.0,,,,,86,13,,,,,85.5,0.0
0,134200,VOLCANIC_ROCK_VOUCHER_10500,86.0,17.0,,,,,87,17,,,,,86.5,0.0
0,134300,VOLCANIC_ROCK_VOUCHER_10500,85.0,15.0,,,,,86,15,,,,,85.5,0.0
0,134400,VOLCANIC_ROCK_VOUCHER_10500,84.0,16.0,,,,,86,16,,,,,85.0,0.0
0,134500,VOLCANIC_ROCK_VOUCHER_10500,84.0,11.0,,,,,85,11,,,,,84.5,0.0
0,134600,VOLCANIC_ROCK_VOUCHER_10500,83.0,13.0,,,,,84,13,,,,,83.5,0.0
0,134700,VOLCANIC_ROCK_VOUCHER_10500,84.0,11.0,,,,,85,11,,,,,84.5,0.0
0,134800,VOLCANIC_ROCK_VOUCHER_10500,82.0,22.0,,,,,83,22,,,,,82.5,0.0
0,134900,VOLCANIC_ROCK_VOUCHER_10500,81.0,21.0,,,,,82,21,,,,,81.5,0.0
0,135000,VOLCANIC_ROCK_VOUCHER_10500,81.0,12.0,,,,,82,12,,,,,81.5,0.0
0,135100,VOLCANIC_ROCK_VOUCHER_10500,81.0,16.0,,,,,82,16,,,,,81.5,0.0
0,135200,VOLCANIC_ROCK_VOUCHER_10500,83.0,18.0,,,,,84,18,,,,,83.5,0.0
0,135300,VOLCANIC_ROCK_VOUCHER_10500,82.0,19.0,,,,,83,19,,,,,82.5,0.0
0,135400,VOLCANIC_ROCK_VOUCHER_10500,82.0,12.0,,,,,83,12,,,,,82.5,0.0
0,135500,VOLCANIC_ROCK_VOUCHER_10500,81.0,15.0,,,,,82,15,,,,,81.5,0.0
0,135600,VOLCANIC_ROCK_VOUCHER_10500,81.0,14.0,,,,,82,14,,,,,81.5,0.0
0,135700,VOLCANIC_ROCK_VOUCHER_10500,77.0,15.0,,,,,78,15,,,,,77.5,0.0
0,135800,VOLCANIC_ROCK_VOUCHER_10500,73.0,18.0,,,,,74,18,,,,,73.5,0.0
0,135900,VOLCANIC_ROCK_VOUCHER_10500,72.0,17.0,,,,,73,17,,,,,72.5,0.0
0,136000,VOLCANIC_ROCK_VOUCHER_10500,69.0,14.0,,,,,70,14,,,,,69.5,0.0
0,136100,VOLCANIC_ROCK_VOUCHER_10500,67.0,16.0,,,,,68,16,,,,,67.5,0.0
0,136200,VOLCANIC_ROCK_VOUCHER_10500,69.0,10.0,,,,,70,10,,,,,69.5,0.0
0,136300,VOLCANIC_ROCK_VOUCHER_10500,70.0,11.0,,,,,71,11,,,,,70.5,0.0
0,136400,VOLCANIC_ROCK_VOUCHER_10500,71.0,18.0,,,,,72,18,,,,,71.5,0.0
0,136500,VOLCANIC_ROCK_VOUCHER_10500,73.0,19.0,,,,,74,19,,,,,73.5,0.0
0,136600,VOLCANIC_ROCK_VOUCHER_10500,73.0,11.0,,,,,74,11,,,,,73.5,0.0
0,136700,VOLCANIC_ROCK_VOUCHER_10500,75.0,12.0,,,,,76,12,,,,,75.5,0.0
0,136800,VOLCANIC_ROCK_VOUCHER_10500,77.0,10.0,,,,,78,10,,,,,77.5,0.0
0,136900,VOLCANIC_ROCK_VOUCHER_10500,75.0,20.0,,,,,76,20,,,,,75.5,0.0
0,137000,VOLCANIC_ROCK_VOUCHER_10500,75.0,15.0,,,,,76,15,,,,,75.5,0.0
0,137100,VOLCANIC_ROCK_VOUCHER_10500,76.0,4.0,,,,,77,15,,,,,76.5,0.0
0,137200,VOLCANIC_ROCK_VOUCHER_10500,76.0,20.0,,,,,77,20,,,,,76.5,0.0
0,137300,VOLCANIC_ROCK_VOUCHER_10500,74.0,14.0,,,,,75,14,,,,,74.5,0.0
0,137400,VOLCANIC_ROCK_VOUCHER_10500,73.0,11.0,,,,,75,11,,,,,74.0,0.0
0,137500,VOLCANIC_ROCK_VOUCHER_10500,74.0,19.0,,,,,75,19,,,,,74.5,0.0
0,137600,VOLCANIC_ROCK_VOUCHER_10500,74.0,11.0,,,,,75,11,,,,,74.5,0.0
0,137700,VOLCANIC_ROCK_VOUCHER_10500,75.0,21.0,,,,,76,21,,,,,75.5,0.0
0,137800,VOLCANIC_ROCK_VOUCHER_10500,71.0,22.0,,,,,72,22,,,,,71.5,0.0
0,137900,VOLCANIC_ROCK_VOUCHER_10500,69.0,15.0,,,,,70,15,,,,,69.5,0.0
0,138000,VOLCANIC_ROCK_VOUCHER_10500,66.0,18.0,,,,,67,18,,,,,66.5,0.0
0,138100,VOLCANIC_ROCK_VOUCHER_10500,62.0,21.0,,,,,63,21,,,,,62.5,0.0
0,138200,VOLCANIC_ROCK_VOUCHER_10500,62.0,14.0,,,,,63,14,,,,,62.5,0.0
0,138300,VOLCANIC_ROCK_VOUCHER_10500,61.0,11.0,,,,,62,11,,,,,61.5,0.0
0,138400,VOLCANIC_ROCK_VOUCHER_10500,58.0,22.0,,,,,59,22,,,,,58.5,0.0
0,138500,VOLCANIC_ROCK_VOUCHER_10500,59.0,13.0,,,,,60,13,,,,,59.5,0.0
0,138600,VOLCANIC_ROCK_VOUCHER_10500,60.0,21.0,,,,,61,21,,,,,60.5,0.0
0,138700,VOLCANIC_ROCK_VOUCHER_10500,61.0,20.0,,,,,62,20,,,,,61.5,0.0
0,138800,VOLCANIC_ROCK_VOUCHER_10500,61.0,19.0,,,,,62,19,,,,,61.5,0.0
0,138900,VOLCANIC_ROCK_VOUCHER_10500,63.0,19.0,,,,,64,19,,,,,63.5,0.0
0,139000,VOLCANIC_ROCK_VOUCHER_10500,64.0,20.0,,,,,65,20,,,,,64.5,0.0
0,139100,VOLCANIC_ROCK_VOUCHER_10500,62.0,11.0,,,,,63,11,,,,,62.5,0.0
0,139200,VOLCANIC_ROCK_VOUCHER_10500,63.0,11.0,,,,,64,11,,,,,63.5,0.0
0,139300,VOLCANIC_ROCK_VOUCHER_10500,64.0,16.0,,,,,65,16,,,,,64.5,0.0
0,139400,VOLCANIC_ROCK_VOUCHER_10500,63.0,12.0,,,,,64,12,,,,,63.5,0.0
0,139500,VOLCANIC_ROCK_VOUCHER_10500,62.0,12.0,,,,,63,12,,,,,62.5,0.0
0,139600,VOLCANIC_ROCK_VOUCHER_10500,62.0,19.0,,,,,63,19,,,,,62.5,0.0
0,139700,VOLCANIC_ROCK_VOUCHER_10500,,,,,,,59,2,60.0,19.0,,,59.0,0.0
0,139800,VOLCANIC_ROCK_VOUCHER_10500,62.0,12.0,,,,,63,12,,,,,62.5,0.0
0,139900,VOLCANIC_ROCK_VOUCHER_10500,58.0,13.0,,,,,59,13,,,,,58.5,0.0
0,140000,VOLCANIC_ROCK_VOUCHER_10500,58.0,18.0,,,,,59,18,,,,,58.5,0.0
0,140100,VOLCANIC_ROCK_VOUCHER_10500,60.0,11.0,,,,,61,11,,,,,60.5,0.0
0,140200,VOLCANIC_ROCK_VOUCHER_10500,59.0,16.0,,,,,60,16,,,,,59.5,0.0
0,140300,VOLCANIC_ROCK_VOUCHER_10500,60.0,16.0,,,,,61,16,,,,,60.5,0.0
0,140400,VOLCANIC_ROCK_VOUCHER_10500,60.0,16.0,,,,,61,16,,,,,60.5,0.0
0,140500,VOLCANIC_ROCK_VOUCHER_10500,58.0,13.0,,,,,59,13,,,,,58.5,0.0
0,140600,VOLCANIC_ROCK_VOUCHER_10500,61.0,22.0,,,,,62,22,,,,,61.5,0.0
0,140700,VOLCANIC_ROCK_VOUCHER_10500,60.0,27.0,,,,,61,12,,,,,60.5,0.0
0,140800,VOLCANIC_ROCK_VOUCHER_10500,60.0,16.0,,,,,61,16,,,,,60.5,0.0
0,140900,VOLCANIC_ROCK_VOUCHER_10500,59.0,19.0,,,,,60,19,,,,,59.5,0.0
0,141000,VOLCANIC_ROCK_VOUCHER_10500,59.0,20.0,,,,,60,20,,,,,59.5,0.0
0,141100,VOLCANIC_ROCK_VOUCHER_10500,60.0,17.0,,,,,61,17,,,,,60.5,0.0
0,141200,VOLCANIC_ROCK_VOUCHER_10500,58.0,16.0,,,,,59,16,,,,,58.5,0.0
0,141300,VOLCANIC_ROCK_VOUCHER_10500,60.0,19.0,,,,,61,19,,,,,60.5,0.0
0,141400,VOLCANIC_ROCK_VOUCHER_10500,61.0,18.0,,,,,62,18,,,,,61.5,0.0
0,141500,VOLCANIC_ROCK_VOUCHER_10500,60.0,21.0,,,,,61,21,,,,,60.5,0.0
0,141600,VOLCANIC_ROCK_VOUCHER_10500,60.0,14.0,,,,,61,14,,,,,60.5,0.0
0,141700,VOLCANIC_ROCK_VOUCHER_10500,59.0,11.0,,,,,60,11,,,,,59.5,0.0
0,141800,VOLCANIC_ROCK_VOUCHER_10500,59.0,10.0,,,,,60,10,,,,,59.5,0.0
0,141900,VOLCANIC_ROCK_VOUCHER_10500,58.0,17.0,,,,,59,17,,,,,58.5,0.0
0,142000,VOLCANIC_ROCK_VOUCHER_10500,57.0,15.0,,,,,58,15,,,,,57.5,0.0
0,142100,VOLCANIC_ROCK_VOUCHER_10500,57.0,26.0,,,,,58,14,,,,,57.5,0.0
0,142200,VOLCANIC_ROCK_VOUCHER_10500,57.0,20.0,,,,,58,20,,,,,57.5,0.0
0,142300,VOLCANIC_ROCK_VOUCHER_10500,57.0,12.0,,,,,58,12,,,,,57.5,0.0
0,142400,VOLCANIC_ROCK_VOUCHER_10500,58.0,13.0,,,,,59,13,,,,,58.5,0.0
0,142500,VOLCANIC_ROCK_VOUCHER_10500,60.0,17.0,,,,,61,17,,,,,60.5,0.0
0,142600,VOLCANIC_ROCK_VOUCHER_10500,59.0,17.0,,,,,60,17,,,,,59.5,0.0
0,142700,VOLCANIC_ROCK_VOUCHER_10500,59.0,17.0,,,,,60,17,,,,,59.5,0.0
0,142800,VOLCANIC_ROCK_VOUCHER_10500,60.0,19.0,,,,,61,19,,,,,60.5,0.0
0,142900,VOLCANIC_ROCK_VOUCHER_10500,62.0,18.0,,,,,63,18,,,,,62.5,0.0
0,143000,VOLCANIC_ROCK_VOUCHER_10500,60.0,17.0,,,,,61,17,,,,,60.5,0.0
0,143100,VOLCANIC_ROCK_VOUCHER_10500,61.0,16.0,,,,,62,16,,,,,61.5,0.0
0,143200,VOLCANIC_ROCK_VOUCHER_10500,58.0,12.0,,,,,59,12,,,,,58.5,0.0
0,143300,VOLCANIC_ROCK_VOUCHER_10500,59.0,11.0,,,,,60,11,,,,,59.5,0.0
0,143400,VOLCANIC_ROCK_VOUCHER_10500,59.0,16.0,,,,,60,16,,,,,59.5,0.0
0,143500,VOLCANIC_ROCK_VOUCHER_10500,59.0,15.0,,,,,60,15,,,,,59.5,0.0
0,143600,VOLCANIC_ROCK_VOUCHER_10500,58.0,15.0,,,,,59,15,,,,,58.5,0.0
0,143700,VOLCANIC_ROCK_VOUCHER_10500,60.0,14.0,,,,,61,14,,,,,60.5,0.0
0,143800,VOLCANIC_ROCK_VOUCHER_10500,59.0,16.0,,,,,60,16,,,,,59.5,0.0
0,143900,VOLCANIC_ROCK_VOUCHER_10500,59.0,22.0,,,,,60,22,,,,,59.5,0.0
0,144000,VOLCANIC_ROCK_VOUCHER_10500,58.0,12.0,,,,,59,12,,,,,58.5,0.0
