day,timestamp,product,bid_price_1,bid_volume_1,bid_price_2,bid_volume_2,bid_price_3,bid_volume_3,ask_price_1,ask_volume_1,ask_price_2,ask_volume_2,ask_price_3,ask_volume_3,mid_price,profit_and_loss
0,0,VOLCANIC_ROCK,10502.0,205.0,,,,,10504,146,10505.0,59.0,,,10503.0,0.0
0,100,VOLCANIC_ROCK,10509.0,192.0,,,,,10511,122,10512.0,70.0,,,10510.0,0.0
0,200,VOLCANIC_ROCK,10512.0,167.0,,,,,10514,109,10515.0,58.0,,,10513.0,0.0
0,300,VOLCANIC_ROCK,10517.0,118.0,10516.0,68.0,,,10518,118,10519.0,68.0,,,10517.5,0.0
0,400,VOLCANIC_ROCK,10509.0,128.0,10508.0,73.0,,,10510,128,10511.0,73.0,,,10509.5,0.0
0,500,VOLCANIC_ROCK,10505.0,168.0,,,,,10507,115,10508.0,53.0,,,10506.0,0.0
0,600,VOLCANIC_ROCK,10503.0,150.0,10502.0,62.0,,,10504,150,10505.0,62.0,,,10503.5,0.0
0,700,VOLCANIC_ROCK,10502.0,114.0,10501.0,44.0,,,10504,158,,,,,10503.0,0.0
0,800,VOLCANIC_ROCK,10497.0,137.0,10496.0,67.0,,,10498,137,10499.0,67.0,,,10497.5,0.0
0,900,VOLCANIC_ROCK,10495.0,121.0,10494.0,63.0,,,10496,121,10497.0,63.0,,,10495.5,0.0
0,1000,VOLCANIC_ROCK,10498.0,147.0,10497.0,72.0,,,10500,140,10501.0,72.0,,,10499.0,0.0
0,1100,VOLCANIC_ROCK,10500.0,205.0,,,,,10502,125,10503.0,80.0,,,10501.0,0.0
0,1200,VOLCANIC_ROCK,10504.0,107.0,10503.0,62.0,,,10505,107,10506.0,62.0,,,10504.5,0.0
0,1300,VOLCANIC_ROCK,10509.0,106.0,10508.0,43.0,,,10511,149,,,,,10510.0,0.0
0,1400,VOLCANIC_ROCK,10509.0,116.0,10508.0,66.0,,,10511,182,,,,,10510.0,0.0
0,1500,VOLCANIC_ROCK,10504.0,132.0,10503.0,73.0,,,10505,132,10506.0,73.0,,,10504.5,0.0
0,1600,VOLCANIC_ROCK,10504.0,105.0,10503.0,63.0,,,10505,105,10506.0,63.0,,,10504.5,0.0
0,1700,VOLCANIC_ROCK,10498.0,219.0,,,,,10500,146,10501.0,73.0,,,10499.0,0.0
0,1800,VOLCANIC_ROCK,10497.0,139.0,10496.0,52.0,,,10498,139,10499.0,52.0,,,10497.5,0.0
0,1900,VOLCANIC_ROCK,10493.0,117.0,10492.0,47.0,,,10494,117,10495.0,47.0,,,10493.5,0.0
0,2000,VOLCANIC_ROCK,10492.0,107.0,10491.0,78.0,,,10494,185,,,,,10493.0,0.0
0,2100,VOLCANIC_ROCK,10488.0,107.0,10487.0,68.0,,,10489,107,10490.0,68.0,,,10488.5,0.0
0,2200,VOLCANIC_ROCK,10485.0,137.0,10484.0,44.0,,,10486,137,10487.0,44.0,,,10485.5,0.0
0,2300,VOLCANIC_ROCK,10491.0,108.0,10490.0,54.0,,,10492,108,10493.0,54.0,,,10491.5,0.0
0,2400,VOLCANIC_ROCK,10485.0,194.0,,,,,10487,115,10488.0,79.0,,,10486.0,0.0
0,2500,VOLCANIC_ROCK,10480.0,104.0,10479.0,50.0,,,10481,104,10482.0,50.0,,,10480.5,0.0
0,2600,VOLCANIC_ROCK,10474.0,102.0,10473.0,66.0,,,10476,102,10477.0,66.0,,,10475.0,0.0
0,2700,VOLCANIC_ROCK,10464.0,139.0,10463.0,77.0,,,10465,139,10466.0,77.0,,,10464.5,0.0
0,2800,VOLCANIC_ROCK,10472.0,94.0,10471.0,77.0,,,10473,102,10474.0,77.0,,,10472.5,0.0
0,2900,VOLCANIC_ROCK,10472.0,105.0,10471.0,65.0,,,10474,105,10475.0,65.0,,,10473.0,0.0
0,3000,VOLCANIC_ROCK,10478.0,130.0,10477.0,59.0,,,10479,130,10480.0,59.0,,,10478.5,0.0
0,3100,VOLCANIC_ROCK,10473.0,133.0,10472.0,75.0,,,10474,133,10475.0,75.0,,,10473.5,0.0
0,3200,VOLCANIC_ROCK,10478.0,182.0,,,,,10480,140,10481.0,42.0,,,10479.0,0.0
0,3300,VOLCANIC_ROCK,10479.0,106.0,10478.0,68.0,,,10480,106,10481.0,68.0,,,10479.5,0.0
0,3400,VOLCANIC_ROCK,10479.0,152.0,,,,,10481,112,10482.0,40.0,,,10480.0,0.0
0,3500,VOLCANIC_ROCK,10488.0,130.0,10487.0,49.0,,,10490,179,,,,,10489.0,0.0
0,3600,VOLCANIC_ROCK,10483.0,148.0,10482.0,54.0,,,10485,148,10486.0,54.0,,,10484.0,0.0
0,3700,VOLCANIC_ROCK,10482.0,106.0,10481.0,64.0,,,10484,170,,,,,10483.0,0.0
0,3800,VOLCANIC_ROCK,10483.0,136.0,10482.0,72.0,,,10484,136,10485.0,72.0,,,10483.5,0.0
0,3900,VOLCANIC_ROCK,10481.0,129.0,10480.0,69.0,,,10483,198,,,,,10482.0,0.0
0,4000,VOLCANIC_ROCK,10475.0,121.0,10474.0,48.0,,,10476,121,10477.0,48.0,,,10475.5,0.0
0,4100,VOLCANIC_ROCK,10472.0,138.0,10471.0,56.0,,,10473,138,10474.0,56.0,,,10472.5,0.0
0,4200,VOLCANIC_ROCK,10466.0,147.0,10465.0,76.0,,,10467,147,10468.0,76.0,,,10466.5,0.0
0,4300,VOLCANIC_ROCK,10464.0,135.0,10463.0,66.0,,,10465,135,10466.0,66.0,,,10464.5,0.0
0,4400,VOLCANIC_ROCK,10458.0,107.0,10457.0,43.0,,,10459,107,10460.0,43.0,,,10458.5,0.0
0,4500,VOLCANIC_ROCK,10457.0,125.0,10456.0,53.0,,,10459,178,,,,,10458.0,0.0
0,4600,VOLCANIC_ROCK,10451.0,125.0,10450.0,52.0,,,10452,125,10453.0,52.0,,,10451.5,0.0
0,4700,VOLCANIC_ROCK,10457.0,124.0,10456.0,41.0,,,10458,124,10459.0,41.0,,,10457.5,0.0
0,4800,VOLCANIC_ROCK,10463.0,111.0,10462.0,57.0,,,10465,168,,,,,10464.0,0.0
0,4900,VOLCANIC_ROCK,10464.0,109.0,10463.0,71.0,,,10465,119,10466.0,71.0,,,10464.5,0.0
0,5000,VOLCANIC_ROCK,10462.0,95.0,10461.0,42.0,,,10463,101,10464.0,42.0,,,10462.5,0.0
0,5100,VOLCANIC_ROCK,10452.0,186.0,,,,,10454,134,10455.0,52.0,,,10453.0,0.0
0,5200,VOLCANIC_ROCK,10454.0,169.0,,,,,10456,126,10457.0,43.0,,,10455.0,0.0
0,5300,VOLCANIC_ROCK,10450.0,181.0,,,,,10452,107,10453.0,74.0,,,10451.0,0.0
0,5400,VOLCANIC_ROCK,10449.0,172.0,,,,,10451,124,10452.0,48.0,,,10450.0,0.0
0,5500,VOLCANIC_ROCK,10440.0,100.0,10439.0,72.0,,,10442,172,,,,,10441.0,0.0
0,5600,VOLCANIC_ROCK,10445.0,150.0,10444.0,48.0,,,10446,150,10447.0,48.0,,,10445.5,0.0
0,5700,VOLCANIC_ROCK,10443.0,124.0,10442.0,53.0,,,10445,124,10446.0,53.0,,,10444.0,0.0
0,5800,VOLCANIC_ROCK,10439.0,125.0,10438.0,54.0,,,10440,125,10441.0,54.0,,,10439.5,0.0
0,5900,VOLCANIC_ROCK,10431.0,127.0,10430.0,78.0,,,10432,127,10433.0,78.0,,,10431.5,0.0
0,6000,VOLCANIC_ROCK,10444.0,193.0,,,,,10446,128,10447.0,65.0,,,10445.0,0.0
0,6100,VOLCANIC_ROCK,10440.0,117.0,10439.0,75.0,,,10441,117,10442.0,75.0,,,10440.5,0.0
0,6200,VOLCANIC_ROCK,10446.0,104.0,10445.0,44.0,,,10448,104,10449.0,44.0,,,10447.0,0.0
0,6300,VOLCANIC_ROCK,10440.0,113.0,10439.0,60.0,,,10441,113,10442.0,60.0,,,10440.5,0.0
0,6400,VOLCANIC_ROCK,10442.0,148.0,10441.0,53.0,,,10443,148,10444.0,53.0,,,10442.5,0.0
0,6500,VOLCANIC_ROCK,10443.0,124.0,10442.0,57.0,,,10444,124,10445.0,57.0,,,10443.5,0.0
0,6600,VOLCANIC_ROCK,10439.0,145.0,10438.0,54.0,,,10441,199,,,,,10440.0,0.0
0,6700,VOLCANIC_ROCK,10425.0,104.0,10424.0,74.0,,,10427,178,,,,,10426.0,0.0
0,6800,VOLCANIC_ROCK,10432.0,140.0,10431.0,41.0,,,10433,150,10434.0,41.0,,,10432.5,0.0
0,6900,VOLCANIC_ROCK,10432.0,131.0,10431.0,76.0,,,10434,207,,,,,10433.0,0.0
0,7000,VOLCANIC_ROCK,10431.0,103.0,10430.0,74.0,,,10432,103,10433.0,74.0,,,10431.5,0.0
0,7100,VOLCANIC_ROCK,10434.0,191.0,,,,,10436,117,10437.0,74.0,,,10435.0,0.0
0,7200,VOLCANIC_ROCK,10438.0,102.0,10437.0,65.0,,,10439,102,10440.0,65.0,,,10438.5,0.0
0,7300,VOLCANIC_ROCK,10436.0,172.0,,,,,10438,104,10439.0,68.0,,,10437.0,0.0
0,7400,VOLCANIC_ROCK,10438.0,131.0,10437.0,73.0,,,10439,123,10440.0,73.0,,,10438.5,0.0
0,7500,VOLCANIC_ROCK,10441.0,113.0,10440.0,80.0,,,10442,113,10443.0,80.0,,,10441.5,0.0
0,7600,VOLCANIC_ROCK,10441.0,149.0,10440.0,49.0,,,10442,144,10443.0,49.0,,,10441.5,0.0
0,7700,VOLCANIC_ROCK,10435.0,104.0,10434.0,42.0,,,10437,146,,,,,10436.0,0.0
0,7800,VOLCANIC_ROCK,10440.0,144.0,10439.0,59.0,,,10441,144,10442.0,59.0,,,10440.5,0.0
0,7900,VOLCANIC_ROCK,10447.0,104.0,10446.0,79.0,,,10448,104,10449.0,79.0,,,10447.5,0.0
0,8000,VOLCANIC_ROCK,10442.0,137.0,10441.0,55.0,,,10443,6,10444.0,137.0,10445.0,55.0,10442.5,0.0
0,8100,VOLCANIC_ROCK,10447.0,140.0,10446.0,55.0,,,10448,147,10449.0,55.0,,,10447.5,0.0
0,8200,VOLCANIC_ROCK,10450.0,138.0,10449.0,52.0,,,10452,190,,,,,10451.0,0.0
0,8300,VOLCANIC_ROCK,10440.0,131.0,10439.0,52.0,,,10441,131,10442.0,52.0,,,10440.5,0.0
0,8400,VOLCANIC_ROCK,10444.0,143.0,10443.0,79.0,,,10445,143,10446.0,79.0,,,10444.5,0.0
0,8500,VOLCANIC_ROCK,10446.0,100.0,10445.0,72.0,,,10448,172,,,,,10447.0,0.0
0,8600,VOLCANIC_ROCK,10440.0,156.0,,,,,10442,112,10443.0,44.0,,,10441.0,0.0
0,8700,VOLCANIC_ROCK,10436.0,107.0,10435.0,75.0,,,10437,107,10438.0,75.0,,,10436.5,0.0
0,8800,VOLCANIC_ROCK,10432.0,139.0,10431.0,64.0,,,10433,139,10434.0,64.0,,,10432.5,0.0
0,8900,VOLCANIC_ROCK,10430.0,185.0,,,,,10432,128,10433.0,57.0,,,10431.0,0.0
0,9000,VOLCANIC_ROCK,10431.0,194.0,,,,,10433,116,10434.0,78.0,,,10432.0,0.0
0,9100,VOLCANIC_ROCK,10423.0,149.0,10422.0,61.0,,,10424,149,10425.0,61.0,,,10423.5,0.0
0,9200,VOLCANIC_ROCK,10424.0,131.0,10423.0,51.0,,,10425,131,10426.0,51.0,,,10424.5,0.0
0,9300,VOLCANIC_ROCK,10422.0,108.0,10421.0,45.0,,,10423,108,10424.0,45.0,,,10422.5,0.0
0,9400,VOLCANIC_ROCK,10425.0,150.0,10424.0,51.0,,,10426,150,10427.0,51.0,,,10425.5,0.0
0,9500,VOLCANIC_ROCK,10425.0,114.0,10424.0,52.0,,,10426,114,10427.0,52.0,,,10425.5,0.0
0,9600,VOLCANIC_ROCK,10431.0,150.0,10430.0,73.0,,,10432,150,10433.0,73.0,,,10431.5,0.0
0,9700,VOLCANIC_ROCK,10425.0,122.0,10424.0,47.0,,,10427,160,,,,,10426.0,0.0
0,9800,VOLCANIC_ROCK,10427.0,192.0,,,,,10429,133,10430.0,59.0,,,10428.0,0.0
0,9900,VOLCANIC_ROCK,10426.0,115.0,10425.0,57.0,,,10428,172,,,,,10427.0,0.0
0,10000,VOLCANIC_ROCK,10419.0,133.0,10418.0,41.0,,,10420,133,10421.0,41.0,,,10419.5,0.0
0,10100,VOLCANIC_ROCK,10424.0,104.0,10423.0,47.0,,,10426,104,10427.0,47.0,,,10425.0,0.0
0,10200,VOLCANIC_ROCK,10420.0,127.0,10419.0,53.0,,,10422,180,,,,,10421.0,0.0
0,10300,VOLCANIC_ROCK,10422.0,127.0,10421.0,40.0,,,10423,127,10424.0,40.0,,,10422.5,0.0
0,10400,VOLCANIC_ROCK,10424.0,108.0,10423.0,62.0,,,10426,108,10427.0,62.0,,,10425.0,0.0
0,10500,VOLCANIC_ROCK,10426.0,164.0,,,,,10428,115,10429.0,49.0,,,10427.0,0.0
0,10600,VOLCANIC_ROCK,10431.0,102.0,10430.0,80.0,,,10432,102,10433.0,80.0,,,10431.5,0.0
0,10700,VOLCANIC_ROCK,10427.0,111.0,10426.0,40.0,,,10429,151,,,,,10428.0,0.0
0,10800,VOLCANIC_ROCK,10433.0,106.0,10432.0,52.0,,,10435,158,,,,,10434.0,0.0
0,10900,VOLCANIC_ROCK,10438.0,141.0,10437.0,56.0,,,10440,197,,,,,10439.0,0.0
0,11000,VOLCANIC_ROCK,10447.0,113.0,10446.0,51.0,,,10448,113,10449.0,51.0,,,10447.5,0.0
0,11100,VOLCANIC_ROCK,10438.0,144.0,10437.0,78.0,,,10440,212,,,,,10439.0,0.0
0,11200,VOLCANIC_ROCK,10447.0,141.0,10446.0,76.0,,,10448,132,10449.0,76.0,,,10447.5,0.0
0,11300,VOLCANIC_ROCK,10442.0,150.0,10441.0,56.0,,,10444,198,,,,,10443.0,0.0
0,11400,VOLCANIC_ROCK,10448.0,121.0,10447.0,72.0,,,10450,121,10451.0,72.0,,,10449.0,0.0
0,11500,VOLCANIC_ROCK,10446.0,115.0,10445.0,47.0,,,10448,162,,,,,10447.0,0.0
0,11600,VOLCANIC_ROCK,10443.0,139.0,10442.0,72.0,,,10445,139,10446.0,72.0,,,10444.0,0.0
0,11700,VOLCANIC_ROCK,10439.0,124.0,10438.0,54.0,,,10440,124,10441.0,54.0,,,10439.5,0.0
0,11800,VOLCANIC_ROCK,10435.0,108.0,10434.0,50.0,,,10436,108,10437.0,50.0,,,10435.5,0.0
0,11900,VOLCANIC_ROCK,10428.0,125.0,10427.0,65.0,,,10429,134,10430.0,65.0,,,10428.5,0.0
0,12000,VOLCANIC_ROCK,10430.0,122.0,10429.0,56.0,,,10431,122,10432.0,56.0,,,10430.5,0.0
0,12100,VOLCANIC_ROCK,10430.0,123.0,10429.0,75.0,,,10431,123,10432.0,75.0,,,10430.5,0.0
0,12200,VOLCANIC_ROCK,10428.0,113.0,10427.0,40.0,,,10429,113,10430.0,40.0,,,10428.5,0.0
0,12300,VOLCANIC_ROCK,10433.0,197.0,,,,,10435,128,10436.0,69.0,,,10434.0,0.0
0,12400,VOLCANIC_ROCK,10435.0,169.0,,,,,10437,102,10438.0,67.0,,,10436.0,0.0
0,12500,VOLCANIC_ROCK,10432.0,104.0,10431.0,78.0,,,10433,104,10434.0,78.0,,,10432.5,0.0
0,12600,VOLCANIC_ROCK,10423.0,134.0,10422.0,74.0,,,10424,134,10425.0,74.0,,,10423.5,0.0
0,12700,VOLCANIC_ROCK,10426.0,132.0,10425.0,46.0,,,10427,132,10428.0,46.0,,,10426.5,0.0
0,12800,VOLCANIC_ROCK,10430.0,171.0,,,,,10432,109,10433.0,62.0,,,10431.0,0.0
0,12900,VOLCANIC_ROCK,10426.0,106.0,10425.0,61.0,,,10427,106,10428.0,61.0,,,10426.5,0.0
0,13000,VOLCANIC_ROCK,10426.0,100.0,10425.0,77.0,,,10427,100,10428.0,77.0,,,10426.5,0.0
0,13100,VOLCANIC_ROCK,10422.0,127.0,10421.0,74.0,,,10424,201,,,,,10423.0,0.0
0,13200,VOLCANIC_ROCK,10415.0,104.0,10414.0,45.0,,,10416,104,10417.0,45.0,,,10415.5,0.0
0,13300,VOLCANIC_ROCK,10413.0,115.0,10412.0,53.0,,,10415,115,10416.0,53.0,,,10414.0,0.0
0,13400,VOLCANIC_ROCK,10414.0,141.0,10413.0,59.0,,,10415,141,10416.0,59.0,,,10414.5,0.0
0,13500,VOLCANIC_ROCK,10410.0,200.0,,,,,10412,146,10413.0,54.0,,,10411.0,0.0
0,13600,VOLCANIC_ROCK,10405.0,113.0,10404.0,71.0,,,10406,113,10407.0,71.0,,,10405.5,0.0
0,13700,VOLCANIC_ROCK,10405.0,129.0,10404.0,73.0,,,10407,202,,,,,10406.0,0.0
0,13800,VOLCANIC_ROCK,10381.0,122.0,10380.0,57.0,,,10382,116,10383.0,57.0,,,10381.5,0.0
0,13900,VOLCANIC_ROCK,10392.0,104.0,10391.0,41.0,,,10393,104,10394.0,41.0,,,10392.5,0.0
0,14000,VOLCANIC_ROCK,10379.0,107.0,10378.0,78.0,,,10380,107,10381.0,78.0,,,10379.5,0.0
0,14100,VOLCANIC_ROCK,10393.0,115.0,10392.0,78.0,,,10394,115,10395.0,78.0,,,10393.5,0.0
0,14200,VOLCANIC_ROCK,10406.0,110.0,10405.0,54.0,,,10407,110,10408.0,54.0,,,10406.5,0.0
0,14300,VOLCANIC_ROCK,10396.0,139.0,10395.0,63.0,,,10397,139,10398.0,63.0,,,10396.5,0.0
0,14400,VOLCANIC_ROCK,10403.0,104.0,10402.0,56.0,,,10405,160,,,,,10404.0,0.0
0,14500,VOLCANIC_ROCK,10405.0,139.0,10404.0,67.0,,,10406,139,10407.0,67.0,,,10405.5,0.0
0,14600,VOLCANIC_ROCK,10404.0,192.0,,,,,10406,137,10407.0,55.0,,,10405.0,0.0
0,14700,VOLCANIC_ROCK,10416.0,110.0,10415.0,47.0,,,10418,150,,,,,10417.0,0.0
0,14800,VOLCANIC_ROCK,10409.0,133.0,10408.0,49.0,,,10410,133,10411.0,49.0,,,10409.5,0.0
0,14900,VOLCANIC_ROCK,10413.0,202.0,,,,,10415,149,10416.0,53.0,,,10414.0,0.0
0,15000,VOLCANIC_ROCK,10424.0,139.0,10423.0,64.0,,,10426,203,,,,,10425.0,0.0
0,15100,VOLCANIC_ROCK,10428.0,124.0,10427.0,49.0,,,10429,124,10430.0,49.0,,,10428.5,0.0
0,15200,VOLCANIC_ROCK,10432.0,185.0,,,,,10434,115,10435.0,70.0,,,10433.0,0.0
0,15300,VOLCANIC_ROCK,10437.0,142.0,10436.0,80.0,,,10439,222,,,,,10438.0,0.0
0,15400,VOLCANIC_ROCK,10438.0,139.0,10437.0,69.0,,,10439,6,10440.0,139.0,10441.0,69.0,10438.5,0.0
0,15500,VOLCANIC_ROCK,10440.0,120.0,10439.0,45.0,,,10441,120,10442.0,45.0,,,10440.5,0.0
0,15600,VOLCANIC_ROCK,10444.0,228.0,,,,,10446,148,10447.0,80.0,,,10445.0,0.0
0,15700,VOLCANIC_ROCK,10445.0,192.0,,,,,10447,123,10448.0,69.0,,,10446.0,0.0
0,15800,VOLCANIC_ROCK,10457.0,139.0,10456.0,70.0,,,10458,139,10459.0,70.0,,,10457.5,0.0
0,15900,VOLCANIC_ROCK,10468.0,150.0,10467.0,76.0,,,10470,150,10471.0,76.0,,,10469.0,0.0
0,16000,VOLCANIC_ROCK,10461.0,139.0,10460.0,64.0,,,10462,139,10463.0,64.0,,,10461.5,0.0
0,16100,VOLCANIC_ROCK,10457.0,136.0,10456.0,58.0,,,10458,136,10459.0,58.0,,,10457.5,0.0
0,16200,VOLCANIC_ROCK,10470.0,118.0,10469.0,51.0,,,10472,169,,,,,10471.0,0.0
0,16300,VOLCANIC_ROCK,10466.0,100.0,10465.0,66.0,,,10467,100,10468.0,66.0,,,10466.5,0.0
0,16400,VOLCANIC_ROCK,10463.0,114.0,10462.0,47.0,,,10465,114,10466.0,47.0,,,10464.0,0.0
0,16500,VOLCANIC_ROCK,10469.0,109.0,10468.0,47.0,,,10471,156,,,,,10470.0,0.0
0,16600,VOLCANIC_ROCK,10469.0,132.0,10468.0,48.0,,,10470,132,10471.0,48.0,,,10469.5,0.0
0,16700,VOLCANIC_ROCK,10473.0,157.0,,,,,10475,105,10476.0,52.0,,,10474.0,0.0
0,16800,VOLCANIC_ROCK,10477.0,179.0,,,,,10479,137,10480.0,42.0,,,10478.0,0.0
0,16900,VOLCANIC_ROCK,10482.0,139.0,10481.0,46.0,,,10483,139,10484.0,46.0,,,10482.5,0.0
0,17000,VOLCANIC_ROCK,10476.0,133.0,10475.0,51.0,,,10477,133,10478.0,51.0,,,10476.5,0.0
0,17100,VOLCANIC_ROCK,10482.0,192.0,,,,,10484,112,10485.0,80.0,,,10483.0,0.0
0,17200,VOLCANIC_ROCK,10479.0,119.0,10478.0,50.0,,,10481,169,,,,,10480.0,0.0
0,17300,VOLCANIC_ROCK,10482.0,143.0,10481.0,63.0,,,10484,143,10485.0,63.0,,,10483.0,0.0
0,17400,VOLCANIC_ROCK,10481.0,125.0,10480.0,40.0,,,10482,125,10483.0,40.0,,,10481.5,0.0
0,17500,VOLCANIC_ROCK,10480.0,102.0,10479.0,64.0,,,10482,166,,,,,10481.0,0.0
0,17600,VOLCANIC_ROCK,10474.0,146.0,10473.0,59.0,,,10476,205,,,,,10475.0,0.0
0,17700,VOLCANIC_ROCK,10475.0,123.0,10474.0,63.0,,,10477,186,,,,,10476.0,0.0
0,17800,VOLCANIC_ROCK,10474.0,184.0,,,,,10476,135,10477.0,49.0,,,10475.0,0.0
0,17900,VOLCANIC_ROCK,10469.0,203.0,,,,,10471,144,10472.0,59.0,,,10470.0,0.0
0,18000,VOLCANIC_ROCK,10465.0,183.0,,,,,10467,116,10468.0,67.0,,,10466.0,0.0
0,18100,VOLCANIC_ROCK,10455.0,114.0,10454.0,77.0,,,10456,114,10457.0,77.0,,,10455.5,0.0
0,18200,VOLCANIC_ROCK,10462.0,134.0,10461.0,49.0,,,10464,183,,,,,10463.0,0.0
0,18300,VOLCANIC_ROCK,10464.0,90.0,10463.0,45.0,,,10465,100,10466.0,45.0,,,10464.5,0.0
0,18400,VOLCANIC_ROCK,10469.0,119.0,10468.0,54.0,,,10471,173,,,,,10470.0,0.0
0,18500,VOLCANIC_ROCK,10470.0,134.0,10469.0,43.0,,,10471,134,10472.0,43.0,,,10470.5,0.0
0,18600,VOLCANIC_ROCK,10467.0,10.0,10466.0,195.0,,,10468,148,10469.0,47.0,,,10467.5,0.0
0,18700,VOLCANIC_ROCK,10460.0,147.0,10459.0,44.0,,,10461,147,10462.0,44.0,,,10460.5,0.0
0,18800,VOLCANIC_ROCK,10463.0,8.0,10462.0,181.0,,,10464,139,10465.0,42.0,,,10463.5,0.0
0,18900,VOLCANIC_ROCK,10468.0,136.0,10467.0,66.0,,,10470,202,,,,,10469.0,0.0
0,19000,VOLCANIC_ROCK,10468.0,192.0,,,,,10470,133,10471.0,59.0,,,10469.0,0.0
0,19100,VOLCANIC_ROCK,10468.0,131.0,10467.0,45.0,,,10469,131,10470.0,45.0,,,10468.5,0.0
0,19200,VOLCANIC_ROCK,10464.0,107.0,10463.0,40.0,,,10465,112,10466.0,40.0,,,10464.5,0.0
0,19300,VOLCANIC_ROCK,10467.0,137.0,10466.0,56.0,,,10468,137,10469.0,56.0,,,10467.5,0.0
0,19400,VOLCANIC_ROCK,10466.0,131.0,10465.0,54.0,,,10467,131,10468.0,54.0,,,10466.5,0.0
0,19500,VOLCANIC_ROCK,10468.0,112.0,10467.0,66.0,,,10470,168,,,,,10469.0,0.0
0,19600,VOLCANIC_ROCK,10467.0,131.0,10466.0,57.0,,,10468,131,10469.0,57.0,,,10467.5,0.0
0,19700,VOLCANIC_ROCK,10460.0,187.0,,,,,10461,9,10462.0,116.0,10463.0,71.0,10460.5,0.0
0,19800,VOLCANIC_ROCK,10462.0,195.0,,,,,10464,119,10465.0,76.0,,,10463.0,0.0
0,19900,VOLCANIC_ROCK,10461.0,134.0,10460.0,75.0,,,10462,134,10463.0,75.0,,,10461.5,0.0
0,20000,VOLCANIC_ROCK,10456.0,144.0,10455.0,54.0,,,10457,144,10458.0,54.0,,,10456.5,0.0
0,20100,VOLCANIC_ROCK,10447.0,144.0,10446.0,65.0,,,10449,209,,,,,10448.0,0.0
0,20200,VOLCANIC_ROCK,10440.0,182.0,,,,,10442,109,10443.0,73.0,,,10441.0,0.0
0,20300,VOLCANIC_ROCK,10436.0,120.0,10435.0,63.0,,,10437,120,10438.0,63.0,,,10436.5,0.0
0,20400,VOLCANIC_ROCK,10446.0,101.0,10445.0,53.0,,,10448,154,,,,,10447.0,0.0
0,20500,VOLCANIC_ROCK,10448.0,211.0,,,,,10450,141,10451.0,70.0,,,10449.0,0.0
0,20600,VOLCANIC_ROCK,10451.0,110.0,10450.0,46.0,,,10452,6,10453.0,110.0,10454.0,46.0,10451.5,0.0
0,20700,VOLCANIC_ROCK,10450.0,103.0,10449.0,62.0,,,10452,165,,,,,10451.0,0.0
0,20800,VOLCANIC_ROCK,10457.0,107.0,10456.0,55.0,,,10458,107,10459.0,55.0,,,10457.5,0.0
0,20900,VOLCANIC_ROCK,10454.0,146.0,,,,,10456,103,10457.0,43.0,,,10455.0,0.0
0,21000,VOLCANIC_ROCK,10449.0,116.0,10448.0,61.0,,,10451,177,,,,,10450.0,0.0
0,21100,VOLCANIC_ROCK,10451.0,170.0,,,,,10453,120,10454.0,50.0,,,10452.0,0.0
0,21200,VOLCANIC_ROCK,10454.0,142.0,10453.0,72.0,,,10455,134,10456.0,72.0,,,10454.5,0.0
0,21300,VOLCANIC_ROCK,10460.0,146.0,10459.0,74.0,,,10461,146,10462.0,74.0,,,10460.5,0.0
0,21400,VOLCANIC_ROCK,10461.0,146.0,10460.0,79.0,,,10462,146,10463.0,79.0,,,10461.5,0.0
0,21500,VOLCANIC_ROCK,10457.0,166.0,,,,,10459,111,10460.0,55.0,,,10458.0,0.0
0,21600,VOLCANIC_ROCK,10456.0,118.0,10455.0,47.0,,,10458,165,,,,,10457.0,0.0
0,21700,VOLCANIC_ROCK,10454.0,138.0,10453.0,44.0,,,10456,182,,,,,10455.0,0.0
0,21800,VOLCANIC_ROCK,10457.0,103.0,10456.0,73.0,,,10458,103,10459.0,73.0,,,10457.5,0.0
0,21900,VOLCANIC_ROCK,10456.0,146.0,10455.0,48.0,,,10457,146,10458.0,48.0,,,10456.5,0.0
0,22000,VOLCANIC_ROCK,10455.0,100.0,10454.0,65.0,,,10457,165,,,,,10456.0,0.0
0,22100,VOLCANIC_ROCK,10458.0,116.0,10457.0,47.0,,,10459,116,10460.0,47.0,,,10458.5,0.0
0,22200,VOLCANIC_ROCK,10457.0,121.0,10456.0,74.0,,,10458,121,10459.0,74.0,,,10457.5,0.0
0,22300,VOLCANIC_ROCK,10452.0,113.0,10451.0,65.0,,,10453,113,10454.0,65.0,,,10452.5,0.0
0,22400,VOLCANIC_ROCK,10452.0,105.0,10451.0,44.0,,,10453,115,10454.0,44.0,,,10452.5,0.0
0,22500,VOLCANIC_ROCK,10455.0,136.0,10454.0,46.0,,,10457,182,,,,,10456.0,0.0
0,22600,VOLCANIC_ROCK,10462.0,135.0,10461.0,68.0,,,10463,135,10464.0,68.0,,,10462.5,0.0
0,22700,VOLCANIC_ROCK,10472.0,194.0,,,,,10474,143,10475.0,51.0,,,10473.0,0.0
0,22800,VOLCANIC_ROCK,10480.0,2.0,10479.0,142.0,10478.0,77.0,10481,219,,,,,10480.5,0.0
0,22900,VOLCANIC_ROCK,10475.0,171.0,,,,,10477,130,10478.0,41.0,,,10476.0,0.0
0,23000,VOLCANIC_ROCK,10483.0,129.0,10482.0,63.0,,,10485,192,,,,,10484.0,0.0
0,23100,VOLCANIC_ROCK,10478.0,122.0,10477.0,68.0,,,10479,122,10480.0,68.0,,,10478.5,0.0
0,23200,VOLCANIC_ROCK,10474.0,144.0,10473.0,73.0,,,10475,144,10476.0,73.0,,,10474.5,0.0
0,23300,VOLCANIC_ROCK,10474.0,147.0,10473.0,49.0,,,10476,147,10477.0,49.0,,,10475.0,0.0
0,23400,VOLCANIC_ROCK,10473.0,112.0,10472.0,50.0,,,10474,112,10475.0,50.0,,,10473.5,0.0
0,23500,VOLCANIC_ROCK,10471.0,140.0,10470.0,60.0,,,10473,140,10474.0,60.0,,,10472.0,0.0
0,23600,VOLCANIC_ROCK,10478.0,111.0,10477.0,52.0,,,10479,111,10480.0,52.0,,,10478.5,0.0
0,23700,VOLCANIC_ROCK,10481.0,118.0,10480.0,71.0,,,10482,118,10483.0,71.0,,,10481.5,0.0
0,23800,VOLCANIC_ROCK,10479.0,134.0,10478.0,47.0,,,10480,134,10481.0,47.0,,,10479.5,0.0
0,23900,VOLCANIC_ROCK,10477.0,122.0,10476.0,44.0,,,10479,171,,,,,10478.0,0.0
0,24000,VOLCANIC_ROCK,10478.0,139.0,10477.0,67.0,,,10479,139,10480.0,67.0,,,10478.5,0.0
0,24100,VOLCANIC_ROCK,10473.0,160.0,,,,,10475,112,10476.0,48.0,,,10474.0,0.0
0,24200,VOLCANIC_ROCK,10471.0,192.0,,,,,10473,150,10474.0,42.0,,,10472.0,0.0
0,24300,VOLCANIC_ROCK,10474.0,122.0,10473.0,59.0,,,10475,122,10476.0,59.0,,,10474.5,0.0
0,24400,VOLCANIC_ROCK,10474.0,117.0,10473.0,42.0,,,10475,117,10476.0,42.0,,,10474.5,0.0
0,24500,VOLCANIC_ROCK,10467.0,150.0,10466.0,69.0,,,10468,150,10469.0,69.0,,,10467.5,0.0
0,24600,VOLCANIC_ROCK,10464.0,130.0,10463.0,63.0,,,10466,193,,,,,10465.0,0.0
0,24700,VOLCANIC_ROCK,10459.0,141.0,10458.0,68.0,,,10460,141,10461.0,68.0,,,10459.5,0.0
0,24800,VOLCANIC_ROCK,10462.0,107.0,10461.0,51.0,,,10463,107,10464.0,51.0,,,10462.5,0.0
0,24900,VOLCANIC_ROCK,10462.0,131.0,10461.0,62.0,,,10464,193,,,,,10463.0,0.0
0,25000,VOLCANIC_ROCK,10467.0,138.0,10466.0,62.0,,,10468,138,10469.0,62.0,,,10467.5,0.0
0,25100,VOLCANIC_ROCK,10470.0,135.0,10469.0,68.0,,,10472,135,10473.0,68.0,,,10471.0,0.0
0,25200,VOLCANIC_ROCK,10471.0,141.0,10470.0,70.0,,,10472,141,10473.0,70.0,,,10471.5,0.0
0,25300,VOLCANIC_ROCK,10467.0,118.0,10466.0,59.0,,,10468,118,10469.0,59.0,,,10467.5,0.0
0,25400,VOLCANIC_ROCK,10465.0,103.0,10464.0,58.0,,,10466,103,10467.0,58.0,,,10465.5,0.0
0,25500,VOLCANIC_ROCK,10465.0,110.0,10464.0,62.0,,,10467,172,,,,,10466.0,0.0
0,25600,VOLCANIC_ROCK,10462.0,145.0,10461.0,56.0,,,10464,145,10465.0,56.0,,,10463.0,0.0
0,25700,VOLCANIC_ROCK,10464.0,150.0,10463.0,64.0,,,10465,150,10466.0,64.0,,,10464.5,0.0
0,25800,VOLCANIC_ROCK,10465.0,106.0,10464.0,57.0,,,10466,106,10467.0,57.0,,,10465.5,0.0
0,25900,VOLCANIC_ROCK,10462.0,139.0,10461.0,51.0,,,10463,139,10464.0,51.0,,,10462.5,0.0
0,26000,VOLCANIC_ROCK,10465.0,136.0,10464.0,73.0,,,10466,143,10467.0,73.0,,,10465.5,0.0
0,26100,VOLCANIC_ROCK,10459.0,124.0,10458.0,58.0,,,10461,182,,,,,10460.0,0.0
0,26200,VOLCANIC_ROCK,10459.0,146.0,10458.0,75.0,,,10460,146,10461.0,75.0,,,10459.5,0.0
0,26300,VOLCANIC_ROCK,10456.0,119.0,10455.0,54.0,,,10457,114,10458.0,54.0,,,10456.5,0.0
0,26400,VOLCANIC_ROCK,10462.0,176.0,,,,,10464,121,10465.0,55.0,,,10463.0,0.0
0,26500,VOLCANIC_ROCK,10460.0,150.0,10459.0,73.0,,,10462,144,10463.0,73.0,,,10461.0,0.0
0,26600,VOLCANIC_ROCK,10460.0,104.0,10459.0,68.0,,,10462,172,,,,,10461.0,0.0
0,26700,VOLCANIC_ROCK,10464.0,127.0,10463.0,68.0,,,10465,127,10466.0,68.0,,,10464.5,0.0
0,26800,VOLCANIC_ROCK,10467.0,149.0,10466.0,75.0,,,10468,149,10469.0,75.0,,,10467.5,0.0
0,26900,VOLCANIC_ROCK,10463.0,101.0,10462.0,55.0,,,10464,101,10465.0,55.0,,,10463.5,0.0
0,27000,VOLCANIC_ROCK,10457.0,102.0,10456.0,60.0,,,10459,162,,,,,10458.0,0.0
0,27100,VOLCANIC_ROCK,10457.0,194.0,,,,,10459,126,10460.0,68.0,,,10458.0,0.0
0,27200,VOLCANIC_ROCK,10463.0,100.0,10462.0,71.0,,,10465,100,10466.0,71.0,,,10464.0,0.0
0,27300,VOLCANIC_ROCK,10461.0,137.0,10460.0,45.0,,,10463,182,,,,,10462.0,0.0
0,27400,VOLCANIC_ROCK,10459.0,160.0,,,,,10461,114,10462.0,46.0,,,10460.0,0.0
0,27500,VOLCANIC_ROCK,10457.0,115.0,10456.0,78.0,,,10458,125,10459.0,78.0,,,10457.5,0.0
0,27600,VOLCANIC_ROCK,10454.0,145.0,10453.0,48.0,,,10455,145,10456.0,48.0,,,10454.5,0.0
0,27700,VOLCANIC_ROCK,10450.0,136.0,10449.0,80.0,,,10451,136,10452.0,80.0,,,10450.5,0.0
0,27800,VOLCANIC_ROCK,10437.0,213.0,,,,,10439,142,10440.0,71.0,,,10438.0,0.0
0,27900,VOLCANIC_ROCK,10441.0,162.0,,,,,10443,108,10444.0,54.0,,,10442.0,0.0
0,28000,VOLCANIC_ROCK,10442.0,172.0,,,,,10444,102,10445.0,70.0,,,10443.0,0.0
0,28100,VOLCANIC_ROCK,10441.0,140.0,10440.0,70.0,,,10442,140,10443.0,70.0,,,10441.5,0.0
0,28200,VOLCANIC_ROCK,10443.0,112.0,10442.0,42.0,,,10445,154,,,,,10444.0,0.0
0,28300,VOLCANIC_ROCK,10433.0,112.0,10432.0,67.0,,,10434,117,10435.0,67.0,,,10433.5,0.0
0,28400,VOLCANIC_ROCK,10440.0,128.0,10439.0,55.0,,,10441,120,10442.0,55.0,,,10440.5,0.0
0,28500,VOLCANIC_ROCK,10439.0,103.0,10438.0,68.0,,,10441,171,,,,,10440.0,0.0
0,28600,VOLCANIC_ROCK,10436.0,112.0,10435.0,56.0,,,10438,168,,,,,10437.0,0.0
0,28700,VOLCANIC_ROCK,10441.0,137.0,10440.0,65.0,,,10443,202,,,,,10442.0,0.0
0,28800,VOLCANIC_ROCK,10439.0,152.0,,,,,10441,112,10442.0,40.0,,,10440.0,0.0
0,28900,VOLCANIC_ROCK,10445.0,141.0,10444.0,55.0,,,10447,196,,,,,10446.0,0.0
0,29000,VOLCANIC_ROCK,10444.0,213.0,,,,,10446,149,10447.0,64.0,,,10445.0,0.0
0,29100,VOLCANIC_ROCK,10441.0,150.0,10440.0,76.0,,,10442,150,10443.0,76.0,,,10441.5,0.0
0,29200,VOLCANIC_ROCK,10442.0,129.0,10441.0,64.0,,,10444,193,,,,,10443.0,0.0
0,29300,VOLCANIC_ROCK,10448.0,103.0,10447.0,77.0,,,10450,180,,,,,10449.0,0.0
0,29400,VOLCANIC_ROCK,10449.0,128.0,10448.0,48.0,,,10450,128,10451.0,48.0,,,10449.5,0.0
0,29500,VOLCANIC_ROCK,10445.0,140.0,10444.0,76.0,,,10446,140,10447.0,76.0,,,10445.5,0.0
0,29600,VOLCANIC_ROCK,10439.0,138.0,10438.0,64.0,,,10441,202,,,,,10440.0,0.0
0,29700,VOLCANIC_ROCK,10439.0,186.0,,,,,10441,121,10442.0,65.0,,,10440.0,0.0
0,29800,VOLCANIC_ROCK,10443.0,140.0,10442.0,71.0,,,10445,140,10446.0,71.0,,,10444.0,0.0
0,29900,VOLCANIC_ROCK,10443.0,135.0,10442.0,76.0,,,10444,135,10445.0,76.0,,,10443.5,0.0
0,30000,VOLCANIC_ROCK,10443.0,133.0,10442.0,70.0,,,10445,133,10446.0,70.0,,,10444.0,0.0
0,30100,VOLCANIC_ROCK,10440.0,141.0,10439.0,41.0,,,10441,150,10442.0,41.0,,,10440.5,0.0
0,30200,VOLCANIC_ROCK,10433.0,104.0,10432.0,59.0,,,10434,104,10435.0,59.0,,,10433.5,0.0
0,30300,VOLCANIC_ROCK,10435.0,5.0,10434.0,151.0,,,10436,101,10437.0,50.0,,,10435.5,0.0
0,30400,VOLCANIC_ROCK,10431.0,142.0,10430.0,40.0,,,10432,135,10433.0,40.0,,,10431.5,0.0
0,30500,VOLCANIC_ROCK,10431.0,188.0,,,,,10432,5,10433.0,143.0,10434.0,45.0,10431.5,0.0
0,30600,VOLCANIC_ROCK,10426.0,189.0,,,,,10428,132,10429.0,57.0,,,10427.0,0.0
0,30700,VOLCANIC_ROCK,10425.0,132.0,10424.0,69.0,,,10426,126,10427.0,69.0,,,10425.5,0.0
0,30800,VOLCANIC_ROCK,10424.0,151.0,,,,,10426,105,10427.0,46.0,,,10425.0,0.0
0,30900,VOLCANIC_ROCK,10429.0,119.0,10428.0,71.0,,,10431,190,,,,,10430.0,0.0
0,31000,VOLCANIC_ROCK,10426.0,150.0,10425.0,42.0,,,10428,192,,,,,10427.0,0.0
0,31100,VOLCANIC_ROCK,10426.0,165.0,,,,,10428,112,10429.0,53.0,,,10427.0,0.0
0,31200,VOLCANIC_ROCK,10430.0,141.0,10429.0,62.0,,,10431,7,10432.0,141.0,10433.0,62.0,10430.5,0.0
0,31300,VOLCANIC_ROCK,10422.0,118.0,10421.0,43.0,,,10423,126,10424.0,43.0,,,10422.5,0.0
0,31400,VOLCANIC_ROCK,10425.0,111.0,10424.0,71.0,,,10426,111,10427.0,71.0,,,10425.5,0.0
0,31500,VOLCANIC_ROCK,10426.0,129.0,10425.0,80.0,,,10427,129,10428.0,80.0,,,10426.5,0.0
0,31600,VOLCANIC_ROCK,10428.0,141.0,10427.0,63.0,,,10429,141,10430.0,63.0,,,10428.5,0.0
0,31700,VOLCANIC_ROCK,10429.0,120.0,10428.0,76.0,,,10431,113,10432.0,76.0,,,10430.0,0.0
0,31800,VOLCANIC_ROCK,10431.0,124.0,10430.0,80.0,,,10433,124,10434.0,80.0,,,10432.0,0.0
0,31900,VOLCANIC_ROCK,10431.0,147.0,10430.0,44.0,,,10433,147,10434.0,44.0,,,10432.0,0.0
0,32000,VOLCANIC_ROCK,10432.0,117.0,10431.0,54.0,,,10434,171,,,,,10433.0,0.0
0,32100,VOLCANIC_ROCK,10429.0,96.0,10428.0,66.0,,,10430,104,10431.0,66.0,,,10429.5,0.0
0,32200,VOLCANIC_ROCK,10426.0,184.0,,,,,10428,121,10429.0,63.0,,,10427.0,0.0
0,32300,VOLCANIC_ROCK,10427.0,123.0,10426.0,67.0,,,10429,190,,,,,10428.0,0.0
0,32400,VOLCANIC_ROCK,10431.0,114.0,10430.0,49.0,,,10432,114,10433.0,49.0,,,10431.5,0.0
0,32500,VOLCANIC_ROCK,10430.0,141.0,10429.0,73.0,,,10431,141,10432.0,73.0,,,10430.5,0.0
0,32600,VOLCANIC_ROCK,10436.0,120.0,10435.0,58.0,,,10438,178,,,,,10437.0,0.0
0,32700,VOLCANIC_ROCK,10438.0,139.0,10437.0,42.0,,,10440,181,,,,,10439.0,0.0
0,32800,VOLCANIC_ROCK,10438.0,143.0,10437.0,50.0,,,10440,143,10441.0,50.0,,,10439.0,0.0
0,32900,VOLCANIC_ROCK,10440.0,140.0,10439.0,52.0,,,10441,140,10442.0,52.0,,,10440.5,0.0
0,33000,VOLCANIC_ROCK,10439.0,134.0,10438.0,46.0,,,10441,180,,,,,10440.0,0.0
0,33100,VOLCANIC_ROCK,10436.0,118.0,10435.0,74.0,,,10437,118,10438.0,74.0,,,10436.5,0.0
0,33200,VOLCANIC_ROCK,10434.0,176.0,,,,,10436,102,10437.0,74.0,,,10435.0,0.0
0,33300,VOLCANIC_ROCK,10438.0,100.0,10437.0,70.0,,,10439,100,10440.0,70.0,,,10438.5,0.0
0,33400,VOLCANIC_ROCK,10437.0,132.0,10436.0,79.0,,,10439,132,10440.0,79.0,,,10438.0,0.0
0,33500,VOLCANIC_ROCK,10436.0,3.0,10435.0,132.0,10434.0,69.0,10437,201,,,,,10436.5,0.0
0,33600,VOLCANIC_ROCK,10433.0,142.0,10432.0,71.0,,,10434,142,10435.0,71.0,,,10433.5,0.0
0,33700,VOLCANIC_ROCK,10424.0,137.0,10423.0,60.0,,,10426,137,10427.0,60.0,,,10425.0,0.0
0,33800,VOLCANIC_ROCK,10433.0,195.0,,,,,10435,150,10436.0,45.0,,,10434.0,0.0
0,33900,VOLCANIC_ROCK,10433.0,130.0,10432.0,56.0,,,10435,186,,,,,10434.0,0.0
0,34000,VOLCANIC_ROCK,10434.0,123.0,10433.0,78.0,,,10435,123,10436.0,78.0,,,10434.5,0.0
0,34100,VOLCANIC_ROCK,10434.0,213.0,,,,,10436,144,10437.0,69.0,,,10435.0,0.0
0,34200,VOLCANIC_ROCK,10428.0,127.0,10427.0,56.0,,,10430,183,,,,,10429.0,0.0
0,34300,VOLCANIC_ROCK,10429.0,149.0,10428.0,50.0,,,10431,199,,,,,10430.0,0.0
0,34400,VOLCANIC_ROCK,10427.0,104.0,10426.0,69.0,,,10428,104,10429.0,69.0,,,10427.5,0.0
0,34500,VOLCANIC_ROCK,10437.0,101.0,10436.0,58.0,,,10439,159,,,,,10438.0,0.0
0,34600,VOLCANIC_ROCK,10437.0,203.0,,,,,10439,138,10440.0,65.0,,,10438.0,0.0
0,34700,VOLCANIC_ROCK,10435.0,154.0,10434.0,64.0,,,10436,146,10437.0,64.0,,,10435.5,0.0
0,34800,VOLCANIC_ROCK,10437.0,119.0,10436.0,78.0,,,10438,119,10439.0,78.0,,,10437.5,0.0
0,34900,VOLCANIC_ROCK,10438.0,108.0,10437.0,75.0,,,10439,108,10440.0,75.0,,,10438.5,0.0
0,35000,VOLCANIC_ROCK,10436.0,109.0,10435.0,44.0,,,10438,153,,,,,10437.0,0.0
0,35100,VOLCANIC_ROCK,10439.0,207.0,,,,,10441,137,10442.0,70.0,,,10440.0,0.0
0,35200,VOLCANIC_ROCK,10438.0,117.0,10437.0,64.0,,,10440,181,,,,,10439.0,0.0
0,35300,VOLCANIC_ROCK,10442.0,111.0,10441.0,63.0,,,10443,117,10444.0,63.0,,,10442.5,0.0
0,35400,VOLCANIC_ROCK,10442.0,140.0,10441.0,66.0,,,10443,140,10444.0,66.0,,,10442.5,0.0
0,35500,VOLCANIC_ROCK,10443.0,108.0,10442.0,60.0,,,10444,108,10445.0,60.0,,,10443.5,0.0
0,35600,VOLCANIC_ROCK,10450.0,136.0,10449.0,55.0,,,10451,145,10452.0,55.0,,,10450.5,0.0
0,35700,VOLCANIC_ROCK,10447.0,144.0,10446.0,75.0,,,10448,144,10449.0,75.0,,,10447.5,0.0
0,35800,VOLCANIC_ROCK,10445.0,110.0,10444.0,68.0,,,10447,178,,,,,10446.0,0.0
0,35900,VOLCANIC_ROCK,10441.0,183.0,,,,,10442,6,10443.0,141.0,10444.0,42.0,10441.5,0.0
0,36000,VOLCANIC_ROCK,10440.0,183.0,,,,,10442,105,10443.0,78.0,,,10441.0,0.0
0,36100,VOLCANIC_ROCK,10441.0,129.0,10440.0,50.0,,,10443,129,10444.0,50.0,,,10442.0,0.0
0,36200,VOLCANIC_ROCK,10443.0,116.0,10442.0,49.0,,,10444,116,10445.0,49.0,,,10443.5,0.0
0,36300,VOLCANIC_ROCK,10442.0,109.0,10441.0,76.0,,,10443,109,10444.0,76.0,,,10442.5,0.0
0,36400,VOLCANIC_ROCK,10451.0,128.0,10450.0,74.0,,,10453,128,10454.0,74.0,,,10452.0,0.0
0,36500,VOLCANIC_ROCK,10444.0,182.0,,,,,10446,138,10447.0,44.0,,,10445.0,0.0
0,36600,VOLCANIC_ROCK,10447.0,147.0,10446.0,55.0,,,10448,147,10449.0,55.0,,,10447.5,0.0
0,36700,VOLCANIC_ROCK,10449.0,129.0,10448.0,65.0,,,10450,129,10451.0,65.0,,,10449.5,0.0
0,36800,VOLCANIC_ROCK,10445.0,133.0,10444.0,53.0,,,10446,133,10447.0,53.0,,,10445.5,0.0
0,36900,VOLCANIC_ROCK,10445.0,122.0,10444.0,68.0,,,10447,190,,,,,10446.0,0.0
0,37000,VOLCANIC_ROCK,10447.0,102.0,10446.0,43.0,,,10449,145,,,,,10448.0,0.0
0,37100,VOLCANIC_ROCK,10454.0,133.0,10453.0,67.0,,,10455,133,10456.0,67.0,,,10454.5,0.0
0,37200,VOLCANIC_ROCK,10449.0,130.0,10448.0,53.0,,,10450,130,10451.0,53.0,,,10449.5,0.0
0,37300,VOLCANIC_ROCK,10450.0,100.0,10449.0,72.0,,,10452,172,,,,,10451.0,0.0
0,37400,VOLCANIC_ROCK,10455.0,123.0,10454.0,45.0,,,10457,168,,,,,10456.0,0.0
0,37500,VOLCANIC_ROCK,10456.0,175.0,,,,,10458,132,10459.0,43.0,,,10457.0,0.0
0,37600,VOLCANIC_ROCK,10457.0,136.0,10456.0,55.0,,,10458,136,10459.0,55.0,,,10457.5,0.0
0,37700,VOLCANIC_ROCK,10457.0,100.0,10456.0,40.0,,,10458,100,10459.0,40.0,,,10457.5,0.0
0,37800,VOLCANIC_ROCK,10454.0,147.0,10453.0,40.0,,,10456,187,,,,,10455.0,0.0
0,37900,VOLCANIC_ROCK,10451.0,130.0,10450.0,47.0,,,10452,130,10453.0,47.0,,,10451.5,0.0
0,38000,VOLCANIC_ROCK,10450.0,112.0,10449.0,64.0,,,10451,112,10452.0,64.0,,,10450.5,0.0
0,38100,VOLCANIC_ROCK,10447.0,100.0,10446.0,62.0,,,10449,162,,,,,10448.0,0.0
0,38200,VOLCANIC_ROCK,10444.0,155.0,,,,,10446,102,10447.0,53.0,,,10445.0,0.0
0,38300,VOLCANIC_ROCK,10450.0,167.0,,,,,10452,122,10453.0,45.0,,,10451.0,0.0
0,38400,VOLCANIC_ROCK,10451.0,132.0,10450.0,60.0,,,10453,192,,,,,10452.0,0.0
0,38500,VOLCANIC_ROCK,10452.0,112.0,10451.0,67.0,,,10454,179,,,,,10453.0,0.0
0,38600,VOLCANIC_ROCK,10447.0,128.0,10446.0,57.0,,,10448,128,10449.0,57.0,,,10447.5,0.0
0,38700,VOLCANIC_ROCK,10446.0,150.0,10445.0,55.0,,,10448,205,,,,,10447.0,0.0
0,38800,VOLCANIC_ROCK,10446.0,131.0,10445.0,52.0,,,10447,131,10448.0,52.0,,,10446.5,0.0
0,38900,VOLCANIC_ROCK,10444.0,114.0,10443.0,68.0,,,10445,114,10446.0,68.0,,,10444.5,0.0
0,39000,VOLCANIC_ROCK,10441.0,133.0,10440.0,43.0,,,10442,133,10443.0,43.0,,,10441.5,0.0
0,39100,VOLCANIC_ROCK,10446.0,100.0,10445.0,46.0,,,10447,100,10448.0,46.0,,,10446.5,0.0
0,39200,VOLCANIC_ROCK,10452.0,128.0,10451.0,53.0,,,10453,128,10454.0,53.0,,,10452.5,0.0
0,39300,VOLCANIC_ROCK,10456.0,125.0,10455.0,73.0,,,10458,198,,,,,10457.0,0.0
0,39400,VOLCANIC_ROCK,10454.0,105.0,10453.0,46.0,,,10456,151,,,,,10455.0,0.0
0,39500,VOLCANIC_ROCK,10453.0,141.0,10452.0,65.0,,,10455,206,,,,,10454.0,0.0
0,39600,VOLCANIC_ROCK,10452.0,106.0,10451.0,77.0,,,10453,106,10454.0,77.0,,,10452.5,0.0
0,39700,VOLCANIC_ROCK,10453.0,139.0,10452.0,64.0,,,10454,139,10455.0,64.0,,,10453.5,0.0
0,39800,VOLCANIC_ROCK,10448.0,148.0,10447.0,47.0,,,10449,148,10450.0,47.0,,,10448.5,0.0
0,39900,VOLCANIC_ROCK,10450.0,112.0,10449.0,79.0,,,10451,112,10452.0,79.0,,,10450.5,0.0
0,40000,VOLCANIC_ROCK,10449.0,119.0,10448.0,62.0,,,10450,119,10451.0,62.0,,,10449.5,0.0
0,40100,VOLCANIC_ROCK,10447.0,131.0,10446.0,71.0,,,10449,202,,,,,10448.0,0.0
0,40200,VOLCANIC_ROCK,10447.0,165.0,,,,,10449,109,10450.0,56.0,,,10448.0,0.0
0,40300,VOLCANIC_ROCK,10444.0,128.0,10443.0,80.0,,,10445,128,10446.0,80.0,,,10444.5,0.0
0,40400,VOLCANIC_ROCK,10444.0,145.0,10443.0,59.0,,,10446,144,10447.0,59.0,,,10445.0,0.0
0,40500,VOLCANIC_ROCK,10440.0,101.0,10439.0,54.0,,,10442,155,,,,,10441.0,0.0
0,40600,VOLCANIC_ROCK,10437.0,135.0,10436.0,62.0,,,10438,135,10439.0,62.0,,,10437.5,0.0
0,40700,VOLCANIC_ROCK,10436.0,122.0,10435.0,68.0,,,10438,122,10439.0,68.0,,,10437.0,0.0
0,40800,VOLCANIC_ROCK,10434.0,104.0,10433.0,75.0,,,10436,179,,,,,10435.0,0.0
0,40900,VOLCANIC_ROCK,10433.0,103.0,10432.0,76.0,,,10435,179,,,,,10434.0,0.0
0,41000,VOLCANIC_ROCK,10437.0,117.0,10436.0,57.0,,,10438,117,10439.0,57.0,,,10437.5,0.0
0,41100,VOLCANIC_ROCK,10430.0,127.0,10429.0,79.0,,,10432,206,,,,,10431.0,0.0
0,41200,VOLCANIC_ROCK,10431.0,148.0,10430.0,79.0,,,10432,148,10433.0,79.0,,,10431.5,0.0
0,41300,VOLCANIC_ROCK,10430.0,109.0,10429.0,68.0,,,10431,109,10432.0,68.0,,,10430.5,0.0
0,41400,VOLCANIC_ROCK,10435.0,135.0,10434.0,80.0,,,10436,135,10437.0,80.0,,,10435.5,0.0
0,41500,VOLCANIC_ROCK,10437.0,120.0,10436.0,70.0,,,10438,120,10439.0,70.0,,,10437.5,0.0
0,41600,VOLCANIC_ROCK,10431.0,131.0,10430.0,67.0,,,10433,198,,,,,10432.0,0.0
0,41700,VOLCANIC_ROCK,10433.0,118.0,10432.0,56.0,,,10434,118,10435.0,56.0,,,10433.5,0.0
0,41800,VOLCANIC_ROCK,10431.0,112.0,10430.0,40.0,,,10432,112,10433.0,40.0,,,10431.5,0.0
0,41900,VOLCANIC_ROCK,10424.0,192.0,,,,,10426,132,10427.0,60.0,,,10425.0,0.0
0,42000,VOLCANIC_ROCK,10428.0,139.0,10427.0,44.0,,,10430,185,,,,,10429.0,0.0
0,42100,VOLCANIC_ROCK,10422.0,198.0,,,,,10424,131,10425.0,67.0,,,10423.0,0.0
0,42200,VOLCANIC_ROCK,10421.0,143.0,10420.0,69.0,,,10422,143,10423.0,69.0,,,10421.5,0.0
0,42300,VOLCANIC_ROCK,10423.0,113.0,10422.0,59.0,,,10424,113,10425.0,59.0,,,10423.5,0.0
0,42400,VOLCANIC_ROCK,10423.0,201.0,,,,,10425,131,10426.0,70.0,,,10424.0,0.0
0,42500,VOLCANIC_ROCK,10424.0,126.0,10423.0,75.0,,,10426,201,,,,,10425.0,0.0
0,42600,VOLCANIC_ROCK,10419.0,139.0,10418.0,58.0,,,10420,139,10421.0,58.0,,,10419.5,0.0
0,42700,VOLCANIC_ROCK,10414.0,132.0,10413.0,53.0,,,10415,132,10416.0,53.0,,,10414.5,0.0
0,42800,VOLCANIC_ROCK,10412.0,138.0,10411.0,58.0,,,10414,206,,,,,10413.0,0.0
0,42900,VOLCANIC_ROCK,10413.0,143.0,10412.0,50.0,,,10415,193,,,,,10414.0,0.0
0,43000,VOLCANIC_ROCK,10413.0,207.0,,,,,10415,132,10416.0,75.0,,,10414.0,0.0
0,43100,VOLCANIC_ROCK,10413.0,169.0,,,,,10415,103,10416.0,66.0,,,10414.0,0.0
0,43200,VOLCANIC_ROCK,10415.0,101.0,10414.0,58.0,,,10416,101,10417.0,58.0,,,10415.5,0.0
0,43300,VOLCANIC_ROCK,10417.0,194.0,,,,,10419,140,10420.0,54.0,,,10418.0,0.0
0,43400,VOLCANIC_ROCK,10415.0,102.0,10414.0,57.0,,,10416,102,10417.0,57.0,,,10415.5,0.0
0,43500,VOLCANIC_ROCK,10415.0,119.0,10414.0,62.0,,,10416,119,10417.0,62.0,,,10415.5,0.0
0,43600,VOLCANIC_ROCK,10417.0,134.0,10416.0,61.0,,,10418,134,10419.0,61.0,,,10417.5,0.0
0,43700,VOLCANIC_ROCK,10418.0,129.0,10417.0,47.0,,,10420,176,,,,,10419.0,0.0
0,43800,VOLCANIC_ROCK,10417.0,122.0,10416.0,51.0,,,10418,122,10419.0,51.0,,,10417.5,0.0
0,43900,VOLCANIC_ROCK,10419.0,141.0,10418.0,57.0,,,10420,141,10421.0,57.0,,,10419.5,0.0
0,44000,VOLCANIC_ROCK,10423.0,113.0,10422.0,42.0,,,10425,155,,,,,10424.0,0.0
0,44100,VOLCANIC_ROCK,10418.0,163.0,,,,,10420,123,10421.0,40.0,,,10419.0,0.0
0,44200,VOLCANIC_ROCK,10412.0,100.0,10411.0,73.0,,,10414,173,,,,,10413.0,0.0
0,44300,VOLCANIC_ROCK,10417.0,179.0,,,,,10419,116,10420.0,63.0,,,10418.0,0.0
0,44400,VOLCANIC_ROCK,10419.0,150.0,10418.0,75.0,,,10420,150,10421.0,75.0,,,10419.5,0.0
0,44500,VOLCANIC_ROCK,10424.0,197.0,,,,,10426,129,10427.0,68.0,,,10425.0,0.0
0,44600,VOLCANIC_ROCK,10423.0,192.0,,,,,10425,138,10426.0,54.0,,,10424.0,0.0
0,44700,VOLCANIC_ROCK,10420.0,185.0,,,,,10422,113,10423.0,72.0,,,10421.0,0.0
0,44800,VOLCANIC_ROCK,10420.0,137.0,10419.0,47.0,,,10421,137,10422.0,47.0,,,10420.5,0.0
0,44900,VOLCANIC_ROCK,10419.0,106.0,10418.0,49.0,,,10421,155,,,,,10420.0,0.0
0,45000,VOLCANIC_ROCK,10417.0,133.0,10416.0,66.0,,,10419,194,,,,,10418.0,0.0
0,45100,VOLCANIC_ROCK,10417.0,104.0,10416.0,70.0,,,10418,104,10419.0,70.0,,,10417.5,0.0
0,45200,VOLCANIC_ROCK,10423.0,132.0,10422.0,65.0,,,10425,132,10426.0,65.0,,,10424.0,0.0
0,45300,VOLCANIC_ROCK,10422.0,128.0,10421.0,42.0,,,10424,170,,,,,10423.0,0.0
0,45400,VOLCANIC_ROCK,10417.0,101.0,10416.0,57.0,,,10418,101,10419.0,57.0,,,10417.5,0.0
0,45500,VOLCANIC_ROCK,10418.0,144.0,10417.0,41.0,,,10420,185,,,,,10419.0,0.0
0,45600,VOLCANIC_ROCK,10421.0,122.0,10420.0,45.0,,,10422,122,10423.0,45.0,,,10421.5,0.0
0,45700,VOLCANIC_ROCK,10417.0,109.0,10416.0,55.0,,,10418,109,10419.0,55.0,,,10417.5,0.0
0,45800,VOLCANIC_ROCK,10420.0,130.0,10419.0,64.0,,,10421,130,10422.0,64.0,,,10420.5,0.0
0,45900,VOLCANIC_ROCK,10419.0,136.0,10418.0,61.0,,,10420,136,10421.0,61.0,,,10419.5,0.0
0,46000,VOLCANIC_ROCK,10417.0,139.0,10416.0,63.0,,,10418,139,10419.0,63.0,,,10417.5,0.0
0,46100,VOLCANIC_ROCK,10420.0,120.0,10419.0,63.0,,,10421,120,10422.0,63.0,,,10420.5,0.0
0,46200,VOLCANIC_ROCK,10416.0,109.0,10415.0,66.0,,,10418,175,,,,,10417.0,0.0
0,46300,VOLCANIC_ROCK,10418.0,129.0,10417.0,46.0,,,10420,129,10421.0,46.0,,,10419.0,0.0
0,46400,VOLCANIC_ROCK,10421.0,140.0,10420.0,54.0,,,10422,140,10423.0,54.0,,,10421.5,0.0
0,46500,VOLCANIC_ROCK,10422.0,102.0,10421.0,46.0,,,10423,102,10424.0,46.0,,,10422.5,0.0
0,46600,VOLCANIC_ROCK,10432.0,104.0,10431.0,41.0,,,10434,145,,,,,10433.0,0.0
0,46700,VOLCANIC_ROCK,10429.0,213.0,,,,,10431,142,10432.0,71.0,,,10430.0,0.0
0,46800,VOLCANIC_ROCK,10426.0,103.0,10425.0,53.0,,,10427,103,10428.0,53.0,,,10426.5,0.0
0,46900,VOLCANIC_ROCK,10420.0,144.0,10419.0,48.0,,,10421,144,10422.0,48.0,,,10420.5,0.0
0,47000,VOLCANIC_ROCK,10419.0,140.0,10418.0,46.0,,,10420,140,10421.0,46.0,,,10419.5,0.0
0,47100,VOLCANIC_ROCK,10417.0,150.0,10416.0,59.0,,,10419,209,,,,,10418.0,0.0
0,47200,VOLCANIC_ROCK,10417.0,137.0,10416.0,70.0,,,10419,137,10420.0,70.0,,,10418.0,0.0
0,47300,VOLCANIC_ROCK,10416.0,141.0,10415.0,60.0,,,10418,192,,,,,10417.0,0.0
0,47400,VOLCANIC_ROCK,10417.0,104.0,10416.0,55.0,,,10419,159,,,,,10418.0,0.0
0,47500,VOLCANIC_ROCK,10416.0,163.0,,,,,10418,103,10419.0,60.0,,,10417.0,0.0
0,47600,VOLCANIC_ROCK,10413.0,108.0,10412.0,80.0,,,10414,108,10415.0,80.0,,,10413.5,0.0
0,47700,VOLCANIC_ROCK,10416.0,121.0,10415.0,69.0,,,10417,121,10418.0,69.0,,,10416.5,0.0
0,47800,VOLCANIC_ROCK,10413.0,114.0,10412.0,42.0,,,10415,151,,,,,10414.0,0.0
0,47900,VOLCANIC_ROCK,10411.0,134.0,10410.0,40.0,,,10412,134,10413.0,40.0,,,10411.5,0.0
0,48000,VOLCANIC_ROCK,10412.0,115.0,10411.0,55.0,,,10413,115,10414.0,55.0,,,10412.5,0.0
0,48100,VOLCANIC_ROCK,10401.0,140.0,10400.0,80.0,,,10402,140,10403.0,80.0,,,10401.5,0.0
0,48200,VOLCANIC_ROCK,10399.0,116.0,10398.0,73.0,,,10401,189,,,,,10400.0,0.0
0,48300,VOLCANIC_ROCK,10405.0,111.0,10404.0,79.0,,,10407,200,,,,,10406.0,0.0
0,48400,VOLCANIC_ROCK,10407.0,147.0,,,,,10409,100,10410.0,47.0,,,10408.0,0.0
0,48500,VOLCANIC_ROCK,10406.0,211.0,,,,,10408,148,10409.0,63.0,,,10407.0,0.0
0,48600,VOLCANIC_ROCK,10404.0,123.0,10403.0,52.0,,,10405,123,10406.0,52.0,,,10404.5,0.0
0,48700,VOLCANIC_ROCK,10401.0,104.0,10400.0,57.0,,,10403,104,10404.0,57.0,,,10402.0,0.0
0,48800,VOLCANIC_ROCK,10396.0,196.0,,,,,10398,139,10399.0,57.0,,,10397.0,0.0
0,48900,VOLCANIC_ROCK,10394.0,134.0,10393.0,56.0,,,10395,134,10396.0,56.0,,,10394.5,0.0
0,49000,VOLCANIC_ROCK,10392.0,109.0,10391.0,68.0,,,10393,109,10394.0,68.0,,,10392.5,0.0
0,49100,VOLCANIC_ROCK,10387.0,117.0,10386.0,52.0,,,10388,117,10389.0,52.0,,,10387.5,0.0
0,49200,VOLCANIC_ROCK,10399.0,148.0,10398.0,42.0,,,10400,148,10401.0,42.0,,,10399.5,0.0
0,49300,VOLCANIC_ROCK,10399.0,116.0,10398.0,68.0,,,10401,184,,,,,10400.0,0.0
0,49400,VOLCANIC_ROCK,10396.0,135.0,10395.0,54.0,,,10397,135,10398.0,54.0,,,10396.5,0.0
0,49500,VOLCANIC_ROCK,10392.0,200.0,,,,,10394,132,10395.0,68.0,,,10393.0,0.0
0,49600,VOLCANIC_ROCK,10391.0,132.0,10390.0,49.0,,,10392,132,10393.0,49.0,,,10391.5,0.0
0,49700,VOLCANIC_ROCK,10390.0,153.0,10389.0,58.0,,,10391,144,10392.0,58.0,,,10390.5,0.0
0,49800,VOLCANIC_ROCK,10381.0,123.0,10380.0,67.0,,,10382,123,10383.0,67.0,,,10381.5,0.0
0,49900,VOLCANIC_ROCK,10390.0,132.0,10389.0,43.0,,,10391,132,10392.0,43.0,,,10390.5,0.0
0,50000,VOLCANIC_ROCK,10387.0,108.0,10386.0,74.0,,,10389,182,,,,,10388.0,0.0
0,50100,VOLCANIC_ROCK,10383.0,110.0,10382.0,79.0,,,10384,10,10385.0,110.0,10386.0,79.0,10383.5,0.0
0,50200,VOLCANIC_ROCK,10381.0,117.0,10380.0,55.0,,,10383,180,,,,,10382.0,0.0
0,50300,VOLCANIC_ROCK,10380.0,100.0,10379.0,66.0,,,10382,166,,,,,10381.0,0.0
0,50400,VOLCANIC_ROCK,10386.0,134.0,10385.0,71.0,,,10387,134,10388.0,71.0,,,10386.5,0.0
0,50500,VOLCANIC_ROCK,10388.0,111.0,10387.0,72.0,,,10390,183,,,,,10389.0,0.0
0,50600,VOLCANIC_ROCK,10385.0,119.0,10384.0,60.0,,,10386,119,10387.0,60.0,,,10385.5,0.0
0,50700,VOLCANIC_ROCK,10390.0,186.0,,,,,10392,133,10393.0,53.0,,,10391.0,0.0
0,50800,VOLCANIC_ROCK,10402.0,115.0,10401.0,56.0,,,10403,115,10404.0,56.0,,,10402.5,0.0
0,50900,VOLCANIC_ROCK,10401.0,147.0,10400.0,53.0,,,10402,147,10403.0,53.0,,,10401.5,0.0
0,51000,VOLCANIC_ROCK,10401.0,130.0,10400.0,74.0,,,10403,204,,,,,10402.0,0.0
0,51100,VOLCANIC_ROCK,10405.0,161.0,,,,,10407,113,10408.0,48.0,,,10406.0,0.0
0,51200,VOLCANIC_ROCK,10414.0,139.0,10413.0,79.0,,,10416,218,,,,,10415.0,0.0
0,51300,VOLCANIC_ROCK,10411.0,136.0,10410.0,73.0,,,10412,136,10413.0,73.0,,,10411.5,0.0
0,51400,VOLCANIC_ROCK,10411.0,178.0,,,,,10413,123,10414.0,55.0,,,10412.0,0.0
0,51500,VOLCANIC_ROCK,10403.0,122.0,10402.0,53.0,,,10404,122,10405.0,53.0,,,10403.5,0.0
0,51600,VOLCANIC_ROCK,10404.0,105.0,10403.0,67.0,,,10406,172,,,,,10405.0,0.0
0,51700,VOLCANIC_ROCK,10412.0,114.0,10411.0,67.0,,,10414,114,10415.0,67.0,,,10413.0,0.0
0,51800,VOLCANIC_ROCK,10416.0,152.0,,,,,10418,100,10419.0,52.0,,,10417.0,0.0
0,51900,VOLCANIC_ROCK,10414.0,131.0,10413.0,43.0,,,10415,126,10416.0,43.0,,,10414.5,0.0
0,52000,VOLCANIC_ROCK,10407.0,201.0,,,,,10409,138,10410.0,63.0,,,10408.0,0.0
0,52100,VOLCANIC_ROCK,10415.0,125.0,10414.0,40.0,,,10416,125,10417.0,40.0,,,10415.5,0.0
0,52200,VOLCANIC_ROCK,10417.0,129.0,10416.0,71.0,,,10418,129,10419.0,71.0,,,10417.5,0.0
0,52300,VOLCANIC_ROCK,10414.0,136.0,10413.0,47.0,,,10415,136,10416.0,47.0,,,10414.5,0.0
0,52400,VOLCANIC_ROCK,10403.0,131.0,10402.0,77.0,,,10404,131,10405.0,77.0,,,10403.5,0.0
0,52500,VOLCANIC_ROCK,10406.0,127.0,10405.0,40.0,,,10407,127,10408.0,40.0,,,10406.5,0.0
0,52600,VOLCANIC_ROCK,10406.0,139.0,10405.0,44.0,,,10408,191,,,,,10407.0,0.0
0,52700,VOLCANIC_ROCK,10406.0,120.0,10405.0,55.0,,,10407,120,10408.0,55.0,,,10406.5,0.0
0,52800,VOLCANIC_ROCK,10407.0,184.0,,,,,10409,119,10410.0,65.0,,,10408.0,0.0
0,52900,VOLCANIC_ROCK,10401.0,215.0,,,,,10403,150,10404.0,65.0,,,10402.0,0.0
0,53000,VOLCANIC_ROCK,10398.0,149.0,10397.0,73.0,,,10399,141,10400.0,73.0,,,10398.5,0.0
0,53100,VOLCANIC_ROCK,10395.0,121.0,10394.0,69.0,,,10396,121,10397.0,69.0,,,10395.5,0.0
0,53200,VOLCANIC_ROCK,10394.0,141.0,10393.0,61.0,,,10396,202,,,,,10395.0,0.0
0,53300,VOLCANIC_ROCK,10393.0,122.0,10392.0,57.0,,,10394,122,10395.0,57.0,,,10393.5,0.0
0,53400,VOLCANIC_ROCK,10391.0,110.0,10390.0,67.0,,,10393,177,,,,,10392.0,0.0
0,53500,VOLCANIC_ROCK,10391.0,108.0,10390.0,43.0,,,10392,108,10393.0,43.0,,,10391.5,0.0
0,53600,VOLCANIC_ROCK,10386.0,112.0,10385.0,73.0,,,10387,112,10388.0,73.0,,,10386.5,0.0
0,53700,VOLCANIC_ROCK,10389.0,8.0,10388.0,187.0,,,10390,140,10391.0,47.0,,,10389.5,0.0
0,53800,VOLCANIC_ROCK,10396.0,147.0,10395.0,45.0,,,10397,142,10398.0,45.0,,,10396.5,0.0
0,53900,VOLCANIC_ROCK,10395.0,137.0,10394.0,65.0,,,10396,137,10397.0,65.0,,,10395.5,0.0
0,54000,VOLCANIC_ROCK,10395.0,103.0,10394.0,46.0,,,10397,149,,,,,10396.0,0.0
0,54100,VOLCANIC_ROCK,10396.0,121.0,10395.0,43.0,,,10397,121,10398.0,43.0,,,10396.5,0.0
0,54200,VOLCANIC_ROCK,10395.0,153.0,,,,,10397,108,10398.0,45.0,,,10396.0,0.0
0,54300,VOLCANIC_ROCK,10406.0,127.0,10405.0,69.0,,,10407,127,10408.0,69.0,,,10406.5,0.0
0,54400,VOLCANIC_ROCK,10405.0,114.0,10404.0,66.0,,,10407,180,,,,,10406.0,0.0
0,54500,VOLCANIC_ROCK,10405.0,133.0,10404.0,60.0,,,10406,133,10407.0,60.0,,,10405.5,0.0
0,54600,VOLCANIC_ROCK,10403.0,148.0,10402.0,53.0,,,10404,148,10405.0,53.0,,,10403.5,0.0
0,54700,VOLCANIC_ROCK,10396.0,134.0,10395.0,63.0,,,10398,197,,,,,10397.0,0.0
0,54800,VOLCANIC_ROCK,10394.0,137.0,10393.0,47.0,,,10396,175,,,,,10395.0,0.0
0,54900,VOLCANIC_ROCK,10392.0,128.0,10391.0,47.0,,,10394,175,,,,,10393.0,0.0
0,55000,VOLCANIC_ROCK,10392.0,137.0,10391.0,43.0,,,10393,137,10394.0,43.0,,,10392.5,0.0
0,55100,VOLCANIC_ROCK,10391.0,118.0,10390.0,69.0,,,10392,118,10393.0,69.0,,,10391.5,0.0
0,55200,VOLCANIC_ROCK,10391.0,149.0,10390.0,49.0,,,10392,149,10393.0,49.0,,,10391.5,0.0
0,55300,VOLCANIC_ROCK,10387.0,104.0,10386.0,49.0,,,10388,104,10389.0,49.0,,,10387.5,0.0
0,55400,VOLCANIC_ROCK,10387.0,114.0,10386.0,75.0,,,10388,114,10389.0,75.0,,,10387.5,0.0
0,55500,VOLCANIC_ROCK,10393.0,173.0,,,,,10395,100,10396.0,73.0,,,10394.0,0.0
0,55600,VOLCANIC_ROCK,10391.0,139.0,10390.0,51.0,,,10392,139,10393.0,51.0,,,10391.5,0.0
0,55700,VOLCANIC_ROCK,10391.0,136.0,10390.0,65.0,,,10392,136,10393.0,65.0,,,10391.5,0.0
0,55800,VOLCANIC_ROCK,10388.0,114.0,10387.0,52.0,,,10390,166,,,,,10389.0,0.0
0,55900,VOLCANIC_ROCK,10384.0,125.0,10383.0,45.0,,,10385,125,10386.0,45.0,,,10384.5,0.0
0,56000,VOLCANIC_ROCK,10386.0,146.0,10385.0,51.0,,,10387,146,10388.0,51.0,,,10386.5,0.0
0,56100,VOLCANIC_ROCK,10387.0,99.0,10386.0,57.0,,,10389,164,,,,,10388.0,0.0
0,56200,VOLCANIC_ROCK,10382.0,8.0,10381.0,208.0,,,10383,143,10384.0,65.0,,,10382.5,0.0
0,56300,VOLCANIC_ROCK,10382.0,147.0,10381.0,43.0,,,10383,147,10384.0,43.0,,,10382.5,0.0
0,56400,VOLCANIC_ROCK,10384.0,119.0,10383.0,72.0,,,10385,119,10386.0,72.0,,,10384.5,0.0
0,56500,VOLCANIC_ROCK,10387.0,121.0,10386.0,45.0,,,10389,166,,,,,10388.0,0.0
0,56600,VOLCANIC_ROCK,10380.0,183.0,,,,,10382,139,10383.0,44.0,,,10381.0,0.0
0,56700,VOLCANIC_ROCK,10376.0,131.0,10375.0,50.0,,,10378,181,,,,,10377.0,0.0
0,56800,VOLCANIC_ROCK,10371.0,167.0,,,,,10373,104,10374.0,63.0,,,10372.0,0.0
0,56900,VOLCANIC_ROCK,10371.0,173.0,,,,,10373,122,10374.0,51.0,,,10372.0,0.0
0,57000,VOLCANIC_ROCK,10373.0,138.0,10372.0,77.0,,,10374,138,10375.0,77.0,,,10373.5,0.0
0,57100,VOLCANIC_ROCK,10379.0,149.0,10378.0,68.0,,,10380,149,10381.0,68.0,,,10379.5,0.0
0,57200,VOLCANIC_ROCK,10379.0,176.0,,,,,10381,127,10382.0,49.0,,,10380.0,0.0
0,57300,VOLCANIC_ROCK,10379.0,204.0,,,,,10381,136,10382.0,68.0,,,10380.0,0.0
0,57400,VOLCANIC_ROCK,10378.0,106.0,10377.0,78.0,,,10379,106,10380.0,78.0,,,10378.5,0.0
0,57500,VOLCANIC_ROCK,10384.0,150.0,10383.0,75.0,,,10385,150,10386.0,75.0,,,10384.5,0.0
0,57600,VOLCANIC_ROCK,10391.0,136.0,10390.0,40.0,,,10393,176,,,,,10392.0,0.0
0,57700,VOLCANIC_ROCK,10395.0,119.0,10394.0,78.0,,,10397,197,,,,,10396.0,0.0
0,57800,VOLCANIC_ROCK,10390.0,171.0,,,,,10392,116,10393.0,55.0,,,10391.0,0.0
0,57900,VOLCANIC_ROCK,10391.0,136.0,10390.0,50.0,,,10392,136,10393.0,50.0,,,10391.5,0.0
0,58000,VOLCANIC_ROCK,10385.0,188.0,,,,,10387,113,10388.0,75.0,,,10386.0,0.0
0,58100,VOLCANIC_ROCK,10388.0,133.0,10387.0,73.0,,,10390,206,,,,,10389.0,0.0
0,58200,VOLCANIC_ROCK,10388.0,139.0,10387.0,79.0,,,10390,218,,,,,10389.0,0.0
0,58300,VOLCANIC_ROCK,10387.0,154.0,,,,,10389,113,10390.0,41.0,,,10388.0,0.0
0,58400,VOLCANIC_ROCK,10390.0,118.0,10389.0,75.0,,,10391,118,10392.0,75.0,,,10390.5,0.0
0,58500,VOLCANIC_ROCK,10387.0,144.0,10386.0,79.0,,,10388,144,10389.0,79.0,,,10387.5,0.0
0,58600,VOLCANIC_ROCK,10384.0,123.0,10383.0,56.0,,,10385,123,10386.0,56.0,,,10384.5,0.0
0,58700,VOLCANIC_ROCK,10384.0,143.0,10383.0,61.0,,,10386,199,,,,,10385.0,0.0
0,58800,VOLCANIC_ROCK,10388.0,136.0,10387.0,44.0,,,10390,180,,,,,10389.0,0.0
0,58900,VOLCANIC_ROCK,10388.0,116.0,10387.0,79.0,,,10390,116,10391.0,79.0,,,10389.0,0.0
0,59000,VOLCANIC_ROCK,10387.0,101.0,10386.0,51.0,,,10388,101,10389.0,51.0,,,10387.5,0.0
0,59100,VOLCANIC_ROCK,10391.0,141.0,10390.0,73.0,,,10392,141,10393.0,73.0,,,10391.5,0.0
0,59200,VOLCANIC_ROCK,10401.0,102.0,10400.0,40.0,,,10402,102,10403.0,40.0,,,10401.5,0.0
0,59300,VOLCANIC_ROCK,10397.0,125.0,10396.0,55.0,,,10399,130,10400.0,55.0,,,10398.0,0.0
0,59400,VOLCANIC_ROCK,10395.0,119.0,10394.0,55.0,,,10397,174,,,,,10396.0,0.0
0,59500,VOLCANIC_ROCK,10396.0,191.0,,,,,10398,129,10399.0,62.0,,,10397.0,0.0
0,59600,VOLCANIC_ROCK,10397.0,100.0,10396.0,55.0,,,10399,155,,,,,10398.0,0.0
0,59700,VOLCANIC_ROCK,10395.0,197.0,,,,,10397,136,10398.0,61.0,,,10396.0,0.0
0,59800,VOLCANIC_ROCK,10399.0,127.0,10398.0,72.0,,,10401,199,,,,,10400.0,0.0
0,59900,VOLCANIC_ROCK,10397.0,211.0,,,,,10399,143,10400.0,68.0,,,10398.0,0.0
0,60000,VOLCANIC_ROCK,10394.0,212.0,,,,,10396,147,10397.0,65.0,,,10395.0,0.0
0,60100,VOLCANIC_ROCK,10392.0,147.0,10391.0,42.0,,,10393,142,10394.0,42.0,,,10392.5,0.0
0,60200,VOLCANIC_ROCK,10395.0,146.0,10394.0,80.0,,,10396,146,10397.0,80.0,,,10395.5,0.0
0,60300,VOLCANIC_ROCK,10401.0,107.0,10400.0,75.0,,,10403,182,,,,,10402.0,0.0
0,60400,VOLCANIC_ROCK,10404.0,104.0,10403.0,74.0,,,10405,104,10406.0,74.0,,,10404.5,0.0
0,60500,VOLCANIC_ROCK,10406.0,121.0,10405.0,56.0,,,10407,121,10408.0,56.0,,,10406.5,0.0
0,60600,VOLCANIC_ROCK,10408.0,122.0,10407.0,55.0,,,10409,122,10410.0,55.0,,,10408.5,0.0
0,60700,VOLCANIC_ROCK,10407.0,110.0,10406.0,66.0,,,10408,110,10409.0,66.0,,,10407.5,0.0
0,60800,VOLCANIC_ROCK,10409.0,137.0,10408.0,56.0,,,10410,137,10411.0,56.0,,,10409.5,0.0
0,60900,VOLCANIC_ROCK,10414.0,178.0,,,,,10416,118,10417.0,60.0,,,10415.0,0.0
0,61000,VOLCANIC_ROCK,10410.0,108.0,10409.0,64.0,,,10412,172,,,,,10411.0,0.0
0,61100,VOLCANIC_ROCK,10406.0,136.0,10405.0,78.0,,,10408,127,10409.0,78.0,,,10407.0,0.0
0,61200,VOLCANIC_ROCK,10403.0,141.0,10402.0,66.0,,,10404,141,10405.0,66.0,,,10403.5,0.0
0,61300,VOLCANIC_ROCK,10404.0,108.0,10403.0,63.0,,,10405,108,10406.0,63.0,,,10404.5,0.0
0,61400,VOLCANIC_ROCK,10407.0,195.0,,,,,10409,140,10410.0,55.0,,,10408.0,0.0
0,61500,VOLCANIC_ROCK,10413.0,108.0,10412.0,69.0,,,10415,177,,,,,10414.0,0.0
0,61600,VOLCANIC_ROCK,10407.0,139.0,10406.0,64.0,,,10408,139,10409.0,64.0,,,10407.5,0.0
0,61700,VOLCANIC_ROCK,10403.0,116.0,10402.0,64.0,,,10404,116,10405.0,64.0,,,10403.5,0.0
0,61800,VOLCANIC_ROCK,10405.0,128.0,10404.0,48.0,,,10406,128,10407.0,48.0,,,10405.5,0.0
0,61900,VOLCANIC_ROCK,10400.0,162.0,,,,,10402,118,10403.0,44.0,,,10401.0,0.0
0,62000,VOLCANIC_ROCK,10404.0,100.0,10403.0,50.0,,,10406,150,,,,,10405.0,0.0
0,62100,VOLCANIC_ROCK,10407.0,112.0,10406.0,60.0,,,10408,122,10409.0,60.0,,,10407.5,0.0
0,62200,VOLCANIC_ROCK,10402.0,131.0,10401.0,50.0,,,10403,139,10404.0,50.0,,,10402.5,0.0
0,62300,VOLCANIC_ROCK,10402.0,110.0,10401.0,63.0,,,10403,110,10404.0,63.0,,,10402.5,0.0
0,62400,VOLCANIC_ROCK,10397.0,204.0,,,,,10399,127,10400.0,77.0,,,10398.0,0.0
0,62500,VOLCANIC_ROCK,10398.0,122.0,10397.0,73.0,,,10400,122,10401.0,73.0,,,10399.0,0.0
0,62600,VOLCANIC_ROCK,10406.0,136.0,10405.0,53.0,,,10408,136,10409.0,53.0,,,10407.0,0.0
0,62700,VOLCANIC_ROCK,10413.0,126.0,10412.0,48.0,,,10415,174,,,,,10414.0,0.0
0,62800,VOLCANIC_ROCK,10413.0,126.0,10412.0,69.0,,,10414,126,10415.0,69.0,,,10413.5,0.0
0,62900,VOLCANIC_ROCK,10411.0,189.0,,,,,10413,110,10414.0,79.0,,,10412.0,0.0
0,63000,VOLCANIC_ROCK,10403.0,108.0,10402.0,45.0,,,10405,108,10406.0,45.0,,,10404.0,0.0
0,63100,VOLCANIC_ROCK,10409.0,115.0,10408.0,49.0,,,10410,115,10411.0,49.0,,,10409.5,0.0
0,63200,VOLCANIC_ROCK,10407.0,124.0,10406.0,40.0,,,10408,124,10409.0,40.0,,,10407.5,0.0
0,63300,VOLCANIC_ROCK,10408.0,146.0,10407.0,57.0,,,10410,203,,,,,10409.0,0.0
0,63400,VOLCANIC_ROCK,10407.0,109.0,10406.0,41.0,,,10409,141,,,,,10408.0,0.0
0,63500,VOLCANIC_ROCK,10409.0,103.0,10408.0,71.0,,,10411,174,,,,,10410.0,0.0
0,63600,VOLCANIC_ROCK,10405.0,156.0,,,,,10407,101,10408.0,55.0,,,10406.0,0.0
0,63700,VOLCANIC_ROCK,10408.0,193.0,,,,,10410,134,10411.0,59.0,,,10409.0,0.0
0,63800,VOLCANIC_ROCK,10404.0,126.0,10403.0,63.0,,,10406,184,,,,,10405.0,0.0
0,63900,VOLCANIC_ROCK,10407.0,149.0,10406.0,60.0,,,10408,149,10409.0,60.0,,,10407.5,0.0
0,64000,VOLCANIC_ROCK,10411.0,143.0,10410.0,70.0,,,10412,143,10413.0,70.0,,,10411.5,0.0
0,64100,VOLCANIC_ROCK,10408.0,127.0,10407.0,54.0,,,10410,181,,,,,10409.0,0.0
0,64200,VOLCANIC_ROCK,10394.0,125.0,10393.0,48.0,,,10396,173,,,,,10395.0,0.0
0,64300,VOLCANIC_ROCK,10389.0,150.0,10388.0,63.0,,,10391,150,10392.0,63.0,,,10390.0,0.0
0,64400,VOLCANIC_ROCK,10395.0,100.0,10394.0,65.0,,,10396,100,10397.0,65.0,,,10395.5,0.0
0,64500,VOLCANIC_ROCK,10396.0,101.0,10395.0,64.0,,,10398,101,10399.0,64.0,,,10397.0,0.0
0,64600,VOLCANIC_ROCK,10397.0,129.0,10396.0,68.0,,,10398,8,10399.0,129.0,10400.0,68.0,10397.5,0.0
0,64700,VOLCANIC_ROCK,10392.0,101.0,10391.0,59.0,,,10393,104,10394.0,59.0,,,10392.5,0.0
0,64800,VOLCANIC_ROCK,10388.0,6.0,10387.0,182.0,,,10389,121,10390.0,61.0,,,10388.5,0.0
0,64900,VOLCANIC_ROCK,10383.0,149.0,10382.0,62.0,,,10385,211,,,,,10384.0,0.0
0,65000,VOLCANIC_ROCK,10389.0,106.0,10388.0,49.0,,,10390,106,10391.0,49.0,,,10389.5,0.0
0,65100,VOLCANIC_ROCK,10387.0,138.0,10386.0,43.0,,,10388,138,10389.0,43.0,,,10387.5,0.0
0,65200,VOLCANIC_ROCK,10392.0,123.0,10391.0,79.0,,,10394,202,,,,,10393.0,0.0
0,65300,VOLCANIC_ROCK,10391.0,149.0,,,,,10393,109,10394.0,40.0,,,10392.0,0.0
0,65400,VOLCANIC_ROCK,10386.0,126.0,10385.0,46.0,,,10388,172,,,,,10387.0,0.0
0,65500,VOLCANIC_ROCK,10391.0,132.0,10390.0,62.0,,,10393,194,,,,,10392.0,0.0
0,65600,VOLCANIC_ROCK,10387.0,221.0,,,,,10389,150,10390.0,71.0,,,10388.0,0.0
0,65700,VOLCANIC_ROCK,10386.0,141.0,10385.0,42.0,,,10387,132,10388.0,42.0,,,10386.5,0.0
0,65800,VOLCANIC_ROCK,10385.0,117.0,10384.0,66.0,,,10386,117,10387.0,66.0,,,10385.5,0.0
0,65900,VOLCANIC_ROCK,10394.0,132.0,10393.0,41.0,,,10395,132,10396.0,41.0,,,10394.5,0.0
0,66000,VOLCANIC_ROCK,10393.0,100.0,10392.0,76.0,,,10394,100,10395.0,76.0,,,10393.5,0.0
0,66100,VOLCANIC_ROCK,10392.0,113.0,10391.0,55.0,,,10393,113,10394.0,55.0,,,10392.5,0.0
0,66200,VOLCANIC_ROCK,10389.0,167.0,,,,,10391,124,10392.0,43.0,,,10390.0,0.0
0,66300,VOLCANIC_ROCK,10388.0,174.0,,,,,10390,124,10391.0,50.0,,,10389.0,0.0
0,66400,VOLCANIC_ROCK,10391.0,114.0,10390.0,43.0,,,10392,114,10393.0,43.0,,,10391.5,0.0
0,66500,VOLCANIC_ROCK,10394.0,207.0,,,,,10396,135,10397.0,72.0,,,10395.0,0.0
0,66600,VOLCANIC_ROCK,10395.0,103.0,10394.0,74.0,,,10396,103,10397.0,74.0,,,10395.5,0.0
0,66700,VOLCANIC_ROCK,10394.0,108.0,10393.0,80.0,,,10395,108,10396.0,80.0,,,10394.5,0.0
0,66800,VOLCANIC_ROCK,10403.0,148.0,10402.0,55.0,,,10405,193,,,,,10404.0,0.0
0,66900,VOLCANIC_ROCK,10406.0,134.0,10405.0,48.0,,,10408,182,,,,,10407.0,0.0
0,67000,VOLCANIC_ROCK,10410.0,127.0,10409.0,42.0,,,10411,127,10412.0,42.0,,,10410.5,0.0
0,67100,VOLCANIC_ROCK,10412.0,137.0,10411.0,49.0,,,10414,186,,,,,10413.0,0.0
0,67200,VOLCANIC_ROCK,10418.0,118.0,10417.0,74.0,,,10419,118,10420.0,74.0,,,10418.5,0.0
0,67300,VOLCANIC_ROCK,10420.0,118.0,10419.0,62.0,,,10422,180,,,,,10421.0,0.0
0,67400,VOLCANIC_ROCK,10422.0,140.0,10421.0,44.0,,,10423,140,10424.0,44.0,,,10422.5,0.0
0,67500,VOLCANIC_ROCK,10419.0,115.0,10418.0,57.0,,,10421,172,,,,,10420.0,0.0
0,67600,VOLCANIC_ROCK,10418.0,113.0,10417.0,40.0,,,10419,113,10420.0,40.0,,,10418.5,0.0
0,67700,VOLCANIC_ROCK,10413.0,206.0,,,,,10415,139,10416.0,67.0,,,10414.0,0.0
0,67800,VOLCANIC_ROCK,10411.0,120.0,10410.0,70.0,,,10412,120,10413.0,70.0,,,10411.5,0.0
0,67900,VOLCANIC_ROCK,10416.0,5.0,10415.0,215.0,,,10417,135,10418.0,80.0,,,10416.5,0.0
0,68000,VOLCANIC_ROCK,10414.0,130.0,10413.0,59.0,,,10416,189,,,,,10415.0,0.0
0,68100,VOLCANIC_ROCK,10410.0,179.0,,,,,10412,121,10413.0,58.0,,,10411.0,0.0
0,68200,VOLCANIC_ROCK,10405.0,100.0,10404.0,64.0,,,10407,164,,,,,10406.0,0.0
0,68300,VOLCANIC_ROCK,10405.0,141.0,10404.0,40.0,,,10407,181,,,,,10406.0,0.0
0,68400,VOLCANIC_ROCK,10411.0,140.0,10410.0,40.0,,,10412,140,10413.0,40.0,,,10411.5,0.0
0,68500,VOLCANIC_ROCK,10407.0,108.0,10406.0,44.0,,,10409,108,10410.0,44.0,,,10408.0,0.0
0,68600,VOLCANIC_ROCK,10412.0,130.0,10411.0,56.0,,,10413,130,10414.0,56.0,,,10412.5,0.0
0,68700,VOLCANIC_ROCK,10413.0,111.0,10412.0,58.0,,,10414,111,10415.0,58.0,,,10413.5,0.0
0,68800,VOLCANIC_ROCK,10417.0,103.0,10416.0,79.0,,,10419,182,,,,,10418.0,0.0
0,68900,VOLCANIC_ROCK,10428.0,184.0,,,,,10430,124,10431.0,60.0,,,10429.0,0.0
0,69000,VOLCANIC_ROCK,10426.0,188.0,,,,,10428,128,10429.0,60.0,,,10427.0,0.0
0,69100,VOLCANIC_ROCK,10433.0,137.0,10432.0,76.0,,,10435,213,,,,,10434.0,0.0
0,69200,VOLCANIC_ROCK,10433.0,117.0,10432.0,49.0,,,10435,166,,,,,10434.0,0.0
0,69300,VOLCANIC_ROCK,10428.0,188.0,,,,,10430,112,10431.0,76.0,,,10429.0,0.0
0,69400,VOLCANIC_ROCK,10434.0,148.0,10433.0,75.0,,,10436,223,,,,,10435.0,0.0
0,69500,VOLCANIC_ROCK,10428.0,148.0,10427.0,69.0,,,10429,148,10430.0,69.0,,,10428.5,0.0
0,69600,VOLCANIC_ROCK,10428.0,130.0,10427.0,74.0,,,10430,130,10431.0,74.0,,,10429.0,0.0
0,69700,VOLCANIC_ROCK,10432.0,132.0,10431.0,77.0,,,10433,132,10434.0,77.0,,,10432.5,0.0
0,69800,VOLCANIC_ROCK,10429.0,147.0,10428.0,73.0,,,10431,220,,,,,10430.0,0.0
0,69900,VOLCANIC_ROCK,10440.0,104.0,10439.0,78.0,,,10441,104,10442.0,78.0,,,10440.5,0.0
0,70000,VOLCANIC_ROCK,10445.0,149.0,10444.0,69.0,,,10447,218,,,,,10446.0,0.0
0,70100,VOLCANIC_ROCK,10443.0,104.0,10442.0,45.0,,,10444,104,10445.0,45.0,,,10443.5,0.0
0,70200,VOLCANIC_ROCK,10441.0,217.0,,,,,10443,139,10444.0,78.0,,,10442.0,0.0
0,70300,VOLCANIC_ROCK,10443.0,133.0,10442.0,66.0,,,10445,208,,,,,10444.0,0.0
0,70400,VOLCANIC_ROCK,10443.0,146.0,10442.0,45.0,,,10445,191,,,,,10444.0,0.0
0,70500,VOLCANIC_ROCK,10442.0,150.0,10441.0,49.0,,,10443,150,10444.0,49.0,,,10442.5,0.0
0,70600,VOLCANIC_ROCK,10444.0,120.0,10443.0,53.0,,,10445,120,10446.0,53.0,,,10444.5,0.0
0,70700,VOLCANIC_ROCK,10443.0,119.0,10442.0,60.0,,,10445,179,,,,,10444.0,0.0
0,70800,VOLCANIC_ROCK,10446.0,163.0,,,,,10447,8,10448.0,109.0,10449.0,54.0,10446.5,0.0
0,70900,VOLCANIC_ROCK,10458.0,106.0,10457.0,80.0,,,10459,106,10460.0,80.0,,,10458.5,0.0
0,71000,VOLCANIC_ROCK,10462.0,5.0,10461.0,190.0,,,10463,145,10464.0,45.0,,,10462.5,0.0
0,71100,VOLCANIC_ROCK,10471.0,115.0,10470.0,51.0,,,10473,115,10474.0,51.0,,,10472.0,0.0
0,71200,VOLCANIC_ROCK,10466.0,141.0,10465.0,68.0,,,10468,209,,,,,10467.0,0.0
0,71300,VOLCANIC_ROCK,10465.0,174.0,,,,,10467,113,10468.0,61.0,,,10466.0,0.0
0,71400,VOLCANIC_ROCK,10464.0,118.0,10463.0,41.0,,,10465,118,10466.0,41.0,,,10464.5,0.0
0,71500,VOLCANIC_ROCK,10469.0,143.0,10468.0,80.0,,,10471,223,,,,,10470.0,0.0
0,71600,VOLCANIC_ROCK,10461.0,134.0,10460.0,70.0,,,10463,204,,,,,10462.0,0.0
0,71700,VOLCANIC_ROCK,10464.0,141.0,10463.0,61.0,,,10465,141,10466.0,61.0,,,10464.5,0.0
0,71800,VOLCANIC_ROCK,10466.0,108.0,10465.0,77.0,,,10468,185,,,,,10467.0,0.0
0,71900,VOLCANIC_ROCK,10473.0,121.0,10472.0,60.0,,,10474,121,10475.0,60.0,,,10473.5,0.0
0,72000,VOLCANIC_ROCK,10464.0,139.0,10463.0,62.0,,,10466,201,,,,,10465.0,0.0
0,72100,VOLCANIC_ROCK,10473.0,155.0,,,,,10475,104,10476.0,51.0,,,10474.0,0.0
0,72200,VOLCANIC_ROCK,10472.0,165.0,,,,,10474,124,10475.0,41.0,,,10473.0,0.0
0,72300,VOLCANIC_ROCK,10471.0,181.0,,,,,10473,119,10474.0,62.0,,,10472.0,0.0
0,72400,VOLCANIC_ROCK,10473.0,121.0,10472.0,40.0,,,10474,121,10475.0,40.0,,,10473.5,0.0
0,72500,VOLCANIC_ROCK,10475.0,126.0,10474.0,72.0,,,10476,126,10477.0,72.0,,,10475.5,0.0
0,72600,VOLCANIC_ROCK,10471.0,121.0,10470.0,69.0,,,10472,121,10473.0,69.0,,,10471.5,0.0
0,72700,VOLCANIC_ROCK,10469.0,104.0,10468.0,70.0,,,10470,104,10471.0,70.0,,,10469.5,0.0
0,72800,VOLCANIC_ROCK,10473.0,180.0,,,,,10475,118,10476.0,62.0,,,10474.0,0.0
0,72900,VOLCANIC_ROCK,10468.0,195.0,,,,,10470,129,10471.0,66.0,,,10469.0,0.0
0,73000,VOLCANIC_ROCK,10469.0,132.0,10468.0,77.0,,,10470,142,10471.0,77.0,,,10469.5,0.0
0,73100,VOLCANIC_ROCK,10466.0,146.0,10465.0,67.0,,,10468,213,,,,,10467.0,0.0
0,73200,VOLCANIC_ROCK,10466.0,150.0,10465.0,79.0,,,10467,150,10468.0,79.0,,,10466.5,0.0
0,73300,VOLCANIC_ROCK,10469.0,124.0,10468.0,62.0,,,10471,186,,,,,10470.0,0.0
0,73400,VOLCANIC_ROCK,10473.0,106.0,10472.0,48.0,,,10474,106,10475.0,48.0,,,10473.5,0.0
0,73500,VOLCANIC_ROCK,10479.0,148.0,10478.0,51.0,,,10480,148,10481.0,51.0,,,10479.5,0.0
0,73600,VOLCANIC_ROCK,10477.0,199.0,,,,,10479,139,10480.0,60.0,,,10478.0,0.0
0,73700,VOLCANIC_ROCK,10480.0,130.0,10479.0,61.0,,,10481,130,10482.0,61.0,,,10480.5,0.0
0,73800,VOLCANIC_ROCK,10471.0,100.0,10470.0,71.0,,,10472,100,10473.0,71.0,,,10471.5,0.0
0,73900,VOLCANIC_ROCK,10464.0,101.0,10463.0,58.0,,,10465,101,10466.0,58.0,,,10464.5,0.0
0,74000,VOLCANIC_ROCK,10462.0,140.0,10461.0,49.0,,,10463,140,10464.0,49.0,,,10462.5,0.0
0,74100,VOLCANIC_ROCK,10462.0,100.0,10461.0,68.0,,,10464,168,,,,,10463.0,0.0
0,74200,VOLCANIC_ROCK,10464.0,104.0,10463.0,69.0,,,10466,104,10467.0,69.0,,,10465.0,0.0
0,74300,VOLCANIC_ROCK,10458.0,122.0,10457.0,78.0,,,10459,122,10460.0,78.0,,,10458.5,0.0
0,74400,VOLCANIC_ROCK,10457.0,116.0,10456.0,67.0,,,10458,116,10459.0,67.0,,,10457.5,0.0
0,74500,VOLCANIC_ROCK,10459.0,127.0,10458.0,51.0,,,10460,127,10461.0,51.0,,,10459.5,0.0
0,74600,VOLCANIC_ROCK,10463.0,122.0,10462.0,60.0,,,10465,182,,,,,10464.0,0.0
0,74700,VOLCANIC_ROCK,10461.0,142.0,10460.0,59.0,,,10462,142,10463.0,59.0,,,10461.5,0.0
0,74800,VOLCANIC_ROCK,10461.0,138.0,10460.0,64.0,,,10463,202,,,,,10462.0,0.0
0,74900,VOLCANIC_ROCK,10472.0,147.0,10471.0,71.0,,,10473,147,10474.0,71.0,,,10472.5,0.0
0,75000,VOLCANIC_ROCK,10468.0,140.0,10467.0,67.0,,,10470,197,,,,,10469.0,0.0
0,75100,VOLCANIC_ROCK,10466.0,147.0,10465.0,71.0,,,10467,147,10468.0,71.0,,,10466.5,0.0
0,75200,VOLCANIC_ROCK,10465.0,137.0,10464.0,72.0,,,10466,137,10467.0,72.0,,,10465.5,0.0
0,75300,VOLCANIC_ROCK,10471.0,127.0,10470.0,60.0,,,10472,127,10473.0,60.0,,,10471.5,0.0
0,75400,VOLCANIC_ROCK,10465.0,141.0,10464.0,44.0,,,10467,185,,,,,10466.0,0.0
0,75500,VOLCANIC_ROCK,10468.0,102.0,10467.0,72.0,,,10470,174,,,,,10469.0,0.0
0,75600,VOLCANIC_ROCK,10466.0,219.0,,,,,10468,148,10469.0,71.0,,,10467.0,0.0
0,75700,VOLCANIC_ROCK,10466.0,104.0,10465.0,62.0,,,10468,113,10469.0,62.0,,,10467.0,0.0
0,75800,VOLCANIC_ROCK,10469.0,110.0,10468.0,54.0,,,10470,110,10471.0,54.0,,,10469.5,0.0
0,75900,VOLCANIC_ROCK,10471.0,104.0,10470.0,80.0,,,10472,104,10473.0,80.0,,,10471.5,0.0
0,76000,VOLCANIC_ROCK,10475.0,105.0,10474.0,78.0,,,10476,105,10477.0,78.0,,,10475.5,0.0
0,76100,VOLCANIC_ROCK,10474.0,122.0,10473.0,55.0,,,10475,122,10476.0,55.0,,,10474.5,0.0
0,76200,VOLCANIC_ROCK,10486.0,145.0,10485.0,59.0,,,10488,204,,,,,10487.0,0.0
0,76300,VOLCANIC_ROCK,10492.0,172.0,,,,,10494,110,10495.0,62.0,,,10493.0,0.0
0,76400,VOLCANIC_ROCK,10484.0,127.0,10483.0,42.0,,,10486,169,,,,,10485.0,0.0
0,76500,VOLCANIC_ROCK,10484.0,120.0,10483.0,46.0,,,10485,120,10486.0,46.0,,,10484.5,0.0
0,76600,VOLCANIC_ROCK,10488.0,201.0,,,,,10490,127,10491.0,74.0,,,10489.0,0.0
0,76700,VOLCANIC_ROCK,10483.0,198.0,,,,,10485,136,10486.0,62.0,,,10484.0,0.0
0,76800,VOLCANIC_ROCK,10480.0,130.0,10479.0,57.0,,,10482,130,10483.0,57.0,,,10481.0,0.0
0,76900,VOLCANIC_ROCK,10475.0,202.0,,,,,10477,139,10478.0,63.0,,,10476.0,0.0
0,77000,VOLCANIC_ROCK,10476.0,128.0,10475.0,65.0,,,10477,128,10478.0,65.0,,,10476.5,0.0
0,77100,VOLCANIC_ROCK,10475.0,144.0,10474.0,78.0,,,10476,144,10477.0,78.0,,,10475.5,0.0
0,77200,VOLCANIC_ROCK,10475.0,147.0,10474.0,59.0,,,10476,147,10477.0,59.0,,,10475.5,0.0
0,77300,VOLCANIC_ROCK,10475.0,125.0,10474.0,77.0,,,10476,125,10477.0,77.0,,,10475.5,0.0
0,77400,VOLCANIC_ROCK,10477.0,136.0,10476.0,45.0,,,10478,136,10479.0,45.0,,,10477.5,0.0
0,77500,VOLCANIC_ROCK,10472.0,200.0,,,,,10474,143,10475.0,57.0,,,10473.0,0.0
0,77600,VOLCANIC_ROCK,10472.0,5.0,10471.0,202.0,,,10473,127,10474.0,75.0,,,10472.5,0.0
0,77700,VOLCANIC_ROCK,10475.0,195.0,,,,,10477,134,10478.0,61.0,,,10476.0,0.0
0,77800,VOLCANIC_ROCK,10474.0,108.0,10473.0,75.0,,,10475,108,10476.0,75.0,,,10474.5,0.0
0,77900,VOLCANIC_ROCK,10474.0,133.0,10473.0,51.0,,,10475,141,10476.0,51.0,,,10474.5,0.0
0,78000,VOLCANIC_ROCK,10469.0,149.0,10468.0,58.0,,,10470,149,10471.0,58.0,,,10469.5,0.0
0,78100,VOLCANIC_ROCK,10479.0,226.0,,,,,10481,146,10482.0,80.0,,,10480.0,0.0
0,78200,VOLCANIC_ROCK,10475.0,114.0,10474.0,80.0,,,10477,114,10478.0,80.0,,,10476.0,0.0
0,78300,VOLCANIC_ROCK,10475.0,100.0,10474.0,41.0,,,10476,110,10477.0,41.0,,,10475.5,0.0
0,78400,VOLCANIC_ROCK,10476.0,138.0,10475.0,75.0,,,10478,213,,,,,10477.0,0.0
0,78500,VOLCANIC_ROCK,10479.0,183.0,,,,,10481,117,10482.0,66.0,,,10480.0,0.0
0,78600,VOLCANIC_ROCK,10473.0,135.0,10472.0,42.0,,,10474,135,10475.0,42.0,,,10473.5,0.0
0,78700,VOLCANIC_ROCK,10468.0,180.0,,,,,10470,128,10471.0,52.0,,,10469.0,0.0
0,78800,VOLCANIC_ROCK,10470.0,143.0,10469.0,51.0,,,10471,143,10472.0,51.0,,,10470.5,0.0
0,78900,VOLCANIC_ROCK,10464.0,165.0,,,,,10466,107,10467.0,58.0,,,10465.0,0.0
0,79000,VOLCANIC_ROCK,10468.0,123.0,10467.0,73.0,,,10470,196,,,,,10469.0,0.0
0,79100,VOLCANIC_ROCK,10463.0,188.0,,,,,10465,137,10466.0,51.0,,,10464.0,0.0
0,79200,VOLCANIC_ROCK,10458.0,187.0,,,,,10460,107,10461.0,80.0,,,10459.0,0.0
0,79300,VOLCANIC_ROCK,10462.0,110.0,10461.0,76.0,,,10463,110,10464.0,76.0,,,10462.5,0.0
0,79400,VOLCANIC_ROCK,10459.0,102.0,10458.0,74.0,,,10461,176,,,,,10460.0,0.0
0,79500,VOLCANIC_ROCK,10468.0,150.0,10467.0,53.0,,,10469,150,10470.0,53.0,,,10468.5,0.0
0,79600,VOLCANIC_ROCK,10467.0,117.0,10466.0,40.0,,,10469,159,,,,,10468.0,0.0
0,79700,VOLCANIC_ROCK,10460.0,178.0,,,,,10462,123,10463.0,55.0,,,10461.0,0.0
0,79800,VOLCANIC_ROCK,10459.0,108.0,10458.0,48.0,,,10460,108,10461.0,48.0,,,10459.5,0.0
0,79900,VOLCANIC_ROCK,10460.0,138.0,10459.0,53.0,,,10461,135,10462.0,53.0,,,10460.5,0.0
0,80000,VOLCANIC_ROCK,10458.0,123.0,10457.0,73.0,,,10460,123,10461.0,73.0,,,10459.0,0.0
0,80100,VOLCANIC_ROCK,10458.0,190.0,,,,,10460,140,10461.0,50.0,,,10459.0,0.0
0,80200,VOLCANIC_ROCK,10455.0,110.0,10454.0,73.0,,,10457,183,,,,,10456.0,0.0
0,80300,VOLCANIC_ROCK,10455.0,146.0,10454.0,61.0,,,10456,146,10457.0,61.0,,,10455.5,0.0
0,80400,VOLCANIC_ROCK,10453.0,207.0,,,,,10455,137,10456.0,70.0,,,10454.0,0.0
0,80500,VOLCANIC_ROCK,10446.0,146.0,10445.0,59.0,,,10447,146,10448.0,59.0,,,10446.5,0.0
0,80600,VOLCANIC_ROCK,10450.0,126.0,10449.0,68.0,,,10452,194,,,,,10451.0,0.0
0,80700,VOLCANIC_ROCK,10446.0,101.0,10445.0,72.0,,,10447,101,10448.0,72.0,,,10446.5,0.0
0,80800,VOLCANIC_ROCK,10445.0,212.0,,,,,10447,135,10448.0,77.0,,,10446.0,0.0
0,80900,VOLCANIC_ROCK,10446.0,138.0,10445.0,80.0,,,10448,218,,,,,10447.0,0.0
0,81000,VOLCANIC_ROCK,10452.0,102.0,10451.0,75.0,,,10454,177,,,,,10453.0,0.0
0,81100,VOLCANIC_ROCK,10453.0,121.0,10452.0,78.0,,,10454,121,10455.0,78.0,,,10453.5,0.0
0,81200,VOLCANIC_ROCK,10459.0,131.0,10458.0,67.0,,,10461,198,,,,,10460.0,0.0
0,81300,VOLCANIC_ROCK,10460.0,118.0,10459.0,70.0,,,10462,188,,,,,10461.0,0.0
0,81400,VOLCANIC_ROCK,10457.0,170.0,,,,,10459,128,10460.0,44.0,,,10458.0,0.0
0,81500,VOLCANIC_ROCK,10459.0,207.0,,,,,10461,144,10462.0,63.0,,,10460.0,0.0
0,81600,VOLCANIC_ROCK,10464.0,137.0,10463.0,79.0,,,10466,137,10467.0,79.0,,,10465.0,0.0
0,81700,VOLCANIC_ROCK,10469.0,135.0,10468.0,62.0,,,10471,197,,,,,10470.0,0.0
0,81800,VOLCANIC_ROCK,10469.0,176.0,,,,,10471,131,10472.0,45.0,,,10470.0,0.0
0,81900,VOLCANIC_ROCK,10470.0,104.0,10469.0,66.0,,,10471,104,10472.0,66.0,,,10470.5,0.0
0,82000,VOLCANIC_ROCK,10467.0,194.0,,,,,10469,129,10470.0,65.0,,,10468.0,0.0
0,82100,VOLCANIC_ROCK,10470.0,127.0,10469.0,69.0,,,10471,127,10472.0,69.0,,,10470.5,0.0
0,82200,VOLCANIC_ROCK,10469.0,212.0,,,,,10471,137,10472.0,75.0,,,10470.0,0.0
0,82300,VOLCANIC_ROCK,10471.0,150.0,10470.0,49.0,,,10473,199,,,,,10472.0,0.0
0,82400,VOLCANIC_ROCK,10482.0,115.0,10481.0,49.0,,,10483,115,10484.0,49.0,,,10482.5,0.0
0,82500,VOLCANIC_ROCK,10479.0,144.0,10478.0,43.0,,,10481,187,,,,,10480.0,0.0
0,82600,VOLCANIC_ROCK,10477.0,116.0,10476.0,56.0,,,10479,172,,,,,10478.0,0.0
0,82700,VOLCANIC_ROCK,10474.0,164.0,,,,,10475,8,10476.0,114.0,10477.0,50.0,10474.5,0.0
0,82800,VOLCANIC_ROCK,10478.0,171.0,,,,,10480,130,10481.0,41.0,,,10479.0,0.0
0,82900,VOLCANIC_ROCK,10479.0,119.0,10478.0,60.0,,,10481,119,10482.0,60.0,,,10480.0,0.0
0,83000,VOLCANIC_ROCK,10485.0,123.0,10484.0,48.0,,,10486,123,10487.0,48.0,,,10485.5,0.0
0,83100,VOLCANIC_ROCK,10488.0,116.0,10487.0,63.0,,,10490,179,,,,,10489.0,0.0
0,83200,VOLCANIC_ROCK,10495.0,103.0,10494.0,63.0,,,10496,103,10497.0,63.0,,,10495.5,0.0
0,83300,VOLCANIC_ROCK,10487.0,149.0,10486.0,41.0,,,10489,183,,,,,10488.0,0.0
0,83400,VOLCANIC_ROCK,10490.0,107.0,10489.0,51.0,,,10491,107,10492.0,51.0,,,10490.5,0.0
0,83500,VOLCANIC_ROCK,10495.0,131.0,10494.0,71.0,,,10496,131,10497.0,71.0,,,10495.5,0.0
0,83600,VOLCANIC_ROCK,10492.0,205.0,,,,,10494,140,10495.0,65.0,,,10493.0,0.0
0,83700,VOLCANIC_ROCK,10490.0,146.0,10489.0,64.0,,,10491,146,10492.0,64.0,,,10490.5,0.0
0,83800,VOLCANIC_ROCK,10497.0,118.0,10496.0,65.0,,,10498,118,10499.0,65.0,,,10497.5,0.0
0,83900,VOLCANIC_ROCK,10495.0,103.0,10494.0,46.0,,,10497,149,,,,,10496.0,0.0
0,84000,VOLCANIC_ROCK,10492.0,130.0,10491.0,51.0,,,10493,130,10494.0,51.0,,,10492.5,0.0
0,84100,VOLCANIC_ROCK,10484.0,154.0,10483.0,68.0,,,10486,148,10487.0,68.0,,,10485.0,0.0
0,84200,VOLCANIC_ROCK,10489.0,209.0,,,,,10491,145,10492.0,64.0,,,10490.0,0.0
0,84300,VOLCANIC_ROCK,10487.0,100.0,10486.0,75.0,,,10488,105,10489.0,75.0,,,10487.5,0.0
0,84400,VOLCANIC_ROCK,10491.0,125.0,10490.0,67.0,,,10493,192,,,,,10492.0,0.0
0,84500,VOLCANIC_ROCK,10501.0,117.0,10500.0,67.0,,,10502,117,10503.0,67.0,,,10501.5,0.0
0,84600,VOLCANIC_ROCK,10497.0,122.0,10496.0,45.0,,,10499,122,10500.0,45.0,,,10498.0,0.0
0,84700,VOLCANIC_ROCK,10497.0,133.0,10496.0,40.0,,,10498,133,10499.0,40.0,,,10497.5,0.0
0,84800,VOLCANIC_ROCK,10492.0,107.0,10491.0,76.0,,,10494,176,,,,,10493.0,0.0
0,84900,VOLCANIC_ROCK,10492.0,162.0,,,,,10494,100,10495.0,62.0,,,10493.0,0.0
0,85000,VOLCANIC_ROCK,10488.0,110.0,10487.0,52.0,,,10489,102,10490.0,52.0,,,10488.5,0.0
0,85100,VOLCANIC_ROCK,10485.0,106.0,10484.0,50.0,,,10487,106,10488.0,50.0,,,10486.0,0.0
0,85200,VOLCANIC_ROCK,10488.0,218.0,,,,,10490,148,10491.0,70.0,,,10489.0,0.0
0,85300,VOLCANIC_ROCK,10492.0,103.0,10491.0,52.0,,,10494,155,,,,,10493.0,0.0
0,85400,VOLCANIC_ROCK,10491.0,145.0,10490.0,50.0,,,10492,145,10493.0,50.0,,,10491.5,0.0
0,85500,VOLCANIC_ROCK,10491.0,157.0,,,,,10493,112,10494.0,45.0,,,10492.0,0.0
0,85600,VOLCANIC_ROCK,10494.0,160.0,,,,,10496,101,10497.0,59.0,,,10495.0,0.0
0,85700,VOLCANIC_ROCK,10492.0,97.0,10491.0,58.0,,,10494,164,,,,,10493.0,0.0
0,85800,VOLCANIC_ROCK,10493.0,134.0,10492.0,61.0,,,10495,134,10496.0,61.0,,,10494.0,0.0
0,85900,VOLCANIC_ROCK,10503.0,113.0,10502.0,69.0,,,10504,113,10505.0,69.0,,,10503.5,0.0
0,86000,VOLCANIC_ROCK,10503.0,142.0,10502.0,55.0,,,10505,142,10506.0,55.0,,,10504.0,0.0
0,86100,VOLCANIC_ROCK,10498.0,112.0,10497.0,57.0,,,10500,112,10501.0,57.0,,,10499.0,0.0
0,86200,VOLCANIC_ROCK,10499.0,199.0,,,,,10501,132,10502.0,67.0,,,10500.0,0.0
0,86300,VOLCANIC_ROCK,10501.0,111.0,10500.0,40.0,,,10503,151,,,,,10502.0,0.0
0,86400,VOLCANIC_ROCK,10506.0,144.0,10505.0,42.0,,,10508,186,,,,,10507.0,0.0
0,86500,VOLCANIC_ROCK,10508.0,120.0,10507.0,66.0,,,10510,120,10511.0,66.0,,,10509.0,0.0
0,86600,VOLCANIC_ROCK,10508.0,142.0,10507.0,76.0,,,10510,213,,,,,10509.0,0.0
0,86700,VOLCANIC_ROCK,10511.0,110.0,10510.0,56.0,,,10513,110,10514.0,56.0,,,10512.0,0.0
0,86800,VOLCANIC_ROCK,10513.0,185.0,,,,,10515,143,10516.0,42.0,,,10514.0,0.0
0,86900,VOLCANIC_ROCK,10515.0,130.0,10514.0,75.0,,,10516,130,10517.0,75.0,,,10515.5,0.0
0,87000,VOLCANIC_ROCK,10511.0,10.0,10510.0,116.0,10509.0,59.0,10512,116,10513.0,59.0,,,10511.5,0.0
0,87100,VOLCANIC_ROCK,10510.0,112.0,10509.0,49.0,,,10512,161,,,,,10511.0,0.0
0,87200,VOLCANIC_ROCK,10512.0,198.0,,,,,10514,131,10515.0,67.0,,,10513.0,0.0
0,87300,VOLCANIC_ROCK,10511.0,114.0,10510.0,53.0,,,10513,170,,,,,10512.0,0.0
0,87400,VOLCANIC_ROCK,10511.0,152.0,10510.0,52.0,,,10512,144,10513.0,52.0,,,10511.5,0.0
0,87500,VOLCANIC_ROCK,10517.0,131.0,10516.0,64.0,,,10518,131,10519.0,64.0,,,10517.5,0.0
0,87600,VOLCANIC_ROCK,10516.0,143.0,10515.0,66.0,,,10518,209,,,,,10517.0,0.0
0,87700,VOLCANIC_ROCK,10513.0,123.0,10512.0,43.0,,,10515,123,10516.0,43.0,,,10514.0,0.0
0,87800,VOLCANIC_ROCK,10514.0,143.0,10513.0,41.0,,,10515,143,10516.0,41.0,,,10514.5,0.0
0,87900,VOLCANIC_ROCK,10513.0,131.0,10512.0,60.0,,,10514,131,10515.0,60.0,,,10513.5,0.0
0,88000,VOLCANIC_ROCK,10511.0,147.0,10510.0,59.0,,,10512,147,10513.0,59.0,,,10511.5,0.0
0,88100,VOLCANIC_ROCK,10509.0,197.0,,,,,10511,137,10512.0,60.0,,,10510.0,0.0
0,88200,VOLCANIC_ROCK,10505.0,129.0,10504.0,78.0,,,10507,129,10508.0,78.0,,,10506.0,0.0
0,88300,VOLCANIC_ROCK,10508.0,165.0,,,,,10510,121,10511.0,44.0,,,10509.0,0.0
0,88400,VOLCANIC_ROCK,10512.0,201.0,,,,,10514,130,10515.0,71.0,,,10513.0,0.0
0,88500,VOLCANIC_ROCK,10515.0,150.0,10514.0,57.0,,,10517,201,,,,,10516.0,0.0
0,88600,VOLCANIC_ROCK,10512.0,136.0,10511.0,53.0,,,10514,189,,,,,10513.0,0.0
0,88700,VOLCANIC_ROCK,10509.0,188.0,,,,,10511,124,10512.0,64.0,,,10510.0,0.0
0,88800,VOLCANIC_ROCK,10505.0,146.0,10504.0,72.0,,,10507,146,10508.0,72.0,,,10506.0,0.0
0,88900,VOLCANIC_ROCK,10500.0,150.0,10499.0,78.0,,,10501,150,10502.0,78.0,,,10500.5,0.0
0,89000,VOLCANIC_ROCK,10498.0,199.0,,,,,10500,132,10501.0,67.0,,,10499.0,0.0
0,89100,VOLCANIC_ROCK,10497.0,142.0,10496.0,70.0,,,10498,142,10499.0,70.0,,,10497.5,0.0
0,89200,VOLCANIC_ROCK,10493.0,167.0,,,,,10495,122,10496.0,45.0,,,10494.0,0.0
0,89300,VOLCANIC_ROCK,10500.0,107.0,10499.0,67.0,,,10501,107,10502.0,67.0,,,10500.5,0.0
0,89400,VOLCANIC_ROCK,10499.0,118.0,10498.0,55.0,,,10501,173,,,,,10500.0,0.0
0,89500,VOLCANIC_ROCK,10500.0,196.0,,,,,10502,149,10503.0,47.0,,,10501.0,0.0
0,89600,VOLCANIC_ROCK,10503.0,110.0,10502.0,64.0,,,10505,174,,,,,10504.0,0.0
0,89700,VOLCANIC_ROCK,10500.0,191.0,,,,,10502,127,10503.0,64.0,,,10501.0,0.0
0,89800,VOLCANIC_ROCK,10503.0,140.0,10502.0,45.0,,,10504,135,10505.0,45.0,,,10503.5,0.0
0,89900,VOLCANIC_ROCK,10505.0,150.0,10504.0,48.0,,,10506,150,10507.0,48.0,,,10505.5,0.0
0,90000,VOLCANIC_ROCK,10501.0,115.0,10500.0,56.0,,,10503,171,,,,,10502.0,0.0
0,90100,VOLCANIC_ROCK,10500.0,126.0,10499.0,53.0,,,10501,126,10502.0,53.0,,,10500.5,0.0
0,90200,VOLCANIC_ROCK,10502.0,102.0,10501.0,72.0,,,10503,102,10504.0,72.0,,,10502.5,0.0
0,90300,VOLCANIC_ROCK,10501.0,141.0,10500.0,67.0,,,10503,141,10504.0,67.0,,,10502.0,0.0
0,90400,VOLCANIC_ROCK,10499.0,191.0,,,,,10501,121,10502.0,70.0,,,10500.0,0.0
0,90500,VOLCANIC_ROCK,10495.0,185.0,,,,,10497,131,10498.0,54.0,,,10496.0,0.0
0,90600,VOLCANIC_ROCK,10489.0,189.0,,,,,10491,113,10492.0,76.0,,,10490.0,0.0
0,90700,VOLCANIC_ROCK,10489.0,124.0,10488.0,80.0,,,10490,124,10491.0,80.0,,,10489.5,0.0
0,90800,VOLCANIC_ROCK,10483.0,147.0,10482.0,44.0,,,10484,147,10485.0,44.0,,,10483.5,0.0
0,90900,VOLCANIC_ROCK,10480.0,208.0,,,,,10481,5,10482.0,131.0,10483.0,77.0,10480.5,0.0
0,91000,VOLCANIC_ROCK,10482.0,123.0,10481.0,62.0,,,10483,123,10484.0,62.0,,,10482.5,0.0
0,91100,VOLCANIC_ROCK,10478.0,187.0,,,,,10480,129,10481.0,58.0,,,10479.0,0.0
0,91200,VOLCANIC_ROCK,10476.0,121.0,10475.0,77.0,,,10478,198,,,,,10477.0,0.0
0,91300,VOLCANIC_ROCK,10478.0,157.0,10477.0,75.0,,,10480,222,,,,,10479.0,0.0
0,91400,VOLCANIC_ROCK,10478.0,115.0,10477.0,41.0,,,10479,115,10480.0,41.0,,,10478.5,0.0
0,91500,VOLCANIC_ROCK,10480.0,149.0,10479.0,44.0,,,10482,193,,,,,10481.0,0.0
0,91600,VOLCANIC_ROCK,10488.0,139.0,10487.0,56.0,,,10490,139,10491.0,56.0,,,10489.0,0.0
0,91700,VOLCANIC_ROCK,10489.0,117.0,10488.0,73.0,,,10490,110,10491.0,73.0,,,10489.5,0.0
0,91800,VOLCANIC_ROCK,10484.0,148.0,10483.0,47.0,,,10486,195,,,,,10485.0,0.0
0,91900,VOLCANIC_ROCK,10485.0,101.0,10484.0,78.0,,,10486,101,10487.0,78.0,,,10485.5,0.0
0,92000,VOLCANIC_ROCK,10488.0,105.0,10487.0,76.0,,,10490,105,10491.0,76.0,,,10489.0,0.0
0,92100,VOLCANIC_ROCK,10489.0,135.0,10488.0,65.0,,,10490,135,10491.0,65.0,,,10489.5,0.0
0,92200,VOLCANIC_ROCK,10482.0,127.0,10481.0,78.0,,,10484,205,,,,,10483.0,0.0
0,92300,VOLCANIC_ROCK,10482.0,143.0,10481.0,44.0,,,10484,187,,,,,10483.0,0.0
0,92400,VOLCANIC_ROCK,10487.0,133.0,10486.0,58.0,,,10488,133,10489.0,58.0,,,10487.5,0.0
0,92500,VOLCANIC_ROCK,10486.0,120.0,10485.0,58.0,,,10487,120,10488.0,58.0,,,10486.5,0.0
0,92600,VOLCANIC_ROCK,10486.0,146.0,10485.0,72.0,,,10488,146,10489.0,72.0,,,10487.0,0.0
0,92700,VOLCANIC_ROCK,10486.0,119.0,10485.0,69.0,,,10487,119,10488.0,69.0,,,10486.5,0.0
0,92800,VOLCANIC_ROCK,10485.0,181.0,,,,,10487,139,10488.0,42.0,,,10486.0,0.0
0,92900,VOLCANIC_ROCK,10485.0,149.0,10484.0,67.0,,,10486,149,10487.0,67.0,,,10485.5,0.0
0,93000,VOLCANIC_ROCK,10486.0,133.0,10485.0,77.0,,,10487,133,10488.0,77.0,,,10486.5,0.0
0,93100,VOLCANIC_ROCK,10493.0,142.0,10492.0,41.0,,,10494,142,10495.0,41.0,,,10493.5,0.0
0,93200,VOLCANIC_ROCK,10493.0,127.0,10492.0,67.0,,,10494,134,10495.0,67.0,,,10493.5,0.0
0,93300,VOLCANIC_ROCK,10488.0,195.0,,,,,10490,150,10491.0,45.0,,,10489.0,0.0
0,93400,VOLCANIC_ROCK,10483.0,116.0,10482.0,44.0,,,10484,116,10485.0,44.0,,,10483.5,0.0
0,93500,VOLCANIC_ROCK,10483.0,123.0,10482.0,47.0,,,10485,170,,,,,10484.0,0.0
0,93600,VOLCANIC_ROCK,10485.0,130.0,10484.0,74.0,,,10486,124,10487.0,74.0,,,10485.5,0.0
0,93700,VOLCANIC_ROCK,10487.0,121.0,10486.0,46.0,,,10488,121,10489.0,46.0,,,10487.5,0.0
0,93800,VOLCANIC_ROCK,10485.0,134.0,10484.0,40.0,,,10486,134,10487.0,40.0,,,10485.5,0.0
0,93900,VOLCANIC_ROCK,10490.0,141.0,10489.0,45.0,,,10492,141,10493.0,45.0,,,10491.0,0.0
0,94000,VOLCANIC_ROCK,10490.0,197.0,,,,,10492,146,10493.0,51.0,,,10491.0,0.0
0,94100,VOLCANIC_ROCK,10489.0,128.0,10488.0,79.0,,,10491,207,,,,,10490.0,0.0
0,94200,VOLCANIC_ROCK,10489.0,111.0,10488.0,72.0,,,10490,111,10491.0,72.0,,,10489.5,0.0
0,94300,VOLCANIC_ROCK,10490.0,110.0,10489.0,57.0,,,10491,110,10492.0,57.0,,,10490.5,0.0
0,94400,VOLCANIC_ROCK,10493.0,139.0,10492.0,40.0,,,10494,139,10495.0,40.0,,,10493.5,0.0
0,94500,VOLCANIC_ROCK,10492.0,109.0,10491.0,46.0,,,10493,109,10494.0,46.0,,,10492.5,0.0
0,94600,VOLCANIC_ROCK,10486.0,110.0,10485.0,41.0,,,10487,110,10488.0,41.0,,,10486.5,0.0
0,94700,VOLCANIC_ROCK,10486.0,170.0,,,,,10488,119,10489.0,51.0,,,10487.0,0.0
0,94800,VOLCANIC_ROCK,10488.0,113.0,10487.0,80.0,,,10490,193,,,,,10489.0,0.0
0,94900,VOLCANIC_ROCK,10493.0,120.0,10492.0,65.0,,,10495,120,10496.0,65.0,,,10494.0,0.0
0,95000,VOLCANIC_ROCK,10490.0,115.0,10489.0,66.0,,,10492,117,10493.0,66.0,,,10491.0,0.0
0,95100,VOLCANIC_ROCK,10495.0,112.0,10494.0,75.0,,,10496,112,10497.0,75.0,,,10495.5,0.0
0,95200,VOLCANIC_ROCK,10495.0,133.0,10494.0,57.0,,,10496,133,10497.0,57.0,,,10495.5,0.0
0,95300,VOLCANIC_ROCK,10495.0,124.0,10494.0,49.0,,,10496,124,10497.0,49.0,,,10495.5,0.0
0,95400,VOLCANIC_ROCK,10496.0,112.0,10495.0,75.0,,,10497,122,10498.0,75.0,,,10496.5,0.0
0,95500,VOLCANIC_ROCK,10495.0,146.0,10494.0,45.0,,,10496,146,10497.0,45.0,,,10495.5,0.0
0,95600,VOLCANIC_ROCK,10500.0,120.0,10499.0,65.0,,,10501,120,10502.0,65.0,,,10500.5,0.0
0,95700,VOLCANIC_ROCK,10493.0,147.0,10492.0,54.0,,,10495,201,,,,,10494.0,0.0
0,95800,VOLCANIC_ROCK,10490.0,201.0,,,,,10491,5,10492.0,132.0,10493.0,69.0,10490.5,0.0
0,95900,VOLCANIC_ROCK,10485.0,121.0,10484.0,54.0,,,10487,121,10488.0,54.0,,,10486.0,0.0
0,96000,VOLCANIC_ROCK,10481.0,167.0,,,,,10483,114,10484.0,53.0,,,10482.0,0.0
0,96100,VOLCANIC_ROCK,10475.0,134.0,10474.0,57.0,,,10476,134,10477.0,57.0,,,10475.5,0.0
0,96200,VOLCANIC_ROCK,10480.0,2.0,10479.0,148.0,10478.0,72.0,10481,220,,,,,10480.5,0.0
0,96300,VOLCANIC_ROCK,10477.0,111.0,10476.0,80.0,,,10478,111,10479.0,80.0,,,10477.5,0.0
0,96400,VOLCANIC_ROCK,10474.0,141.0,10473.0,66.0,,,10475,141,10476.0,66.0,,,10474.5,0.0
0,96500,VOLCANIC_ROCK,10478.0,205.0,,,,,10480,132,10481.0,73.0,,,10479.0,0.0
0,96600,VOLCANIC_ROCK,10479.0,126.0,10478.0,79.0,,,10481,126,10482.0,79.0,,,10480.0,0.0
0,96700,VOLCANIC_ROCK,10479.0,107.0,10478.0,61.0,,,10480,107,10481.0,61.0,,,10479.5,0.0
0,96800,VOLCANIC_ROCK,10477.0,100.0,10476.0,72.0,,,10478,100,10479.0,72.0,,,10477.5,0.0
0,96900,VOLCANIC_ROCK,10480.0,150.0,10479.0,47.0,,,10482,197,,,,,10481.0,0.0
0,97000,VOLCANIC_ROCK,10480.0,120.0,10479.0,64.0,,,10482,184,,,,,10481.0,0.0
0,97100,VOLCANIC_ROCK,10483.0,112.0,10482.0,41.0,,,10484,112,10485.0,41.0,,,10483.5,0.0
0,97200,VOLCANIC_ROCK,10477.0,108.0,10476.0,43.0,,,10478,108,10479.0,43.0,,,10477.5,0.0
0,97300,VOLCANIC_ROCK,10475.0,114.0,10474.0,60.0,,,10477,174,,,,,10476.0,0.0
0,97400,VOLCANIC_ROCK,10481.0,104.0,10480.0,67.0,,,10482,104,10483.0,67.0,,,10481.5,0.0
0,97500,VOLCANIC_ROCK,10481.0,146.0,10480.0,60.0,,,10482,146,10483.0,60.0,,,10481.5,0.0
0,97600,VOLCANIC_ROCK,10479.0,120.0,10478.0,43.0,,,10481,163,,,,,10480.0,0.0
0,97700,VOLCANIC_ROCK,10478.0,153.0,,,,,10480,111,10481.0,42.0,,,10479.0,0.0
0,97800,VOLCANIC_ROCK,10480.0,5.0,10479.0,137.0,10478.0,53.0,10481,137,10482.0,53.0,,,10480.5,0.0
0,97900,VOLCANIC_ROCK,10475.0,143.0,10474.0,52.0,,,10476,143,10477.0,52.0,,,10475.5,0.0
0,98000,VOLCANIC_ROCK,10470.0,113.0,10469.0,75.0,,,10471,113,10472.0,75.0,,,10470.5,0.0
0,98100,VOLCANIC_ROCK,10468.0,107.0,10467.0,44.0,,,10470,151,,,,,10469.0,0.0
0,98200,VOLCANIC_ROCK,10463.0,144.0,10462.0,72.0,,,10465,144,10466.0,72.0,,,10464.0,0.0
0,98300,VOLCANIC_ROCK,10463.0,144.0,10462.0,76.0,,,10465,220,,,,,10464.0,0.0
0,98400,VOLCANIC_ROCK,10462.0,143.0,10461.0,63.0,,,10463,143,10464.0,63.0,,,10462.5,0.0
0,98500,VOLCANIC_ROCK,10463.0,135.0,10462.0,73.0,,,10465,135,10466.0,73.0,,,10464.0,0.0
0,98600,VOLCANIC_ROCK,10465.0,114.0,10464.0,40.0,,,10467,154,,,,,10466.0,0.0
0,98700,VOLCANIC_ROCK,10468.0,104.0,10467.0,63.0,,,10469,104,10470.0,63.0,,,10468.5,0.0
0,98800,VOLCANIC_ROCK,10462.0,202.0,,,,,10464,138,10465.0,64.0,,,10463.0,0.0
0,98900,VOLCANIC_ROCK,10463.0,103.0,10462.0,41.0,,,10464,102,10465.0,41.0,,,10463.5,0.0
0,99000,VOLCANIC_ROCK,10459.0,136.0,10458.0,55.0,,,10460,136,10461.0,55.0,,,10459.5,0.0
0,99100,VOLCANIC_ROCK,10462.0,145.0,10461.0,74.0,,,10464,219,,,,,10463.0,0.0
0,99200,VOLCANIC_ROCK,10457.0,149.0,10456.0,69.0,,,10459,218,,,,,10458.0,0.0
0,99300,VOLCANIC_ROCK,10452.0,142.0,10451.0,53.0,,,10454,195,,,,,10453.0,0.0
0,99400,VOLCANIC_ROCK,10451.0,133.0,10450.0,41.0,,,10453,133,10454.0,41.0,,,10452.0,0.0
0,99500,VOLCANIC_ROCK,10449.0,100.0,10448.0,80.0,,,10451,180,,,,,10450.0,0.0
0,99600,VOLCANIC_ROCK,10449.0,109.0,10448.0,70.0,,,10451,109,10452.0,70.0,,,10450.0,0.0
0,99700,VOLCANIC_ROCK,10449.0,147.0,,,,,10451,101,10452.0,46.0,,,10450.0,0.0
0,99800,VOLCANIC_ROCK,10448.0,127.0,10447.0,68.0,,,10450,195,,,,,10449.0,0.0
0,99900,VOLCANIC_ROCK,10448.0,149.0,10447.0,61.0,,,10450,149,10451.0,61.0,,,10449.0,0.0
0,100000,VOLCANIC_ROCK,10447.0,167.0,,,,,10449,100,10450.0,67.0,,,10448.0,0.0
0,100100,VOLCANIC_ROCK,10455.0,148.0,10454.0,68.0,,,10456,148,10457.0,68.0,,,10455.5,0.0
0,100200,VOLCANIC_ROCK,10455.0,211.0,,,,,10457,136,10458.0,75.0,,,10456.0,0.0
0,100300,VOLCANIC_ROCK,10452.0,125.0,10451.0,74.0,,,10453,125,10454.0,74.0,,,10452.5,0.0
0,100400,VOLCANIC_ROCK,10451.0,204.0,,,,,10453,135,10454.0,69.0,,,10452.0,0.0
0,100500,VOLCANIC_ROCK,10454.0,148.0,10453.0,79.0,,,10455,148,10456.0,79.0,,,10454.5,0.0
0,100600,VOLCANIC_ROCK,10452.0,97.0,10451.0,54.0,,,10453,105,10454.0,54.0,,,10452.5,0.0
0,100700,VOLCANIC_ROCK,10453.0,9.0,10452.0,189.0,,,10454,113,10455.0,76.0,,,10453.5,0.0
0,100800,VOLCANIC_ROCK,10454.0,143.0,10453.0,67.0,,,10456,210,,,,,10455.0,0.0
0,100900,VOLCANIC_ROCK,10452.0,121.0,10451.0,71.0,,,10454,192,,,,,10453.0,0.0
0,101000,VOLCANIC_ROCK,10451.0,149.0,10450.0,54.0,,,10453,203,,,,,10452.0,0.0
0,101100,VOLCANIC_ROCK,10452.0,127.0,10451.0,67.0,,,10454,127,10455.0,67.0,,,10453.0,0.0
0,101200,VOLCANIC_ROCK,10453.0,116.0,10452.0,56.0,,,10454,116,10455.0,56.0,,,10453.5,0.0
0,101300,VOLCANIC_ROCK,10453.0,122.0,10452.0,76.0,,,10454,122,10455.0,76.0,,,10453.5,0.0
0,101400,VOLCANIC_ROCK,10456.0,139.0,10455.0,70.0,,,10457,139,10458.0,70.0,,,10456.5,0.0
0,101500,VOLCANIC_ROCK,10462.0,114.0,10461.0,63.0,,,10464,177,,,,,10463.0,0.0
0,101600,VOLCANIC_ROCK,10459.0,103.0,10458.0,49.0,,,10460,113,10461.0,49.0,,,10459.5,0.0
0,101700,VOLCANIC_ROCK,10462.0,139.0,10461.0,73.0,,,10463,139,10464.0,73.0,,,10462.5,0.0
0,101800,VOLCANIC_ROCK,10456.0,135.0,10455.0,56.0,,,10458,135,10459.0,56.0,,,10457.0,0.0
0,101900,VOLCANIC_ROCK,10462.0,110.0,10461.0,65.0,,,10463,116,10464.0,65.0,,,10462.5,0.0
0,102000,VOLCANIC_ROCK,10461.0,139.0,10460.0,65.0,,,10463,204,,,,,10462.0,0.0
0,102100,VOLCANIC_ROCK,10463.0,195.0,,,,,10465,142,10466.0,53.0,,,10464.0,0.0
0,102200,VOLCANIC_ROCK,10470.0,212.0,,,,,10472,138,10473.0,74.0,,,10471.0,0.0
0,102300,VOLCANIC_ROCK,10477.0,140.0,10476.0,65.0,,,10478,131,10479.0,65.0,,,10477.5,0.0
0,102400,VOLCANIC_ROCK,10480.0,103.0,10479.0,68.0,,,10481,103,10482.0,68.0,,,10480.5,0.0
0,102500,VOLCANIC_ROCK,10491.0,107.0,10490.0,53.0,,,10492,107,10493.0,53.0,,,10491.5,0.0
0,102600,VOLCANIC_ROCK,10487.0,117.0,10486.0,43.0,,,10488,117,10489.0,43.0,,,10487.5,0.0
0,102700,VOLCANIC_ROCK,10484.0,107.0,10483.0,44.0,,,10486,107,10487.0,44.0,,,10485.0,0.0
0,102800,VOLCANIC_ROCK,10475.0,118.0,10474.0,50.0,,,10476,118,10477.0,50.0,,,10475.5,0.0
0,102900,VOLCANIC_ROCK,10469.0,129.0,10468.0,53.0,,,10470,129,10471.0,53.0,,,10469.5,0.0
0,103000,VOLCANIC_ROCK,10465.0,109.0,10464.0,70.0,,,10467,106,10468.0,70.0,,,10466.0,0.0
0,103100,VOLCANIC_ROCK,10465.0,120.0,10464.0,54.0,,,10466,120,10467.0,54.0,,,10465.5,0.0
0,103200,VOLCANIC_ROCK,10466.0,138.0,10465.0,71.0,,,10467,138,10468.0,71.0,,,10466.5,0.0
0,103300,VOLCANIC_ROCK,10466.0,164.0,,,,,10468,119,10469.0,45.0,,,10467.0,0.0
0,103400,VOLCANIC_ROCK,10463.0,121.0,10462.0,44.0,,,10464,121,10465.0,44.0,,,10463.5,0.0
0,103500,VOLCANIC_ROCK,10462.0,137.0,10461.0,42.0,,,10464,137,10465.0,42.0,,,10463.0,0.0
0,103600,VOLCANIC_ROCK,10463.0,146.0,10462.0,48.0,,,10465,194,,,,,10464.0,0.0
0,103700,VOLCANIC_ROCK,10467.0,111.0,10466.0,52.0,,,10468,111,10469.0,52.0,,,10467.5,0.0
0,103800,VOLCANIC_ROCK,10467.0,166.0,,,,,10469,102,10470.0,64.0,,,10468.0,0.0
0,103900,VOLCANIC_ROCK,10462.0,144.0,10461.0,41.0,,,10464,185,,,,,10463.0,0.0
0,104000,VOLCANIC_ROCK,10461.0,111.0,10460.0,41.0,,,10462,10,10463.0,111.0,10464.0,41.0,10461.5,0.0
0,104100,VOLCANIC_ROCK,10467.0,124.0,10466.0,75.0,,,10468,124,10469.0,75.0,,,10467.5,0.0
0,104200,VOLCANIC_ROCK,10467.0,148.0,10466.0,64.0,,,10468,148,10469.0,64.0,,,10467.5,0.0
0,104300,VOLCANIC_ROCK,10461.0,148.0,10460.0,40.0,,,10462,148,10463.0,40.0,,,10461.5,0.0
0,104400,VOLCANIC_ROCK,10460.0,137.0,10459.0,47.0,,,10461,137,10462.0,47.0,,,10460.5,0.0
0,104500,VOLCANIC_ROCK,10454.0,156.0,,,,,10456,106,10457.0,50.0,,,10455.0,0.0
0,104600,VOLCANIC_ROCK,10451.0,126.0,10450.0,66.0,,,10453,200,,,,,10452.0,0.0
0,104700,VOLCANIC_ROCK,10449.0,136.0,10448.0,79.0,,,10450,136,10451.0,79.0,,,10449.5,0.0
0,104800,VOLCANIC_ROCK,10450.0,102.0,10449.0,42.0,,,10451,102,10452.0,42.0,,,10450.5,0.0
0,104900,VOLCANIC_ROCK,10449.0,126.0,10448.0,79.0,,,10450,126,10451.0,79.0,,,10449.5,0.0
0,105000,VOLCANIC_ROCK,10451.0,124.0,10450.0,68.0,,,10453,192,,,,,10452.0,0.0
0,105100,VOLCANIC_ROCK,10454.0,108.0,10453.0,52.0,,,10455,114,10456.0,52.0,,,10454.5,0.0
0,105200,VOLCANIC_ROCK,10459.0,106.0,10458.0,46.0,,,10460,106,10461.0,46.0,,,10459.5,0.0
0,105300,VOLCANIC_ROCK,10457.0,100.0,10456.0,73.0,,,10459,100,10460.0,73.0,,,10458.0,0.0
0,105400,VOLCANIC_ROCK,10459.0,114.0,10458.0,49.0,,,10461,114,10462.0,49.0,,,10460.0,0.0
0,105500,VOLCANIC_ROCK,10460.0,130.0,10459.0,52.0,,,10461,130,10462.0,52.0,,,10460.5,0.0
0,105600,VOLCANIC_ROCK,10455.0,119.0,10454.0,41.0,,,10457,119,10458.0,41.0,,,10456.0,0.0
0,105700,VOLCANIC_ROCK,10455.0,139.0,10454.0,58.0,,,10456,139,10457.0,58.0,,,10455.5,0.0
0,105800,VOLCANIC_ROCK,10459.0,127.0,10458.0,67.0,,,10460,127,10461.0,67.0,,,10459.5,0.0
0,105900,VOLCANIC_ROCK,10458.0,177.0,,,,,10460,132,10461.0,45.0,,,10459.0,0.0
0,106000,VOLCANIC_ROCK,10458.0,142.0,,,,,10460,100,10461.0,42.0,,,10459.0,0.0
0,106100,VOLCANIC_ROCK,10460.0,130.0,10459.0,41.0,,,10462,171,,,,,10461.0,0.0
0,106200,VOLCANIC_ROCK,10459.0,212.0,,,,,10461,136,10462.0,76.0,,,10460.0,0.0
0,106300,VOLCANIC_ROCK,10456.0,114.0,10455.0,77.0,,,10457,114,10458.0,77.0,,,10456.5,0.0
0,106400,VOLCANIC_ROCK,10449.0,148.0,10448.0,61.0,,,10450,148,10451.0,61.0,,,10449.5,0.0
0,106500,VOLCANIC_ROCK,10451.0,126.0,10450.0,75.0,,,10453,201,,,,,10452.0,0.0
0,106600,VOLCANIC_ROCK,10453.0,136.0,10452.0,45.0,,,10455,136,10456.0,45.0,,,10454.0,0.0
0,106700,VOLCANIC_ROCK,10454.0,117.0,10453.0,50.0,,,10455,117,10456.0,50.0,,,10454.5,0.0
0,106800,VOLCANIC_ROCK,10452.0,154.0,,,,,10454,108,10455.0,46.0,,,10453.0,0.0
0,106900,VOLCANIC_ROCK,10454.0,123.0,10453.0,41.0,,,10456,164,,,,,10455.0,0.0
0,107000,VOLCANIC_ROCK,10452.0,113.0,10451.0,51.0,,,10453,113,10454.0,51.0,,,10452.5,0.0
0,107100,VOLCANIC_ROCK,10454.0,110.0,10453.0,76.0,,,10456,186,,,,,10455.0,0.0
0,107200,VOLCANIC_ROCK,10453.0,141.0,10452.0,76.0,,,10454,148,10455.0,76.0,,,10453.5,0.0
0,107300,VOLCANIC_ROCK,10454.0,124.0,10453.0,58.0,,,10455,124,10456.0,58.0,,,10454.5,0.0
0,107400,VOLCANIC_ROCK,10450.0,155.0,,,,,10452,101,10453.0,54.0,,,10451.0,0.0
0,107500,VOLCANIC_ROCK,10453.0,141.0,10452.0,59.0,,,10454,141,10455.0,59.0,,,10453.5,0.0
0,107600,VOLCANIC_ROCK,10455.0,122.0,10454.0,73.0,,,10456,122,10457.0,73.0,,,10455.5,0.0
0,107700,VOLCANIC_ROCK,10451.0,146.0,10450.0,57.0,,,10452,146,10453.0,57.0,,,10451.5,0.0
0,107800,VOLCANIC_ROCK,10458.0,149.0,10457.0,64.0,,,10460,149,10461.0,64.0,,,10459.0,0.0
0,107900,VOLCANIC_ROCK,10457.0,106.0,10456.0,70.0,,,10458,106,10459.0,70.0,,,10457.5,0.0
0,108000,VOLCANIC_ROCK,10457.0,112.0,10456.0,69.0,,,10458,112,10459.0,69.0,,,10457.5,0.0
0,108100,VOLCANIC_ROCK,10453.0,208.0,,,,,10455,142,10456.0,66.0,,,10454.0,0.0
0,108200,VOLCANIC_ROCK,10455.0,199.0,,,,,10456,9,10457.0,138.0,10458.0,61.0,10455.5,0.0
0,108300,VOLCANIC_ROCK,10453.0,196.0,,,,,10455,117,10456.0,79.0,,,10454.0,0.0
0,108400,VOLCANIC_ROCK,10452.0,104.0,10451.0,73.0,,,10454,177,,,,,10453.0,0.0
0,108500,VOLCANIC_ROCK,10450.0,103.0,10449.0,49.0,,,10452,152,,,,,10451.0,0.0
0,108600,VOLCANIC_ROCK,10453.0,125.0,10452.0,48.0,,,10454,125,10455.0,48.0,,,10453.5,0.0
0,108700,VOLCANIC_ROCK,10451.0,120.0,10450.0,52.0,,,10452,120,10453.0,52.0,,,10451.5,0.0
0,108800,VOLCANIC_ROCK,10451.0,161.0,,,,,10453,108,10454.0,53.0,,,10452.0,0.0
0,108900,VOLCANIC_ROCK,10455.0,140.0,10454.0,66.0,,,10456,140,10457.0,66.0,,,10455.5,0.0
0,109000,VOLCANIC_ROCK,10452.0,102.0,10451.0,77.0,,,10454,103,10455.0,77.0,,,10453.0,0.0
0,109100,VOLCANIC_ROCK,10454.0,128.0,10453.0,72.0,,,10455,128,10456.0,72.0,,,10454.5,0.0
0,109200,VOLCANIC_ROCK,10458.0,111.0,10457.0,62.0,,,10459,111,10460.0,62.0,,,10458.5,0.0
0,109300,VOLCANIC_ROCK,10457.0,195.0,,,,,10459,131,10460.0,64.0,,,10458.0,0.0
0,109400,VOLCANIC_ROCK,10460.0,133.0,10459.0,60.0,,,10461,133,10462.0,60.0,,,10460.5,0.0
0,109500,VOLCANIC_ROCK,10464.0,117.0,10463.0,43.0,,,10465,117,10466.0,43.0,,,10464.5,0.0
0,109600,VOLCANIC_ROCK,10462.0,188.0,,,,,10464,115,10465.0,73.0,,,10463.0,0.0
0,109700,VOLCANIC_ROCK,10457.0,120.0,10456.0,58.0,,,10458,120,10459.0,58.0,,,10457.5,0.0
0,109800,VOLCANIC_ROCK,10456.0,199.0,,,,,10458,141,10459.0,58.0,,,10457.0,0.0
0,109900,VOLCANIC_ROCK,10451.0,180.0,,,,,10453,113,10454.0,67.0,,,10452.0,0.0
0,110000,VOLCANIC_ROCK,10452.0,189.0,,,,,10454,109,10455.0,80.0,,,10453.0,0.0
0,110100,VOLCANIC_ROCK,10454.0,140.0,10453.0,55.0,,,10455,140,10456.0,55.0,,,10454.5,0.0
0,110200,VOLCANIC_ROCK,10455.0,122.0,10454.0,70.0,,,10457,122,10458.0,70.0,,,10456.0,0.0
0,110300,VOLCANIC_ROCK,10460.0,140.0,10459.0,70.0,,,10462,210,,,,,10461.0,0.0
0,110400,VOLCANIC_ROCK,10458.0,121.0,10457.0,56.0,,,10459,121,10460.0,56.0,,,10458.5,0.0
0,110500,VOLCANIC_ROCK,10459.0,107.0,10458.0,41.0,,,10460,107,10461.0,41.0,,,10459.5,0.0
0,110600,VOLCANIC_ROCK,10457.0,147.0,10456.0,66.0,,,10459,147,10460.0,66.0,,,10458.0,0.0
0,110700,VOLCANIC_ROCK,10457.0,124.0,10456.0,76.0,,,10459,200,,,,,10458.0,0.0
0,110800,VOLCANIC_ROCK,10453.0,127.0,10452.0,50.0,,,10454,127,10455.0,50.0,,,10453.5,0.0
0,110900,VOLCANIC_ROCK,10457.0,126.0,10456.0,68.0,,,10458,126,10459.0,68.0,,,10457.5,0.0
0,111000,VOLCANIC_ROCK,10456.0,179.0,,,,,10458,115,10459.0,64.0,,,10457.0,0.0
0,111100,VOLCANIC_ROCK,10455.0,128.0,10454.0,62.0,,,10456,128,10457.0,62.0,,,10455.5,0.0
0,111200,VOLCANIC_ROCK,10452.0,190.0,,,,,10453,5,10454.0,119.0,10455.0,71.0,10452.5,0.0
0,111300,VOLCANIC_ROCK,10456.0,104.0,10455.0,54.0,,,10457,104,10458.0,54.0,,,10456.5,0.0
0,111400,VOLCANIC_ROCK,10461.0,116.0,10460.0,66.0,,,10462,116,10463.0,66.0,,,10461.5,0.0
0,111500,VOLCANIC_ROCK,10470.0,140.0,,,,,10472,100,10473.0,40.0,,,10471.0,0.0
0,111600,VOLCANIC_ROCK,10468.0,211.0,,,,,10470,141,10471.0,70.0,,,10469.0,0.0
0,111700,VOLCANIC_ROCK,10467.0,125.0,10466.0,63.0,,,10469,188,,,,,10468.0,0.0
0,111800,VOLCANIC_ROCK,10466.0,100.0,10465.0,43.0,,,10467,100,10468.0,43.0,,,10466.5,0.0
0,111900,VOLCANIC_ROCK,10466.0,126.0,10465.0,40.0,,,10467,126,10468.0,40.0,,,10466.5,0.0
0,112000,VOLCANIC_ROCK,10461.0,107.0,10460.0,72.0,,,10462,107,10463.0,72.0,,,10461.5,0.0
0,112100,VOLCANIC_ROCK,10461.0,126.0,10460.0,77.0,,,10462,126,10463.0,77.0,,,10461.5,0.0
0,112200,VOLCANIC_ROCK,10462.0,205.0,,,,,10463,10,10464.0,148.0,10465.0,57.0,10462.5,0.0
0,112300,VOLCANIC_ROCK,10465.0,181.0,,,,,10467,135,10468.0,46.0,,,10466.0,0.0
0,112400,VOLCANIC_ROCK,10466.0,138.0,10465.0,62.0,,,10467,138,10468.0,62.0,,,10466.5,0.0
0,112500,VOLCANIC_ROCK,10467.0,110.0,10466.0,51.0,,,10469,161,,,,,10468.0,0.0
0,112600,VOLCANIC_ROCK,10468.0,102.0,10467.0,78.0,,,10469,102,10470.0,78.0,,,10468.5,0.0
0,112700,VOLCANIC_ROCK,10467.0,102.0,10466.0,60.0,,,10468,102,10469.0,60.0,,,10467.5,0.0
0,112800,VOLCANIC_ROCK,10464.0,136.0,10463.0,69.0,,,10465,136,10466.0,69.0,,,10464.5,0.0
0,112900,VOLCANIC_ROCK,10464.0,141.0,10463.0,59.0,,,10465,141,10466.0,59.0,,,10464.5,0.0
0,113000,VOLCANIC_ROCK,10465.0,101.0,10464.0,47.0,,,10466,101,10467.0,47.0,,,10465.5,0.0
0,113100,VOLCANIC_ROCK,10467.0,131.0,10466.0,52.0,,,10468,131,10469.0,52.0,,,10467.5,0.0
0,113200,VOLCANIC_ROCK,10470.0,119.0,10469.0,76.0,,,10471,119,10472.0,76.0,,,10470.5,0.0
0,113300,VOLCANIC_ROCK,10471.0,197.0,,,,,10473,120,10474.0,77.0,,,10472.0,0.0
0,113400,VOLCANIC_ROCK,10471.0,141.0,10470.0,62.0,,,10472,141,10473.0,62.0,,,10471.5,0.0
0,113500,VOLCANIC_ROCK,10469.0,104.0,10468.0,50.0,,,10471,154,,,,,10470.0,0.0
0,113600,VOLCANIC_ROCK,10471.0,173.0,,,,,10473,122,10474.0,51.0,,,10472.0,0.0
0,113700,VOLCANIC_ROCK,10472.0,155.0,10471.0,46.0,,,10473,147,10474.0,46.0,,,10472.5,0.0
0,113800,VOLCANIC_ROCK,10473.0,147.0,10472.0,40.0,,,10474,147,10475.0,40.0,,,10473.5,0.0
0,113900,VOLCANIC_ROCK,10473.0,111.0,10472.0,78.0,,,10474,111,10475.0,78.0,,,10473.5,0.0
0,114000,VOLCANIC_ROCK,10472.0,134.0,10471.0,51.0,,,10474,134,10475.0,51.0,,,10473.0,0.0
0,114100,VOLCANIC_ROCK,10478.0,146.0,10477.0,79.0,,,10480,225,,,,,10479.0,0.0
0,114200,VOLCANIC_ROCK,10480.0,198.0,,,,,10482,122,10483.0,76.0,,,10481.0,0.0
0,114300,VOLCANIC_ROCK,10479.0,147.0,10478.0,72.0,,,10480,147,10481.0,72.0,,,10479.5,0.0
0,114400,VOLCANIC_ROCK,10478.0,136.0,10477.0,61.0,,,10479,136,10480.0,61.0,,,10478.5,0.0
0,114500,VOLCANIC_ROCK,10479.0,130.0,10478.0,45.0,,,10480,130,10481.0,45.0,,,10479.5,0.0
0,114600,VOLCANIC_ROCK,10477.0,176.0,,,,,10479,110,10480.0,66.0,,,10478.0,0.0
0,114700,VOLCANIC_ROCK,10476.0,127.0,10475.0,41.0,,,10478,168,,,,,10477.0,0.0
0,114800,VOLCANIC_ROCK,10477.0,148.0,10476.0,75.0,,,10478,148,10479.0,75.0,,,10477.5,0.0
0,114900,VOLCANIC_ROCK,10481.0,108.0,10480.0,53.0,,,10483,161,,,,,10482.0,0.0
0,115000,VOLCANIC_ROCK,10478.0,133.0,10477.0,55.0,,,10479,133,10480.0,55.0,,,10478.5,0.0
0,115100,VOLCANIC_ROCK,10477.0,219.0,,,,,10479,146,10480.0,73.0,,,10478.0,0.0
0,115200,VOLCANIC_ROCK,10478.0,165.0,,,,,10480,121,10481.0,44.0,,,10479.0,0.0
0,115300,VOLCANIC_ROCK,10475.0,114.0,10474.0,78.0,,,10476,114,10477.0,78.0,,,10475.5,0.0
0,115400,VOLCANIC_ROCK,10479.0,107.0,10478.0,69.0,,,10480,113,10481.0,69.0,,,10479.5,0.0
0,115500,VOLCANIC_ROCK,10479.0,140.0,10478.0,80.0,,,10480,140,10481.0,80.0,,,10479.5,0.0
0,115600,VOLCANIC_ROCK,10482.0,130.0,10481.0,76.0,,,10484,130,10485.0,76.0,,,10483.0,0.0
0,115700,VOLCANIC_ROCK,10481.0,111.0,10480.0,49.0,,,10483,160,,,,,10482.0,0.0
0,115800,VOLCANIC_ROCK,10482.0,131.0,10481.0,49.0,,,10484,131,10485.0,49.0,,,10483.0,0.0
0,115900,VOLCANIC_ROCK,10486.0,147.0,10485.0,72.0,,,10487,147,10488.0,72.0,,,10486.5,0.0
0,116000,VOLCANIC_ROCK,10483.0,100.0,10482.0,42.0,,,10484,100,10485.0,42.0,,,10483.5,0.0
0,116100,VOLCANIC_ROCK,10482.0,226.0,,,,,10484,150,10485.0,76.0,,,10483.0,0.0
0,116200,VOLCANIC_ROCK,10481.0,118.0,10480.0,64.0,,,10483,118,10484.0,64.0,,,10482.0,0.0
0,116300,VOLCANIC_ROCK,10482.0,115.0,10481.0,54.0,,,10483,115,10484.0,54.0,,,10482.5,0.0
0,116400,VOLCANIC_ROCK,10481.0,110.0,10480.0,55.0,,,10482,110,10483.0,55.0,,,10481.5,0.0
0,116500,VOLCANIC_ROCK,10479.0,110.0,10478.0,77.0,,,10480,110,10481.0,77.0,,,10479.5,0.0
0,116600,VOLCANIC_ROCK,10474.0,112.0,10473.0,54.0,,,10475,112,10476.0,54.0,,,10474.5,0.0
0,116700,VOLCANIC_ROCK,10476.0,194.0,,,,,10478,123,10479.0,71.0,,,10477.0,0.0
0,116800,VOLCANIC_ROCK,10476.0,189.0,,,,,10477,10,10478.0,125.0,10479.0,64.0,10476.5,0.0
0,116900,VOLCANIC_ROCK,10479.0,120.0,10478.0,57.0,,,10480,120,10481.0,57.0,,,10479.5,0.0
0,117000,VOLCANIC_ROCK,10476.0,131.0,10475.0,58.0,,,10477,131,10478.0,58.0,,,10476.5,0.0
0,117100,VOLCANIC_ROCK,10478.0,103.0,10477.0,59.0,,,10480,162,,,,,10479.0,0.0
0,117200,VOLCANIC_ROCK,10476.0,100.0,10475.0,72.0,,,10477,100,10478.0,72.0,,,10476.5,0.0
0,117300,VOLCANIC_ROCK,10474.0,124.0,10473.0,42.0,,,10475,124,10476.0,42.0,,,10474.5,0.0
0,117400,VOLCANIC_ROCK,10469.0,101.0,10468.0,47.0,,,10470,101,10471.0,47.0,,,10469.5,0.0
0,117500,VOLCANIC_ROCK,10471.0,149.0,10470.0,52.0,,,10473,149,10474.0,52.0,,,10472.0,0.0
0,117600,VOLCANIC_ROCK,10469.0,201.0,,,,,10471,128,10472.0,73.0,,,10470.0,0.0
0,117700,VOLCANIC_ROCK,10461.0,137.0,10460.0,51.0,,,10462,137,10463.0,51.0,,,10461.5,0.0
0,117800,VOLCANIC_ROCK,10461.0,134.0,10460.0,48.0,,,10462,144,10463.0,48.0,,,10461.5,0.0
0,117900,VOLCANIC_ROCK,10463.0,123.0,10462.0,77.0,,,10464,123,10465.0,77.0,,,10463.5,0.0
0,118000,VOLCANIC_ROCK,10464.0,103.0,10463.0,66.0,,,10466,103,10467.0,66.0,,,10465.0,0.0
0,118100,VOLCANIC_ROCK,10460.0,109.0,10459.0,46.0,,,10461,109,10462.0,46.0,,,10460.5,0.0
0,118200,VOLCANIC_ROCK,10460.0,130.0,10459.0,78.0,,,10462,200,,,,,10461.0,0.0
0,118300,VOLCANIC_ROCK,10464.0,126.0,10463.0,49.0,,,10465,126,10466.0,49.0,,,10464.5,0.0
0,118400,VOLCANIC_ROCK,10467.0,118.0,10466.0,46.0,,,10469,118,10470.0,46.0,,,10468.0,0.0
0,118500,VOLCANIC_ROCK,10464.0,155.0,,,,,10466,103,10467.0,52.0,,,10465.0,0.0
0,118600,VOLCANIC_ROCK,10467.0,118.0,10466.0,72.0,,,10469,197,,,,,10468.0,0.0
0,118700,VOLCANIC_ROCK,10464.0,118.0,10463.0,47.0,,,10465,118,10466.0,47.0,,,10464.5,0.0
0,118800,VOLCANIC_ROCK,10474.0,150.0,10473.0,52.0,,,10475,150,10476.0,52.0,,,10474.5,0.0
0,118900,VOLCANIC_ROCK,10471.0,102.0,10470.0,51.0,,,10472,102,10473.0,51.0,,,10471.5,0.0
0,119000,VOLCANIC_ROCK,10470.0,145.0,10469.0,48.0,,,10472,145,10473.0,48.0,,,10471.0,0.0
0,119100,VOLCANIC_ROCK,10472.0,125.0,10471.0,70.0,,,10474,202,,,,,10473.0,0.0
0,119200,VOLCANIC_ROCK,10476.0,188.0,,,,,10478,133,10479.0,55.0,,,10477.0,0.0
0,119300,VOLCANIC_ROCK,10483.0,100.0,10482.0,59.0,,,10484,100,10485.0,59.0,,,10483.5,0.0
