day,timestamp,product,bid_price_1,bid_volume_1,bid_price_2,bid_volume_2,bid_price_3,bid_volume_3,ask_price_1,ask_volume_1,ask_price_2,ask_volume_2,ask_price_3,ask_volume_3,mid_price,profit_and_loss
2,0,VOLCANIC_ROCK_VOUCHER_9500,718.0,11.0,,,,,719,11,,,,,718.5,0.0
2,100,VOLCANIC_ROCK_VOUCHER_9500,717.0,19.0,,,,,719,19,,,,,718.0,0.0
2,200,VOLCANIC_ROCK_VOUCHER_9500,722.0,15.0,,,,,723,15,,,,,722.5,0.0
2,300,VOLCANIC_ROCK_VOUCHER_9500,723.0,16.0,,,,,724,16,,,,,723.5,0.0
2,400,VOLCANIC_ROCK_VOUCHER_9500,717.0,16.0,,,,,718,16,,,,,717.5,0.0
2,500,VOLCANIC_ROCK_VOUCHER_9500,716.0,14.0,,,,,718,14,,,,,717.0,0.0
2,600,VOLCANIC_ROCK_VOUCHER_9500,715.0,26.0,,,,,716,14,,,,,715.5,0.0
2,700,VOLCANIC_ROCK_VOUCHER_9500,719.0,12.0,,,,,720,12,,,,,719.5,0.0
2,800,VOLCANIC_ROCK_VOUCHER_9500,721.0,11.0,,,,,722,11,,,,,721.5,0.0
2,900,VOLCANIC_ROCK_VOUCHER_9500,717.0,14.0,,,,,718,14,,,,,717.5,0.0
2,1000,VOLCANIC_ROCK_VOUCHER_9500,717.0,20.0,,,,,718,20,,,,,717.5,0.0
2,1100,VOLCANIC_ROCK_VOUCHER_9500,717.0,21.0,,,,,718,21,,,,,717.5,0.0
2,1200,VOLCANIC_ROCK_VOUCHER_9500,716.0,13.0,,,,,717,13,,,,,716.5,0.0
2,1300,VOLCANIC_ROCK_VOUCHER_9500,717.0,10.0,,,,,718,10,,,,,717.5,0.0
2,1400,VOLCANIC_ROCK_VOUCHER_9500,718.0,18.0,,,,,719,18,,,,,718.5,0.0
2,1500,VOLCANIC_ROCK_VOUCHER_9500,718.0,18.0,,,,,719,18,,,,,718.5,0.0
2,1600,VOLCANIC_ROCK_VOUCHER_9500,719.0,13.0,,,,,721,13,,,,,720.0,0.0
2,1700,VOLCANIC_ROCK_VOUCHER_9500,717.0,29.0,,,,,718,18,,,,,717.5,0.0
2,1800,VOLCANIC_ROCK_VOUCHER_9500,719.0,17.0,,,,,720,17,,,,,719.5,0.0
2,1900,VOLCANIC_ROCK_VOUCHER_9500,724.0,13.0,,,,,725,2,726.0,11.0,,,724.5,0.0
2,2000,VOLCANIC_ROCK_VOUCHER_9500,723.0,11.0,,,,,724,11,,,,,723.5,0.0
2,2100,VOLCANIC_ROCK_VOUCHER_9500,724.0,16.0,,,,,725,16,,,,,724.5,0.0
2,2200,VOLCANIC_ROCK_VOUCHER_9500,724.0,14.0,,,,,725,14,,,,,724.5,0.0
2,2300,VOLCANIC_ROCK_VOUCHER_9500,724.0,31.0,,,,,725,19,,,,,724.5,0.0
2,2400,VOLCANIC_ROCK_VOUCHER_9500,719.0,17.0,,,,,720,17,,,,,719.5,0.0
2,2500,VOLCANIC_ROCK_VOUCHER_9500,721.0,11.0,,,,,722,11,,,,,721.5,0.0
2,2600,VOLCANIC_ROCK_VOUCHER_9500,721.0,11.0,,,,,722,11,,,,,721.5,0.0
2,2700,VOLCANIC_ROCK_VOUCHER_9500,720.0,13.0,,,,,721,13,,,,,720.5,0.0
2,2800,VOLCANIC_ROCK_VOUCHER_9500,721.0,12.0,,,,,722,12,,,,,721.5,0.0
2,2900,VOLCANIC_ROCK_VOUCHER_9500,723.0,17.0,,,,,724,17,,,,,723.5,0.0
2,3000,VOLCANIC_ROCK_VOUCHER_9500,728.0,12.0,,,,,729,12,,,,,728.5,0.0
2,3100,VOLCANIC_ROCK_VOUCHER_9500,726.0,18.0,,,,,727,18,,,,,726.5,0.0
2,3200,VOLCANIC_ROCK_VOUCHER_9500,723.0,13.0,,,,,724,13,,,,,723.5,0.0
2,3300,VOLCANIC_ROCK_VOUCHER_9500,724.0,14.0,,,,,725,14,,,,,724.5,0.0
2,3400,VOLCANIC_ROCK_VOUCHER_9500,720.0,20.0,,,,,721,20,,,,,720.5,0.0
2,3500,VOLCANIC_ROCK_VOUCHER_9500,,,,,,,722,4,723.0,16.0,,,722.0,0.0
2,3600,VOLCANIC_ROCK_VOUCHER_9500,721.0,15.0,,,,,722,15,,,,,721.5,0.0
2,3700,VOLCANIC_ROCK_VOUCHER_9500,721.0,17.0,,,,,722,17,,,,,721.5,0.0
2,3800,VOLCANIC_ROCK_VOUCHER_9500,717.0,12.0,,,,,719,12,,,,,718.0,0.0
2,3900,VOLCANIC_ROCK_VOUCHER_9500,717.0,13.0,,,,,719,13,,,,,718.0,0.0
2,4000,VOLCANIC_ROCK_VOUCHER_9500,718.0,33.0,,,,,719,18,,,,,718.5,0.0
2,4100,VOLCANIC_ROCK_VOUCHER_9500,717.0,19.0,,,,,718,12,,,,,717.5,0.0
2,4200,VOLCANIC_ROCK_VOUCHER_9500,714.0,15.0,,,,,715,22,,,,,714.5,0.0
2,4300,VOLCANIC_ROCK_VOUCHER_9500,714.0,19.0,,,,,715,19,,,,,714.5,0.0
2,4400,VOLCANIC_ROCK_VOUCHER_9500,716.0,16.0,,,,,717,16,,,,,716.5,0.0
2,4500,VOLCANIC_ROCK_VOUCHER_9500,715.0,11.0,,,,,716,11,,,,,715.5,0.0
2,4600,VOLCANIC_ROCK_VOUCHER_9500,715.0,13.0,,,,,716,13,,,,,715.5,0.0
2,4700,VOLCANIC_ROCK_VOUCHER_9500,714.0,19.0,,,,,715,19,,,,,714.5,0.0
2,4800,VOLCANIC_ROCK_VOUCHER_9500,716.0,18.0,,,,,717,18,,,,,716.5,0.0
2,4900,VOLCANIC_ROCK_VOUCHER_9500,716.0,17.0,,,,,717,17,,,,,716.5,0.0
2,5000,VOLCANIC_ROCK_VOUCHER_9500,716.0,18.0,,,,,717,18,,,,,716.5,0.0
2,5100,VOLCANIC_ROCK_VOUCHER_9500,715.0,14.0,,,,,716,14,,,,,715.5,0.0
2,5200,VOLCANIC_ROCK_VOUCHER_9500,717.0,14.0,,,,,719,14,,,,,718.0,0.0
2,5300,VOLCANIC_ROCK_VOUCHER_9500,718.0,12.0,,,,,719,12,,,,,718.5,0.0
2,5400,VOLCANIC_ROCK_VOUCHER_9500,720.0,15.0,,,,,721,15,,,,,720.5,0.0
2,5500,VOLCANIC_ROCK_VOUCHER_9500,721.0,19.0,,,,,722,19,,,,,721.5,0.0
2,5600,VOLCANIC_ROCK_VOUCHER_9500,722.0,17.0,,,,,723,17,,,,,722.5,0.0
2,5700,VOLCANIC_ROCK_VOUCHER_9500,721.0,20.0,,,,,722,20,,,,,721.5,0.0
2,5800,VOLCANIC_ROCK_VOUCHER_9500,721.0,17.0,,,,,722,17,,,,,721.5,0.0
2,5900,VOLCANIC_ROCK_VOUCHER_9500,723.0,16.0,,,,,724,16,,,,,723.5,0.0
2,6000,VOLCANIC_ROCK_VOUCHER_9500,724.0,20.0,,,,,726,20,,,,,725.0,0.0
2,6100,VOLCANIC_ROCK_VOUCHER_9500,724.0,14.0,,,,,725,14,,,,,724.5,0.0
2,6200,VOLCANIC_ROCK_VOUCHER_9500,726.0,30.0,,,,,727,15,,,,,726.5,0.0
2,6300,VOLCANIC_ROCK_VOUCHER_9500,728.0,15.0,,,,,729,15,,,,,728.5,0.0
2,6400,VOLCANIC_ROCK_VOUCHER_9500,726.0,20.0,,,,,727,20,,,,,726.5,0.0
2,6500,VOLCANIC_ROCK_VOUCHER_9500,728.0,15.0,,,,,729,15,,,,,728.5,0.0
2,6600,VOLCANIC_ROCK_VOUCHER_9500,728.0,13.0,,,,,729,13,,,,,728.5,0.0
2,6700,VOLCANIC_ROCK_VOUCHER_9500,726.0,14.0,,,,,727,14,,,,,726.5,0.0
2,6800,VOLCANIC_ROCK_VOUCHER_9500,725.0,16.0,,,,,727,16,,,,,726.0,0.0
2,6900,VOLCANIC_ROCK_VOUCHER_9500,724.0,16.0,,,,,725,16,,,,,724.5,0.0
2,7000,VOLCANIC_ROCK_VOUCHER_9500,724.0,17.0,,,,,726,17,,,,,725.0,0.0
2,7100,VOLCANIC_ROCK_VOUCHER_9500,726.0,27.0,,,,,727,20,,,,,726.5,0.0
2,7200,VOLCANIC_ROCK_VOUCHER_9500,728.0,21.0,,,,,729,10,,,,,728.5,0.0
2,7300,VOLCANIC_ROCK_VOUCHER_9500,729.0,16.0,,,,,730,16,,,,,729.5,0.0
2,7400,VOLCANIC_ROCK_VOUCHER_9500,727.0,12.0,,,,,728,12,,,,,727.5,0.0
2,7500,VOLCANIC_ROCK_VOUCHER_9500,729.0,11.0,,,,,730,11,,,,,729.5,0.0
2,7600,VOLCANIC_ROCK_VOUCHER_9500,727.0,2.0,,,,,728,15,,,,,727.5,0.0
2,7700,VOLCANIC_ROCK_VOUCHER_9500,728.0,12.0,,,,,729,12,,,,,728.5,0.0
2,7800,VOLCANIC_ROCK_VOUCHER_9500,728.0,11.0,,,,,730,11,,,,,729.0,0.0
2,7900,VOLCANIC_ROCK_VOUCHER_9500,732.0,1.0,731.0,12.0,,,733,13,,,,,732.5,0.0
2,8000,VOLCANIC_ROCK_VOUCHER_9500,730.0,17.0,,,,,731,17,,,,,730.5,0.0
2,8100,VOLCANIC_ROCK_VOUCHER_9500,731.0,12.0,,,,,732,12,,,,,731.5,0.0
2,8200,VOLCANIC_ROCK_VOUCHER_9500,732.0,14.0,,,,,733,14,,,,,732.5,0.0
2,8300,VOLCANIC_ROCK_VOUCHER_9500,731.0,6.0,730.0,15.0,,,732,15,,,,,731.5,0.0
2,8400,VOLCANIC_ROCK_VOUCHER_9500,730.0,15.0,,,,,731,15,,,,,730.5,0.0
2,8500,VOLCANIC_ROCK_VOUCHER_9500,731.0,11.0,,,,,732,11,,,,,731.5,0.0
2,8600,VOLCANIC_ROCK_VOUCHER_9500,729.0,15.0,,,,,730,15,,,,,729.5,0.0
2,8700,VOLCANIC_ROCK_VOUCHER_9500,728.0,14.0,,,,,729,14,,,,,728.5,0.0
2,8800,VOLCANIC_ROCK_VOUCHER_9500,728.0,16.0,,,,,729,16,,,,,728.5,0.0
2,8900,VOLCANIC_ROCK_VOUCHER_9500,728.0,14.0,,,,,729,14,,,,,728.5,0.0
2,9000,VOLCANIC_ROCK_VOUCHER_9500,728.0,20.0,,,,,729,20,,,,,728.5,0.0
2,9100,VOLCANIC_ROCK_VOUCHER_9500,728.0,14.0,,,,,730,14,,,,,729.0,0.0
2,9200,VOLCANIC_ROCK_VOUCHER_9500,727.0,17.0,,,,,728,17,,,,,727.5,0.0
2,9300,VOLCANIC_ROCK_VOUCHER_9500,725.0,14.0,,,,,726,14,,,,,725.5,0.0
2,9400,VOLCANIC_ROCK_VOUCHER_9500,,,,,,,722,4,724.0,10.0,,,722.0,0.0
2,9500,VOLCANIC_ROCK_VOUCHER_9500,724.0,14.0,,,,,725,14,,,,,724.5,0.0
2,9600,VOLCANIC_ROCK_VOUCHER_9500,721.0,12.0,,,,,723,12,,,,,722.0,0.0
2,9700,VOLCANIC_ROCK_VOUCHER_9500,725.0,20.0,,,,,726,20,,,,,725.5,0.0
2,9800,VOLCANIC_ROCK_VOUCHER_9500,722.0,11.0,,,,,723,11,,,,,722.5,0.0
2,9900,VOLCANIC_ROCK_VOUCHER_9500,724.0,22.0,,,,,725,22,,,,,724.5,0.0
2,10000,VOLCANIC_ROCK_VOUCHER_9500,724.0,14.0,,,,,725,14,,,,,724.5,0.0
2,10100,VOLCANIC_ROCK_VOUCHER_9500,723.0,12.0,,,,,724,12,,,,,723.5,0.0
2,10200,VOLCANIC_ROCK_VOUCHER_9500,723.0,22.0,,,,,724,22,,,,,723.5,0.0
2,10300,VOLCANIC_ROCK_VOUCHER_9500,718.0,18.0,,,,,720,18,,,,,719.0,0.0
2,10400,VOLCANIC_ROCK_VOUCHER_9500,719.0,18.0,,,,,720,18,,,,,719.5,0.0
2,10500,VOLCANIC_ROCK_VOUCHER_9500,714.0,20.0,,,,,715,20,,,,,714.5,0.0
2,10600,VOLCANIC_ROCK_VOUCHER_9500,714.0,20.0,,,,,715,20,,,,,714.5,0.0
2,10700,VOLCANIC_ROCK_VOUCHER_9500,715.0,13.0,,,,,716,13,,,,,715.5,0.0
2,10800,VOLCANIC_ROCK_VOUCHER_9500,714.0,20.0,,,,,715,20,,,,,714.5,0.0
2,10900,VOLCANIC_ROCK_VOUCHER_9500,714.0,14.0,,,,,715,14,,,,,714.5,0.0
2,11000,VOLCANIC_ROCK_VOUCHER_9500,714.0,11.0,,,,,715,11,,,,,714.5,0.0
2,11100,VOLCANIC_ROCK_VOUCHER_9500,714.0,16.0,,,,,715,16,,,,,714.5,0.0
2,11200,VOLCANIC_ROCK_VOUCHER_9500,715.0,21.0,,,,,716,21,,,,,715.5,0.0
2,11300,VOLCANIC_ROCK_VOUCHER_9500,712.0,13.0,,,,,713,13,,,,,712.5,0.0
2,11400,VOLCANIC_ROCK_VOUCHER_9500,711.0,12.0,,,,,712,12,,,,,711.5,0.0
2,11500,VOLCANIC_ROCK_VOUCHER_9500,710.0,33.0,,,,,711,16,,,,,710.5,0.0
2,11600,VOLCANIC_ROCK_VOUCHER_9500,708.0,18.0,,,,,710,18,,,,,709.0,0.0
2,11700,VOLCANIC_ROCK_VOUCHER_9500,707.0,16.0,,,,,709,16,,,,,708.0,0.0
2,11800,VOLCANIC_ROCK_VOUCHER_9500,708.0,13.0,,,,,709,13,,,,,708.5,0.0
2,11900,VOLCANIC_ROCK_VOUCHER_9500,710.0,13.0,,,,,711,13,,,,,710.5,0.0
2,12000,VOLCANIC_ROCK_VOUCHER_9500,711.0,13.0,,,,,712,13,,,,,711.5,0.0
2,12100,VOLCANIC_ROCK_VOUCHER_9500,705.0,11.0,,,,,707,11,,,,,706.0,0.0
2,12200,VOLCANIC_ROCK_VOUCHER_9500,706.0,13.0,,,,,707,13,,,,,706.5,0.0
2,12300,VOLCANIC_ROCK_VOUCHER_9500,702.0,12.0,,,,,703,12,,,,,702.5,0.0
2,12400,VOLCANIC_ROCK_VOUCHER_9500,700.0,21.0,,,,,701,21,,,,,700.5,0.0
2,12500,VOLCANIC_ROCK_VOUCHER_9500,699.0,2.0,,,,,700,20,,,,,699.5,0.0
2,12600,VOLCANIC_ROCK_VOUCHER_9500,699.0,12.0,,,,,700,12,,,,,699.5,0.0
2,12700,VOLCANIC_ROCK_VOUCHER_9500,702.0,15.0,,,,,703,15,,,,,702.5,0.0
2,12800,VOLCANIC_ROCK_VOUCHER_9500,703.0,20.0,,,,,704,20,,,,,703.5,0.0
2,12900,VOLCANIC_ROCK_VOUCHER_9500,703.0,20.0,,,,,704,20,,,,,703.5,0.0
2,13000,VOLCANIC_ROCK_VOUCHER_9500,703.0,26.0,,,,,704,19,,,,,703.5,0.0
2,13100,VOLCANIC_ROCK_VOUCHER_9500,704.0,15.0,,,,,705,15,,,,,704.5,0.0
2,13200,VOLCANIC_ROCK_VOUCHER_9500,700.0,18.0,,,,,701,18,,,,,700.5,0.0
2,13300,VOLCANIC_ROCK_VOUCHER_9500,700.0,21.0,,,,,701,21,,,,,700.5,0.0
2,13400,VOLCANIC_ROCK_VOUCHER_9500,699.0,20.0,,,,,700,20,,,,,699.5,0.0
2,13500,VOLCANIC_ROCK_VOUCHER_9500,699.0,21.0,,,,,700,21,,,,,699.5,0.0
2,13600,VOLCANIC_ROCK_VOUCHER_9500,702.0,13.0,,,,,703,13,,,,,702.5,0.0
2,13700,VOLCANIC_ROCK_VOUCHER_9500,700.0,21.0,,,,,701,21,,,,,700.5,0.0
2,13800,VOLCANIC_ROCK_VOUCHER_9500,699.0,15.0,,,,,700,15,,,,,699.5,0.0
2,13900,VOLCANIC_ROCK_VOUCHER_9500,700.0,21.0,,,,,701,21,,,,,700.5,0.0
2,14000,VOLCANIC_ROCK_VOUCHER_9500,698.0,16.0,,,,,699,16,,,,,698.5,0.0
2,14100,VOLCANIC_ROCK_VOUCHER_9500,694.0,14.0,,,,,695,14,,,,,694.5,0.0
2,14200,VOLCANIC_ROCK_VOUCHER_9500,693.0,16.0,,,,,694,16,,,,,693.5,0.0
2,14300,VOLCANIC_ROCK_VOUCHER_9500,692.0,14.0,,,,,693,14,,,,,692.5,0.0
2,14400,VOLCANIC_ROCK_VOUCHER_9500,690.0,19.0,,,,,691,19,,,,,690.5,0.0
2,14500,VOLCANIC_ROCK_VOUCHER_9500,692.0,15.0,,,,,693,15,,,,,692.5,0.0
2,14600,VOLCANIC_ROCK_VOUCHER_9500,692.0,13.0,,,,,693,13,,,,,692.5,0.0
2,14700,VOLCANIC_ROCK_VOUCHER_9500,694.0,13.0,,,,,696,13,,,,,695.0,0.0
2,14800,VOLCANIC_ROCK_VOUCHER_9500,697.0,16.0,,,,,698,16,,,,,697.5,0.0
2,14900,VOLCANIC_ROCK_VOUCHER_9500,695.0,21.0,,,,,696,21,,,,,695.5,0.0
2,15000,VOLCANIC_ROCK_VOUCHER_9500,,,,,,,697,2,698.0,17.0,,,697.0,0.0
2,15100,VOLCANIC_ROCK_VOUCHER_9500,697.0,16.0,,,,,698,16,,,,,697.5,0.0
2,15200,VOLCANIC_ROCK_VOUCHER_9500,695.0,14.0,,,,,696,14,,,,,695.5,0.0
2,15300,VOLCANIC_ROCK_VOUCHER_9500,695.0,19.0,,,,,696,19,,,,,695.5,0.0
2,15400,VOLCANIC_ROCK_VOUCHER_9500,691.0,20.0,,,,,692,20,,,,,691.5,0.0
2,15500,VOLCANIC_ROCK_VOUCHER_9500,692.0,17.0,,,,,693,17,,,,,692.5,0.0
2,15600,VOLCANIC_ROCK_VOUCHER_9500,691.0,20.0,,,,,692,20,,,,,691.5,0.0
2,15700,VOLCANIC_ROCK_VOUCHER_9500,690.0,11.0,,,,,691,11,,,,,690.5,0.0
2,15800,VOLCANIC_ROCK_VOUCHER_9500,690.0,20.0,,,,,692,20,,,,,691.0,0.0
2,15900,VOLCANIC_ROCK_VOUCHER_9500,692.0,13.0,,,,,693,13,,,,,692.5,0.0
2,16000,VOLCANIC_ROCK_VOUCHER_9500,692.0,16.0,,,,,693,16,,,,,692.5,0.0
2,16100,VOLCANIC_ROCK_VOUCHER_9500,692.0,13.0,,,,,693,13,,,,,692.5,0.0
2,16200,VOLCANIC_ROCK_VOUCHER_9500,690.0,12.0,,,,,691,12,,,,,690.5,0.0
2,16300,VOLCANIC_ROCK_VOUCHER_9500,692.0,21.0,,,,,693,21,,,,,692.5,0.0
2,16400,VOLCANIC_ROCK_VOUCHER_9500,692.0,20.0,,,,,693,20,,,,,692.5,0.0
2,16500,VOLCANIC_ROCK_VOUCHER_9500,692.0,16.0,,,,,693,16,,,,,692.5,0.0
2,16600,VOLCANIC_ROCK_VOUCHER_9500,691.0,12.0,,,,,692,12,,,,,691.5,0.0
2,16700,VOLCANIC_ROCK_VOUCHER_9500,690.0,15.0,,,,,691,15,,,,,690.5,0.0
2,16800,VOLCANIC_ROCK_VOUCHER_9500,693.0,13.0,,,,,694,13,,,,,693.5,0.0
2,16900,VOLCANIC_ROCK_VOUCHER_9500,694.0,19.0,,,,,695,19,,,,,694.5,0.0
2,17000,VOLCANIC_ROCK_VOUCHER_9500,695.0,14.0,,,,,697,14,,,,,696.0,0.0
2,17100,VOLCANIC_ROCK_VOUCHER_9500,695.0,21.0,,,,,696,21,,,,,695.5,0.0
2,17200,VOLCANIC_ROCK_VOUCHER_9500,694.0,21.0,,,,,695,21,,,,,694.5,0.0
2,17300,VOLCANIC_ROCK_VOUCHER_9500,695.0,4.0,,,,,696,13,,,,,695.5,0.0
2,17400,VOLCANIC_ROCK_VOUCHER_9500,694.0,11.0,,,,,696,11,,,,,695.0,0.0
2,17500,VOLCANIC_ROCK_VOUCHER_9500,699.0,16.0,,,,,700,16,,,,,699.5,0.0
2,17600,VOLCANIC_ROCK_VOUCHER_9500,700.0,16.0,,,,,701,16,,,,,700.5,0.0
2,17700,VOLCANIC_ROCK_VOUCHER_9500,700.0,16.0,,,,,701,16,,,,,700.5,0.0
2,17800,VOLCANIC_ROCK_VOUCHER_9500,698.0,13.0,,,,,699,13,,,,,698.5,0.0
2,17900,VOLCANIC_ROCK_VOUCHER_9500,698.0,4.0,,,,,699,18,,,,,698.5,0.0
2,18000,VOLCANIC_ROCK_VOUCHER_9500,699.0,12.0,,,,,700,12,,,,,699.5,0.0
2,18100,VOLCANIC_ROCK_VOUCHER_9500,701.0,21.0,,,,,702,21,,,,,701.5,0.0
2,18200,VOLCANIC_ROCK_VOUCHER_9500,703.0,15.0,,,,,705,15,,,,,704.0,0.0
2,18300,VOLCANIC_ROCK_VOUCHER_9500,701.0,22.0,,,,,702,22,,,,,701.5,0.0
2,18400,VOLCANIC_ROCK_VOUCHER_9500,698.0,19.0,,,,,699,19,,,,,698.5,0.0
2,18500,VOLCANIC_ROCK_VOUCHER_9500,698.0,15.0,,,,,699,15,,,,,698.5,0.0
2,18600,VOLCANIC_ROCK_VOUCHER_9500,696.0,20.0,,,,,697,20,,,,,696.5,0.0
2,18700,VOLCANIC_ROCK_VOUCHER_9500,698.0,11.0,,,,,699,11,,,,,698.5,0.0
2,18800,VOLCANIC_ROCK_VOUCHER_9500,702.0,37.0,,,,,703,17,,,,,702.5,0.0
2,18900,VOLCANIC_ROCK_VOUCHER_9500,701.0,19.0,,,,,702,19,,,,,701.5,0.0
2,19000,VOLCANIC_ROCK_VOUCHER_9500,701.0,19.0,,,,,702,19,,,,,701.5,0.0
2,19100,VOLCANIC_ROCK_VOUCHER_9500,701.0,18.0,,,,,703,18,,,,,702.0,0.0
2,19200,VOLCANIC_ROCK_VOUCHER_9500,700.0,17.0,,,,,702,17,,,,,701.0,0.0
2,19300,VOLCANIC_ROCK_VOUCHER_9500,698.0,22.0,,,,,699,2,700.0,20.0,,,698.5,0.0
2,19400,VOLCANIC_ROCK_VOUCHER_9500,701.0,3.0,,,,,702,20,,,,,701.5,0.0
2,19500,VOLCANIC_ROCK_VOUCHER_9500,703.0,15.0,,,,,704,15,,,,,703.5,0.0
2,19600,VOLCANIC_ROCK_VOUCHER_9500,703.0,19.0,,,,,704,19,,,,,703.5,0.0
2,19700,VOLCANIC_ROCK_VOUCHER_9500,702.0,19.0,,,,,703,19,,,,,702.5,0.0
2,19800,VOLCANIC_ROCK_VOUCHER_9500,704.0,16.0,,,,,705,16,,,,,704.5,0.0
2,19900,VOLCANIC_ROCK_VOUCHER_9500,704.0,20.0,,,,,705,20,,,,,704.5,0.0
2,20000,VOLCANIC_ROCK_VOUCHER_9500,704.0,18.0,,,,,705,18,,,,,704.5,0.0
2,20100,VOLCANIC_ROCK_VOUCHER_9500,702.0,13.0,,,,,703,2,704.0,11.0,,,702.5,0.0
2,20200,VOLCANIC_ROCK_VOUCHER_9500,703.0,10.0,,,,,704,10,,,,,703.5,0.0
2,20300,VOLCANIC_ROCK_VOUCHER_9500,701.0,19.0,,,,,703,19,,,,,702.0,0.0
2,20400,VOLCANIC_ROCK_VOUCHER_9500,700.0,19.0,,,,,701,19,,,,,700.5,0.0
2,20500,VOLCANIC_ROCK_VOUCHER_9500,703.0,20.0,,,,,704,20,,,,,703.5,0.0
2,20600,VOLCANIC_ROCK_VOUCHER_9500,703.0,18.0,,,,,704,18,,,,,703.5,0.0
2,20700,VOLCANIC_ROCK_VOUCHER_9500,701.0,14.0,,,,,702,14,,,,,701.5,0.0
2,20800,VOLCANIC_ROCK_VOUCHER_9500,701.0,19.0,,,,,703,19,,,,,702.0,0.0
2,20900,VOLCANIC_ROCK_VOUCHER_9500,702.0,20.0,,,,,703,20,,,,,702.5,0.0
2,21000,VOLCANIC_ROCK_VOUCHER_9500,701.0,3.0,,,,,702,15,,,,,701.5,0.0
2,21100,VOLCANIC_ROCK_VOUCHER_9500,703.0,21.0,,,,,704,21,,,,,703.5,0.0
2,21200,VOLCANIC_ROCK_VOUCHER_9500,706.0,19.0,,,,,707,19,,,,,706.5,0.0
2,21300,VOLCANIC_ROCK_VOUCHER_9500,706.0,3.0,,,,,707,17,,,,,706.5,0.0
2,21400,VOLCANIC_ROCK_VOUCHER_9500,704.0,22.0,,,,,705,22,,,,,704.5,0.0
2,21500,VOLCANIC_ROCK_VOUCHER_9500,708.0,20.0,,,,,709,20,,,,,708.5,0.0
2,21600,VOLCANIC_ROCK_VOUCHER_9500,708.0,15.0,,,,,709,15,,,,,708.5,0.0
2,21700,VOLCANIC_ROCK_VOUCHER_9500,707.0,18.0,,,,,709,18,,,,,708.0,0.0
2,21800,VOLCANIC_ROCK_VOUCHER_9500,707.0,18.0,,,,,708,18,,,,,707.5,0.0
2,21900,VOLCANIC_ROCK_VOUCHER_9500,707.0,18.0,,,,,708,18,,,,,707.5,0.0
2,22000,VOLCANIC_ROCK_VOUCHER_9500,713.0,15.0,,,,,714,15,,,,,713.5,0.0
2,22100,VOLCANIC_ROCK_VOUCHER_9500,713.0,15.0,,,,,714,15,,,,,713.5,0.0
2,22200,VOLCANIC_ROCK_VOUCHER_9500,712.0,28.0,,,,,713,12,,,,,712.5,0.0
2,22300,VOLCANIC_ROCK_VOUCHER_9500,713.0,10.0,,,,,714,10,,,,,713.5,0.0
2,22400,VOLCANIC_ROCK_VOUCHER_9500,711.0,13.0,,,,,713,13,,,,,712.0,0.0
2,22500,VOLCANIC_ROCK_VOUCHER_9500,712.0,25.0,,,,,713,12,,,,,712.5,0.0
2,22600,VOLCANIC_ROCK_VOUCHER_9500,710.0,15.0,,,,,712,15,,,,,711.0,0.0
2,22700,VOLCANIC_ROCK_VOUCHER_9500,710.0,15.0,,,,,711,15,,,,,710.5,0.0
2,22800,VOLCANIC_ROCK_VOUCHER_9500,709.0,1.0,,,,,710,19,,,,,709.5,0.0
2,22900,VOLCANIC_ROCK_VOUCHER_9500,710.0,16.0,,,,,712,16,,,,,711.0,0.0
2,23000,VOLCANIC_ROCK_VOUCHER_9500,710.0,17.0,,,,,711,17,,,,,710.5,0.0
2,23100,VOLCANIC_ROCK_VOUCHER_9500,710.0,18.0,,,,,711,18,,,,,710.5,0.0
2,23200,VOLCANIC_ROCK_VOUCHER_9500,709.0,22.0,,,,,710,22,,,,,709.5,0.0
2,23300,VOLCANIC_ROCK_VOUCHER_9500,710.0,16.0,,,,,711,16,,,,,710.5,0.0
2,23400,VOLCANIC_ROCK_VOUCHER_9500,709.0,15.0,,,,,710,15,,,,,709.5,0.0
2,23500,VOLCANIC_ROCK_VOUCHER_9500,706.0,15.0,,,,,708,15,,,,,707.0,0.0
2,23600,VOLCANIC_ROCK_VOUCHER_9500,708.0,20.0,,,,,709,20,,,,,708.5,0.0
2,23700,VOLCANIC_ROCK_VOUCHER_9500,708.0,14.0,,,,,709,14,,,,,708.5,0.0
2,23800,VOLCANIC_ROCK_VOUCHER_9500,708.0,17.0,,,,,709,17,,,,,708.5,0.0
2,23900,VOLCANIC_ROCK_VOUCHER_9500,706.0,17.0,,,,,707,17,,,,,706.5,0.0
2,24000,VOLCANIC_ROCK_VOUCHER_9500,707.0,15.0,,,,,708,15,,,,,707.5,0.0
2,24100,VOLCANIC_ROCK_VOUCHER_9500,701.0,4.0,,,,,702,19,,,,,701.5,0.0
2,24200,VOLCANIC_ROCK_VOUCHER_9500,697.0,16.0,,,,,698,16,,,,,697.5,0.0
2,24300,VOLCANIC_ROCK_VOUCHER_9500,698.0,13.0,,,,,699,13,,,,,698.5,0.0
2,24400,VOLCANIC_ROCK_VOUCHER_9500,696.0,16.0,,,,,697,16,,,,,696.5,0.0
2,24500,VOLCANIC_ROCK_VOUCHER_9500,697.0,20.0,,,,,698,20,,,,,697.5,0.0
2,24600,VOLCANIC_ROCK_VOUCHER_9500,696.0,18.0,,,,,697,18,,,,,696.5,0.0
2,24700,VOLCANIC_ROCK_VOUCHER_9500,697.0,15.0,,,,,698,15,,,,,697.5,0.0
2,24800,VOLCANIC_ROCK_VOUCHER_9500,696.0,16.0,,,,,697,16,,,,,696.5,0.0
2,24900,VOLCANIC_ROCK_VOUCHER_9500,696.0,35.0,,,,,697,21,,,,,696.5,0.0
2,25000,VOLCANIC_ROCK_VOUCHER_9500,697.0,16.0,,,,,698,16,,,,,697.5,0.0
2,25100,VOLCANIC_ROCK_VOUCHER_9500,697.0,11.0,,,,,698,11,,,,,697.5,0.0
2,25200,VOLCANIC_ROCK_VOUCHER_9500,695.0,20.0,,,,,696,20,,,,,695.5,0.0
2,25300,VOLCANIC_ROCK_VOUCHER_9500,692.0,16.0,,,,,694,16,,,,,693.0,0.0
2,25400,VOLCANIC_ROCK_VOUCHER_9500,693.0,22.0,,,,,694,22,,,,,693.5,0.0
2,25500,VOLCANIC_ROCK_VOUCHER_9500,693.0,17.0,,,,,694,17,,,,,693.5,0.0
2,25600,VOLCANIC_ROCK_VOUCHER_9500,694.0,11.0,,,,,696,11,,,,,695.0,0.0
2,25700,VOLCANIC_ROCK_VOUCHER_9500,692.0,20.0,,,,,694,20,,,,,693.0,0.0
2,25800,VOLCANIC_ROCK_VOUCHER_9500,694.0,12.0,,,,,695,12,,,,,694.5,0.0
2,25900,VOLCANIC_ROCK_VOUCHER_9500,696.0,14.0,,,,,697,14,,,,,696.5,0.0
2,26000,VOLCANIC_ROCK_VOUCHER_9500,697.0,17.0,,,,,698,17,,,,,697.5,0.0
2,26100,VOLCANIC_ROCK_VOUCHER_9500,698.0,1.0,697.0,18.0,,,699,19,,,,,698.5,0.0
2,26200,VOLCANIC_ROCK_VOUCHER_9500,701.0,17.0,,,,,702,17,,,,,701.5,0.0
2,26300,VOLCANIC_ROCK_VOUCHER_9500,699.0,11.0,,,,,700,11,,,,,699.5,0.0
2,26400,VOLCANIC_ROCK_VOUCHER_9500,702.0,8.0,,,,,703,18,,,,,702.5,0.0
2,26500,VOLCANIC_ROCK_VOUCHER_9500,702.0,22.0,,,,,703,22,,,,,702.5,0.0
2,26600,VOLCANIC_ROCK_VOUCHER_9500,700.0,17.0,,,,,701,17,,,,,700.5,0.0
2,26700,VOLCANIC_ROCK_VOUCHER_9500,700.0,14.0,,,,,701,14,,,,,700.5,0.0
2,26800,VOLCANIC_ROCK_VOUCHER_9500,700.0,21.0,,,,,701,21,,,,,700.5,0.0
2,26900,VOLCANIC_ROCK_VOUCHER_9500,701.0,12.0,,,,,702,12,,,,,701.5,0.0
2,27000,VOLCANIC_ROCK_VOUCHER_9500,701.0,12.0,,,,,702,12,,,,,701.5,0.0
2,27100,VOLCANIC_ROCK_VOUCHER_9500,701.0,9.0,,,,,702,1,703.0,19.0,,,701.5,0.0
2,27200,VOLCANIC_ROCK_VOUCHER_9500,701.0,16.0,,,,,702,16,,,,,701.5,0.0
2,27300,VOLCANIC_ROCK_VOUCHER_9500,700.0,17.0,,,,,701,17,,,,,700.5,0.0
2,27400,VOLCANIC_ROCK_VOUCHER_9500,701.0,11.0,,,,,702,11,,,,,701.5,0.0
2,27500,VOLCANIC_ROCK_VOUCHER_9500,703.0,10.0,,,,,704,10,,,,,703.5,0.0
2,27600,VOLCANIC_ROCK_VOUCHER_9500,700.0,15.0,,,,,701,15,,,,,700.5,0.0
2,27700,VOLCANIC_ROCK_VOUCHER_9500,700.0,22.0,,,,,701,22,,,,,700.5,0.0
2,27800,VOLCANIC_ROCK_VOUCHER_9500,696.0,4.0,,,,,697,19,,,,,696.5,0.0
2,27900,VOLCANIC_ROCK_VOUCHER_9500,696.0,18.0,,,,,697,18,,,,,696.5,0.0
2,28000,VOLCANIC_ROCK_VOUCHER_9500,696.0,20.0,,,,,698,20,,,,,697.0,0.0
2,28100,VOLCANIC_ROCK_VOUCHER_9500,697.0,13.0,,,,,698,13,,,,,697.5,0.0
2,28200,VOLCANIC_ROCK_VOUCHER_9500,694.0,18.0,,,,,695,18,,,,,694.5,0.0
2,28300,VOLCANIC_ROCK_VOUCHER_9500,694.0,15.0,,,,,695,15,,,,,694.5,0.0
2,28400,VOLCANIC_ROCK_VOUCHER_9500,693.0,15.0,,,,,695,15,,,,,694.0,0.0
2,28500,VOLCANIC_ROCK_VOUCHER_9500,694.0,14.0,,,,,695,14,,,,,694.5,0.0
2,28600,VOLCANIC_ROCK_VOUCHER_9500,691.0,14.0,,,,,692,14,,,,,691.5,0.0
2,28700,VOLCANIC_ROCK_VOUCHER_9500,689.0,15.0,,,,,690,15,,,,,689.5,0.0
2,28800,VOLCANIC_ROCK_VOUCHER_9500,686.0,18.0,,,,,688,18,,,,,687.0,0.0
2,28900,VOLCANIC_ROCK_VOUCHER_9500,685.0,13.0,,,,,686,13,,,,,685.5,0.0
2,29000,VOLCANIC_ROCK_VOUCHER_9500,688.0,14.0,,,,,689,14,,,,,688.5,0.0
2,29100,VOLCANIC_ROCK_VOUCHER_9500,686.0,11.0,,,,,687,11,,,,,686.5,0.0
2,29200,VOLCANIC_ROCK_VOUCHER_9500,688.0,17.0,687.0,17.0,,,689,17,,,,,688.5,0.0
2,29300,VOLCANIC_ROCK_VOUCHER_9500,688.0,14.0,,,,,689,14,,,,,688.5,0.0
2,29400,VOLCANIC_ROCK_VOUCHER_9500,688.0,13.0,,,,,689,13,,,,,688.5,0.0
2,29500,VOLCANIC_ROCK_VOUCHER_9500,,,,,,,688,7,689.0,11.0,,,688.0,0.0
2,29600,VOLCANIC_ROCK_VOUCHER_9500,687.0,16.0,,,,,688,16,,,,,687.5,0.0
2,29700,VOLCANIC_ROCK_VOUCHER_9500,690.0,15.0,,,,,691,15,,,,,690.5,0.0
2,29800,VOLCANIC_ROCK_VOUCHER_9500,689.0,12.0,,,,,690,12,,,,,689.5,0.0
2,29900,VOLCANIC_ROCK_VOUCHER_9500,689.0,18.0,,,,,690,18,,,,,689.5,0.0
2,30000,VOLCANIC_ROCK_VOUCHER_9500,689.0,12.0,,,,,690,12,,,,,689.5,0.0
2,30100,VOLCANIC_ROCK_VOUCHER_9500,688.0,16.0,,,,,690,16,,,,,689.0,0.0
2,30200,VOLCANIC_ROCK_VOUCHER_9500,688.0,19.0,,,,,689,2,690.0,17.0,,,688.5,0.0
2,30300,VOLCANIC_ROCK_VOUCHER_9500,687.0,10.0,,,,,688,10,,,,,687.5,0.0
2,30400,VOLCANIC_ROCK_VOUCHER_9500,684.0,14.0,,,,,685,14,,,,,684.5,0.0
2,30500,VOLCANIC_ROCK_VOUCHER_9500,683.0,15.0,,,,,685,15,,,,,684.0,0.0
2,30600,VOLCANIC_ROCK_VOUCHER_9500,684.0,33.0,,,,,685,20,,,,,684.5,0.0
2,30700,VOLCANIC_ROCK_VOUCHER_9500,684.0,12.0,,,,,685,12,,,,,684.5,0.0
2,30800,VOLCANIC_ROCK_VOUCHER_9500,684.0,17.0,,,,,685,17,,,,,684.5,0.0
2,30900,VOLCANIC_ROCK_VOUCHER_9500,683.0,11.0,,,,,685,11,,,,,684.0,0.0
2,31000,VOLCANIC_ROCK_VOUCHER_9500,684.0,12.0,,,,,685,12,,,,,684.5,0.0
2,31100,VOLCANIC_ROCK_VOUCHER_9500,683.0,18.0,,,,,684,18,,,,,683.5,0.0
2,31200,VOLCANIC_ROCK_VOUCHER_9500,682.0,11.0,,,,,683,11,,,,,682.5,0.0
2,31300,VOLCANIC_ROCK_VOUCHER_9500,679.0,13.0,,,,,681,13,,,,,680.0,0.0
2,31400,VOLCANIC_ROCK_VOUCHER_9500,682.0,17.0,,,,,683,17,,,,,682.5,0.0
2,31500,VOLCANIC_ROCK_VOUCHER_9500,682.0,13.0,,,,,683,13,,,,,682.5,0.0
2,31600,VOLCANIC_ROCK_VOUCHER_9500,683.0,10.0,,,,,684,10,,,,,683.5,0.0
2,31700,VOLCANIC_ROCK_VOUCHER_9500,682.0,17.0,,,,,683,17,,,,,682.5,0.0
2,31800,VOLCANIC_ROCK_VOUCHER_9500,682.0,0.0,,,,,683,17,,,,,682.5,0.0
2,31900,VOLCANIC_ROCK_VOUCHER_9500,681.0,20.0,,,,,682,20,,,,,681.5,0.0
2,32000,VOLCANIC_ROCK_VOUCHER_9500,680.0,20.0,,,,,681,20,,,,,680.5,0.0
2,32100,VOLCANIC_ROCK_VOUCHER_9500,677.0,15.0,,,,,678,15,,,,,677.5,0.0
2,32200,VOLCANIC_ROCK_VOUCHER_9500,678.0,19.0,,,,,679,19,,,,,678.5,0.0
2,32300,VOLCANIC_ROCK_VOUCHER_9500,678.0,21.0,,,,,679,21,,,,,678.5,0.0
2,32400,VOLCANIC_ROCK_VOUCHER_9500,677.0,18.0,,,,,678,18,,,,,677.5,0.0
2,32500,VOLCANIC_ROCK_VOUCHER_9500,679.0,12.0,,,,,680,12,,,,,679.5,0.0
2,32600,VOLCANIC_ROCK_VOUCHER_9500,681.0,20.0,,,,,682,20,,,,,681.5,0.0
2,32700,VOLCANIC_ROCK_VOUCHER_9500,684.0,18.0,,,,,685,18,,,,,684.5,0.0
2,32800,VOLCANIC_ROCK_VOUCHER_9500,686.0,19.0,,,,,688,19,,,,,687.0,0.0
2,32900,VOLCANIC_ROCK_VOUCHER_9500,689.0,13.0,,,,,690,13,,,,,689.5,0.0
2,33000,VOLCANIC_ROCK_VOUCHER_9500,691.0,11.0,,,,,692,11,,,,,691.5,0.0
2,33100,VOLCANIC_ROCK_VOUCHER_9500,691.0,13.0,,,,,692,13,,,,,691.5,0.0
2,33200,VOLCANIC_ROCK_VOUCHER_9500,693.0,11.0,,,,,694,11,,,,,693.5,0.0
2,33300,VOLCANIC_ROCK_VOUCHER_9500,692.0,13.0,,,,,693,13,,,,,692.5,0.0
2,33400,VOLCANIC_ROCK_VOUCHER_9500,690.0,13.0,,,,,691,13,,,,,690.5,0.0
2,33500,VOLCANIC_ROCK_VOUCHER_9500,693.0,18.0,,,,,694,18,,,,,693.5,0.0
2,33600,VOLCANIC_ROCK_VOUCHER_9500,692.0,21.0,,,,,693,21,,,,,692.5,0.0
2,33700,VOLCANIC_ROCK_VOUCHER_9500,693.0,19.0,,,,,694,19,,,,,693.5,0.0
2,33800,VOLCANIC_ROCK_VOUCHER_9500,696.0,12.0,,,,,697,12,,,,,696.5,0.0
2,33900,VOLCANIC_ROCK_VOUCHER_9500,696.0,19.0,,,,,697,19,,,,,696.5,0.0
2,34000,VOLCANIC_ROCK_VOUCHER_9500,695.0,19.0,,,,,696,19,,,,,695.5,0.0
2,34100,VOLCANIC_ROCK_VOUCHER_9500,694.0,15.0,,,,,695,15,,,,,694.5,0.0
2,34200,VOLCANIC_ROCK_VOUCHER_9500,693.0,19.0,,,,,694,19,,,,,693.5,0.0
2,34300,VOLCANIC_ROCK_VOUCHER_9500,693.0,10.0,,,,,694,10,,,,,693.5,0.0
2,34400,VOLCANIC_ROCK_VOUCHER_9500,695.0,14.0,,,,,696,14,,,,,695.5,0.0
2,34500,VOLCANIC_ROCK_VOUCHER_9500,694.0,19.0,,,,,695,19,,,,,694.5,0.0
2,34600,VOLCANIC_ROCK_VOUCHER_9500,691.0,20.0,,,,,692,20,,,,,691.5,0.0
2,34700,VOLCANIC_ROCK_VOUCHER_9500,691.0,20.0,,,,,692,20,,,,,691.5,0.0
2,34800,VOLCANIC_ROCK_VOUCHER_9500,,,,,,,691,9,692.0,10.0,,,691.0,0.0
2,34900,VOLCANIC_ROCK_VOUCHER_9500,692.0,14.0,,,,,693,14,,,,,692.5,0.0
2,35000,VOLCANIC_ROCK_VOUCHER_9500,691.0,10.0,,,,,692,10,,,,,691.5,0.0
2,35100,VOLCANIC_ROCK_VOUCHER_9500,691.0,16.0,,,,,692,16,,,,,691.5,0.0
2,35200,VOLCANIC_ROCK_VOUCHER_9500,690.0,12.0,,,,,691,12,,,,,690.5,0.0
2,35300,VOLCANIC_ROCK_VOUCHER_9500,691.0,21.0,,,,,692,21,,,,,691.5,0.0
2,35400,VOLCANIC_ROCK_VOUCHER_9500,693.0,11.0,,,,,694,11,,,,,693.5,0.0
2,35500,VOLCANIC_ROCK_VOUCHER_9500,692.0,14.0,,,,,693,14,,,,,692.5,0.0
2,35600,VOLCANIC_ROCK_VOUCHER_9500,,,,,,,693,3,694.0,14.0,,,693.0,0.0
2,35700,VOLCANIC_ROCK_VOUCHER_9500,694.0,17.0,,,,,695,17,,,,,694.5,0.0
2,35800,VOLCANIC_ROCK_VOUCHER_9500,693.0,37.0,,,,,694,19,,,,,693.5,0.0
2,35900,VOLCANIC_ROCK_VOUCHER_9500,691.0,11.0,,,,,692,11,,,,,691.5,0.0
2,36000,VOLCANIC_ROCK_VOUCHER_9500,690.0,13.0,,,,,691,13,,,,,690.5,0.0
2,36100,VOLCANIC_ROCK_VOUCHER_9500,690.0,16.0,,,,,692,16,,,,,691.0,0.0
2,36200,VOLCANIC_ROCK_VOUCHER_9500,692.0,31.0,,,,,694,18,,,,,693.0,0.0
2,36300,VOLCANIC_ROCK_VOUCHER_9500,693.0,12.0,,,,,694,12,,,,,693.5,0.0
2,36400,VOLCANIC_ROCK_VOUCHER_9500,689.0,14.0,,,,,690,14,,,,,689.5,0.0
2,36500,VOLCANIC_ROCK_VOUCHER_9500,690.0,21.0,,,,,691,21,,,,,690.5,0.0
2,36600,VOLCANIC_ROCK_VOUCHER_9500,688.0,18.0,,,,,689,18,,,,,688.5,0.0
2,36700,VOLCANIC_ROCK_VOUCHER_9500,690.0,13.0,,,,,691,13,,,,,690.5,0.0
2,36800,VOLCANIC_ROCK_VOUCHER_9500,,,,,,,691,1,692.0,14.0,,,691.0,0.0
2,36900,VOLCANIC_ROCK_VOUCHER_9500,691.0,19.0,,,,,693,19,,,,,692.0,0.0
2,37000,VOLCANIC_ROCK_VOUCHER_9500,694.0,19.0,,,,,695,19,,,,,694.5,0.0
2,37100,VOLCANIC_ROCK_VOUCHER_9500,694.0,16.0,,,,,695,16,,,,,694.5,0.0
2,37200,VOLCANIC_ROCK_VOUCHER_9500,694.0,12.0,,,,,695,12,,,,,694.5,0.0
2,37300,VOLCANIC_ROCK_VOUCHER_9500,693.0,14.0,,,,,694,14,,,,,693.5,0.0
2,37400,VOLCANIC_ROCK_VOUCHER_9500,692.0,14.0,,,,,693,14,,,,,692.5,0.0
2,37500,VOLCANIC_ROCK_VOUCHER_9500,692.0,19.0,,,,,693,19,,,,,692.5,0.0
2,37600,VOLCANIC_ROCK_VOUCHER_9500,692.0,20.0,,,,,693,20,,,,,692.5,0.0
2,37700,VOLCANIC_ROCK_VOUCHER_9500,693.0,14.0,,,,,695,14,,,,,694.0,0.0
2,37800,VOLCANIC_ROCK_VOUCHER_9500,692.0,17.0,,,,,693,17,,,,,692.5,0.0
2,37900,VOLCANIC_ROCK_VOUCHER_9500,693.0,22.0,,,,,694,22,,,,,693.5,0.0
2,38000,VOLCANIC_ROCK_VOUCHER_9500,692.0,15.0,,,,,693,15,,,,,692.5,0.0
2,38100,VOLCANIC_ROCK_VOUCHER_9500,693.0,7.0,,,,,694,20,,,,,693.5,0.0
2,38200,VOLCANIC_ROCK_VOUCHER_9500,693.0,17.0,,,,,694,17,,,,,693.5,0.0
2,38300,VOLCANIC_ROCK_VOUCHER_9500,691.0,18.0,,,,,692,18,,,,,691.5,0.0
2,38400,VOLCANIC_ROCK_VOUCHER_9500,693.0,16.0,,,,,694,16,,,,,693.5,0.0
2,38500,VOLCANIC_ROCK_VOUCHER_9500,698.0,16.0,,,,,699,16,,,,,698.5,0.0
2,38600,VOLCANIC_ROCK_VOUCHER_9500,699.0,14.0,,,,,700,14,,,,,699.5,0.0
2,38700,VOLCANIC_ROCK_VOUCHER_9500,699.0,16.0,,,,,700,16,,,,,699.5,0.0
2,38800,VOLCANIC_ROCK_VOUCHER_9500,700.0,19.0,,,,,701,19,,,,,700.5,0.0
2,38900,VOLCANIC_ROCK_VOUCHER_9500,702.0,18.0,,,,,703,18,,,,,702.5,0.0
2,39000,VOLCANIC_ROCK_VOUCHER_9500,702.0,10.0,,,,,703,10,,,,,702.5,0.0
2,39100,VOLCANIC_ROCK_VOUCHER_9500,702.0,12.0,,,,,703,12,,,,,702.5,0.0
2,39200,VOLCANIC_ROCK_VOUCHER_9500,706.0,16.0,,,,,707,16,,,,,706.5,0.0
2,39300,VOLCANIC_ROCK_VOUCHER_9500,704.0,19.0,,,,,705,19,,,,,704.5,0.0
2,39400,VOLCANIC_ROCK_VOUCHER_9500,701.0,18.0,,,,,702,18,,,,,701.5,0.0
2,39500,VOLCANIC_ROCK_VOUCHER_9500,704.0,15.0,,,,,705,15,,,,,704.5,0.0
2,39600,VOLCANIC_ROCK_VOUCHER_9500,704.0,14.0,,,,,705,14,,,,,704.5,0.0
2,39700,VOLCANIC_ROCK_VOUCHER_9500,704.0,13.0,,,,,705,13,,,,,704.5,0.0
2,39800,VOLCANIC_ROCK_VOUCHER_9500,703.0,18.0,,,,,704,18,,,,,703.5,0.0
2,39900,VOLCANIC_ROCK_VOUCHER_9500,702.0,15.0,,,,,704,15,,,,,703.0,0.0
2,40000,VOLCANIC_ROCK_VOUCHER_9500,701.0,14.0,,,,,702,14,,,,,701.5,0.0
2,40100,VOLCANIC_ROCK_VOUCHER_9500,700.0,21.0,,,,,701,21,,,,,700.5,0.0
2,40200,VOLCANIC_ROCK_VOUCHER_9500,699.0,14.0,,,,,700,14,,,,,699.5,0.0
2,40300,VOLCANIC_ROCK_VOUCHER_9500,697.0,10.0,,,,,698,10,,,,,697.5,0.0
2,40400,VOLCANIC_ROCK_VOUCHER_9500,694.0,19.0,,,,,696,19,,,,,695.0,0.0
2,40500,VOLCANIC_ROCK_VOUCHER_9500,695.0,13.0,,,,,696,13,,,,,695.5,0.0
2,40600,VOLCANIC_ROCK_VOUCHER_9500,692.0,21.0,,,,,693,21,,,,,692.5,0.0
2,40700,VOLCANIC_ROCK_VOUCHER_9500,691.0,17.0,,,,,692,17,,,,,691.5,0.0
2,40800,VOLCANIC_ROCK_VOUCHER_9500,691.0,10.0,,,,,693,10,,,,,692.0,0.0
2,40900,VOLCANIC_ROCK_VOUCHER_9500,695.0,12.0,,,,,696,12,,,,,695.5,0.0
2,41000,VOLCANIC_ROCK_VOUCHER_9500,692.0,10.0,,,,,693,10,,,,,692.5,0.0
2,41100,VOLCANIC_ROCK_VOUCHER_9500,692.0,19.0,,,,,693,19,,,,,692.5,0.0
2,41200,VOLCANIC_ROCK_VOUCHER_9500,693.0,3.0,,,,,695,14,,,,,694.0,0.0
2,41300,VOLCANIC_ROCK_VOUCHER_9500,691.0,19.0,,,,,693,19,,,,,692.0,0.0
2,41400,VOLCANIC_ROCK_VOUCHER_9500,692.0,18.0,,,,,693,18,,,,,692.5,0.0
2,41500,VOLCANIC_ROCK_VOUCHER_9500,693.0,18.0,,,,,694,18,,,,,693.5,0.0
2,41600,VOLCANIC_ROCK_VOUCHER_9500,692.0,23.0,,,,,693,17,,,,,692.5,0.0
2,41700,VOLCANIC_ROCK_VOUCHER_9500,690.0,19.0,,,,,691,19,,,,,690.5,0.0
2,41800,VOLCANIC_ROCK_VOUCHER_9500,692.0,22.0,,,,,693,22,,,,,692.5,0.0
2,41900,VOLCANIC_ROCK_VOUCHER_9500,695.0,12.0,,,,,696,12,,,,,695.5,0.0
2,42000,VOLCANIC_ROCK_VOUCHER_9500,694.0,15.0,,,,,695,15,,,,,694.5,0.0
2,42100,VOLCANIC_ROCK_VOUCHER_9500,696.0,15.0,,,,,697,15,,,,,696.5,0.0
2,42200,VOLCANIC_ROCK_VOUCHER_9500,695.0,16.0,,,,,696,16,,,,,695.5,0.0
2,42300,VOLCANIC_ROCK_VOUCHER_9500,692.0,16.0,,,,,693,16,,,,,692.5,0.0
2,42400,VOLCANIC_ROCK_VOUCHER_9500,687.0,19.0,,,,,688,19,,,,,687.5,0.0
2,42500,VOLCANIC_ROCK_VOUCHER_9500,689.0,19.0,,,,,690,19,,,,,689.5,0.0
2,42600,VOLCANIC_ROCK_VOUCHER_9500,688.0,18.0,,,,,689,18,,,,,688.5,0.0
2,42700,VOLCANIC_ROCK_VOUCHER_9500,690.0,16.0,,,,,691,16,,,,,690.5,0.0
2,42800,VOLCANIC_ROCK_VOUCHER_9500,688.0,14.0,,,,,689,14,,,,,688.5,0.0
2,42900,VOLCANIC_ROCK_VOUCHER_9500,689.0,22.0,,,,,690,22,,,,,689.5,0.0
2,43000,VOLCANIC_ROCK_VOUCHER_9500,691.0,21.0,,,,,692,21,,,,,691.5,0.0
2,43100,VOLCANIC_ROCK_VOUCHER_9500,687.0,12.0,,,,,688,12,,,,,687.5,0.0
2,43200,VOLCANIC_ROCK_VOUCHER_9500,683.0,19.0,,,,,685,19,,,,,684.0,0.0
2,43300,VOLCANIC_ROCK_VOUCHER_9500,682.0,14.0,,,,,684,14,,,,,683.0,0.0
2,43400,VOLCANIC_ROCK_VOUCHER_9500,682.0,11.0,,,,,683,11,,,,,682.5,0.0
2,43500,VOLCANIC_ROCK_VOUCHER_9500,683.0,15.0,,,,,685,15,,,,,684.0,0.0
2,43600,VOLCANIC_ROCK_VOUCHER_9500,682.0,17.0,,,,,683,12,684.0,17.0,,,682.5,0.0
2,43700,VOLCANIC_ROCK_VOUCHER_9500,683.0,17.0,,,,,684,17,,,,,683.5,0.0
2,43800,VOLCANIC_ROCK_VOUCHER_9500,683.0,13.0,,,,,684,13,,,,,683.5,0.0
2,43900,VOLCANIC_ROCK_VOUCHER_9500,684.0,24.0,,,,,685,13,,,,,684.5,0.0
2,44000,VOLCANIC_ROCK_VOUCHER_9500,685.0,13.0,,,,,686,13,,,,,685.5,0.0
2,44100,VOLCANIC_ROCK_VOUCHER_9500,684.0,22.0,,,,,685,22,,,,,684.5,0.0
2,44200,VOLCANIC_ROCK_VOUCHER_9500,685.0,13.0,,,,,686,13,,,,,685.5,0.0
2,44300,VOLCANIC_ROCK_VOUCHER_9500,685.0,15.0,,,,,686,15,,,,,685.5,0.0
2,44400,VOLCANIC_ROCK_VOUCHER_9500,687.0,16.0,,,,,688,16,,,,,687.5,0.0
2,44500,VOLCANIC_ROCK_VOUCHER_9500,688.0,15.0,,,,,689,15,,,,,688.5,0.0
2,44600,VOLCANIC_ROCK_VOUCHER_9500,687.0,15.0,,,,,688,15,,,,,687.5,0.0
2,44700,VOLCANIC_ROCK_VOUCHER_9500,687.0,14.0,,,,,689,14,,,,,688.0,0.0
2,44800,VOLCANIC_ROCK_VOUCHER_9500,689.0,18.0,,,,,690,18,,,,,689.5,0.0
2,44900,VOLCANIC_ROCK_VOUCHER_9500,687.0,12.0,,,,,688,12,,,,,687.5,0.0
2,45000,VOLCANIC_ROCK_VOUCHER_9500,690.0,14.0,,,,,691,14,,,,,690.5,0.0
2,45100,VOLCANIC_ROCK_VOUCHER_9500,688.0,16.0,,,,,689,16,,,,,688.5,0.0
2,45200,VOLCANIC_ROCK_VOUCHER_9500,688.0,11.0,,,,,690,11,,,,,689.0,0.0
2,45300,VOLCANIC_ROCK_VOUCHER_9500,690.0,9.0,,,,,691,21,,,,,690.5,0.0
2,45400,VOLCANIC_ROCK_VOUCHER_9500,685.0,18.0,,,,,686,18,,,,,685.5,0.0
2,45500,VOLCANIC_ROCK_VOUCHER_9500,687.0,22.0,,,,,688,22,,,,,687.5,0.0
2,45600,VOLCANIC_ROCK_VOUCHER_9500,687.0,20.0,,,,,688,20,,,,,687.5,0.0
2,45700,VOLCANIC_ROCK_VOUCHER_9500,686.0,4.0,,,,,687,18,,,,,686.5,0.0
2,45800,VOLCANIC_ROCK_VOUCHER_9500,686.0,12.0,,,,,687,12,,,,,686.5,0.0
2,45900,VOLCANIC_ROCK_VOUCHER_9500,688.0,19.0,,,,,689,19,,,,,688.5,0.0
2,46000,VOLCANIC_ROCK_VOUCHER_9500,686.0,24.0,,,,,687,12,,,,,686.5,0.0
2,46100,VOLCANIC_ROCK_VOUCHER_9500,686.0,2.0,,,,,687,12,,,,,686.5,0.0
2,46200,VOLCANIC_ROCK_VOUCHER_9500,684.0,12.0,,,,,685,12,,,,,684.5,0.0
2,46300,VOLCANIC_ROCK_VOUCHER_9500,683.0,12.0,,,,,684,12,,,,,683.5,0.0
2,46400,VOLCANIC_ROCK_VOUCHER_9500,683.0,24.0,,,,,684,13,,,,,683.5,0.0
2,46500,VOLCANIC_ROCK_VOUCHER_9500,683.0,20.0,,,,,684,20,,,,,683.5,0.0
2,46600,VOLCANIC_ROCK_VOUCHER_9500,680.0,18.0,,,,,681,18,,,,,680.5,0.0
2,46700,VOLCANIC_ROCK_VOUCHER_9500,680.0,13.0,,,,,681,13,,,,,680.5,0.0
2,46800,VOLCANIC_ROCK_VOUCHER_9500,680.0,18.0,,,,,682,18,,,,,681.0,0.0
2,46900,VOLCANIC_ROCK_VOUCHER_9500,678.0,13.0,,,,,679,13,,,,,678.5,0.0
2,47000,VOLCANIC_ROCK_VOUCHER_9500,678.0,15.0,,,,,680,15,,,,,679.0,0.0
2,47100,VOLCANIC_ROCK_VOUCHER_9500,680.0,11.0,,,,,681,11,,,,,680.5,0.0
2,47200,VOLCANIC_ROCK_VOUCHER_9500,679.0,15.0,,,,,680,15,,,,,679.5,0.0
2,47300,VOLCANIC_ROCK_VOUCHER_9500,680.0,16.0,,,,,681,16,,,,,680.5,0.0
2,47400,VOLCANIC_ROCK_VOUCHER_9500,679.0,18.0,,,,,680,18,,,,,679.5,0.0
2,47500,VOLCANIC_ROCK_VOUCHER_9500,680.0,13.0,,,,,681,13,,,,,680.5,0.0
2,47600,VOLCANIC_ROCK_VOUCHER_9500,,,,,,,682,4,683.0,12.0,,,682.0,0.0
2,47700,VOLCANIC_ROCK_VOUCHER_9500,681.0,16.0,,,,,682,16,,,,,681.5,0.0
2,47800,VOLCANIC_ROCK_VOUCHER_9500,682.0,1.0,681.0,16.0,,,683,17,,,,,682.5,0.0
2,47900,VOLCANIC_ROCK_VOUCHER_9500,684.0,15.0,,,,,685,15,,,,,684.5,0.0
2,48000,VOLCANIC_ROCK_VOUCHER_9500,681.0,20.0,,,,,682,20,,,,,681.5,0.0
2,48100,VOLCANIC_ROCK_VOUCHER_9500,680.0,14.0,,,,,681,14,,,,,680.5,0.0
2,48200,VOLCANIC_ROCK_VOUCHER_9500,678.0,17.0,,,,,679,17,,,,,678.5,0.0
2,48300,VOLCANIC_ROCK_VOUCHER_9500,,,,,,,677,2,679.0,12.0,,,677.0,0.0
2,48400,VOLCANIC_ROCK_VOUCHER_9500,676.0,13.0,,,,,677,13,,,,,676.5,0.0
2,48500,VOLCANIC_ROCK_VOUCHER_9500,677.0,19.0,,,,,678,19,,,,,677.5,0.0
2,48600,VOLCANIC_ROCK_VOUCHER_9500,673.0,14.0,,,,,675,14,,,,,674.0,0.0
2,48700,VOLCANIC_ROCK_VOUCHER_9500,674.0,18.0,,,,,675,18,,,,,674.5,0.0
2,48800,VOLCANIC_ROCK_VOUCHER_9500,670.0,14.0,,,,,671,14,,,,,670.5,0.0
2,48900,VOLCANIC_ROCK_VOUCHER_9500,673.0,16.0,,,,,674,16,,,,,673.5,0.0
2,49000,VOLCANIC_ROCK_VOUCHER_9500,674.0,15.0,,,,,675,15,,,,,674.5,0.0
2,49100,VOLCANIC_ROCK_VOUCHER_9500,676.0,20.0,,,,,677,20,,,,,676.5,0.0
2,49200,VOLCANIC_ROCK_VOUCHER_9500,673.0,12.0,,,,,675,12,,,,,674.0,0.0
2,49300,VOLCANIC_ROCK_VOUCHER_9500,673.0,19.0,,,,,674,19,,,,,673.5,0.0
2,49400,VOLCANIC_ROCK_VOUCHER_9500,674.0,14.0,,,,,676,14,,,,,675.0,0.0
2,49500,VOLCANIC_ROCK_VOUCHER_9500,674.0,21.0,,,,,675,21,,,,,674.5,0.0
2,49600,VOLCANIC_ROCK_VOUCHER_9500,674.0,21.0,,,,,675,21,,,,,674.5,0.0
2,49700,VOLCANIC_ROCK_VOUCHER_9500,674.0,12.0,,,,,675,12,,,,,674.5,0.0
2,49800,VOLCANIC_ROCK_VOUCHER_9500,673.0,19.0,,,,,674,19,,,,,673.5,0.0
2,49900,VOLCANIC_ROCK_VOUCHER_9500,672.0,32.0,,,,,673,12,,,,,672.5,0.0
2,50000,VOLCANIC_ROCK_VOUCHER_9500,672.0,2.0,671.0,15.0,,,673,17,,,,,672.5,0.0
2,50100,VOLCANIC_ROCK_VOUCHER_9500,,,,,,,671,4,672.0,14.0,,,671.0,0.0
2,50200,VOLCANIC_ROCK_VOUCHER_9500,667.0,13.0,,,,,668,13,,,,,667.5,0.0
2,50300,VOLCANIC_ROCK_VOUCHER_9500,666.0,16.0,,,,,668,16,,,,,667.0,0.0
2,50400,VOLCANIC_ROCK_VOUCHER_9500,668.0,21.0,,,,,669,21,,,,,668.5,0.0
2,50500,VOLCANIC_ROCK_VOUCHER_9500,669.0,10.0,,,,,670,10,,,,,669.5,0.0
2,50600,VOLCANIC_ROCK_VOUCHER_9500,669.0,12.0,,,,,670,12,,,,,669.5,0.0
2,50700,VOLCANIC_ROCK_VOUCHER_9500,,,,,,,669,5,670.0,11.0,,,669.0,0.0
2,50800,VOLCANIC_ROCK_VOUCHER_9500,668.0,12.0,,,,,669,12,,,,,668.5,0.0
2,50900,VOLCANIC_ROCK_VOUCHER_9500,671.0,16.0,,,,,672,16,,,,,671.5,0.0
2,51000,VOLCANIC_ROCK_VOUCHER_9500,671.0,16.0,,,,,672,16,,,,,671.5,0.0
2,51100,VOLCANIC_ROCK_VOUCHER_9500,672.0,22.0,,,,,673,11,,,,,672.5,0.0
2,51200,VOLCANIC_ROCK_VOUCHER_9500,674.0,16.0,,,,,675,16,,,,,674.5,0.0
2,51300,VOLCANIC_ROCK_VOUCHER_9500,672.0,12.0,,,,,673,12,,,,,672.5,0.0
2,51400,VOLCANIC_ROCK_VOUCHER_9500,669.0,21.0,,,,,671,21,,,,,670.0,0.0
2,51500,VOLCANIC_ROCK_VOUCHER_9500,670.0,16.0,,,,,671,16,,,,,670.5,0.0
2,51600,VOLCANIC_ROCK_VOUCHER_9500,670.0,12.0,,,,,671,12,,,,,670.5,0.0
2,51700,VOLCANIC_ROCK_VOUCHER_9500,670.0,21.0,,,,,671,16,,,,,670.5,0.0
2,51800,VOLCANIC_ROCK_VOUCHER_9500,669.0,23.0,,,,,670,10,,,,,669.5,0.0
2,51900,VOLCANIC_ROCK_VOUCHER_9500,669.0,14.0,,,,,671,14,,,,,670.0,0.0
2,52000,VOLCANIC_ROCK_VOUCHER_9500,669.0,18.0,,,,,670,18,,,,,669.5,0.0
2,52100,VOLCANIC_ROCK_VOUCHER_9500,669.0,19.0,,,,,671,19,,,,,670.0,0.0
2,52200,VOLCANIC_ROCK_VOUCHER_9500,667.0,16.0,,,,,668,16,,,,,667.5,0.0
2,52300,VOLCANIC_ROCK_VOUCHER_9500,664.0,19.0,,,,,666,19,,,,,665.0,0.0
2,52400,VOLCANIC_ROCK_VOUCHER_9500,667.0,14.0,,,,,668,14,,,,,667.5,0.0
2,52500,VOLCANIC_ROCK_VOUCHER_9500,669.0,18.0,,,,,670,18,,,,,669.5,0.0
2,52600,VOLCANIC_ROCK_VOUCHER_9500,667.0,14.0,,,,,668,14,,,,,667.5,0.0
2,52700,VOLCANIC_ROCK_VOUCHER_9500,,,,,,,665,3,666.0,12.0,,,665.0,0.0
2,52800,VOLCANIC_ROCK_VOUCHER_9500,665.0,21.0,,,,,666,21,,,,,665.5,0.0
2,52900,VOLCANIC_ROCK_VOUCHER_9500,662.0,12.0,,,,,663,12,,,,,662.5,0.0
2,53000,VOLCANIC_ROCK_VOUCHER_9500,662.0,20.0,,,,,663,20,,,,,662.5,0.0
2,53100,VOLCANIC_ROCK_VOUCHER_9500,665.0,13.0,,,,,666,13,,,,,665.5,0.0
2,53200,VOLCANIC_ROCK_VOUCHER_9500,665.0,19.0,,,,,666,19,,,,,665.5,0.0
2,53300,VOLCANIC_ROCK_VOUCHER_9500,665.0,17.0,,,,,666,17,,,,,665.5,0.0
2,53400,VOLCANIC_ROCK_VOUCHER_9500,666.0,5.0,,,,,667,16,,,,,666.5,0.0
2,53500,VOLCANIC_ROCK_VOUCHER_9500,665.0,14.0,,,,,667,14,,,,,666.0,0.0
2,53600,VOLCANIC_ROCK_VOUCHER_9500,664.0,19.0,,,,,666,19,,,,,665.0,0.0
2,53700,VOLCANIC_ROCK_VOUCHER_9500,665.0,11.0,,,,,666,11,,,,,665.5,0.0
2,53800,VOLCANIC_ROCK_VOUCHER_9500,664.0,12.0,,,,,665,12,,,,,664.5,0.0
2,53900,VOLCANIC_ROCK_VOUCHER_9500,664.0,14.0,,,,,665,14,,,,,664.5,0.0
2,54000,VOLCANIC_ROCK_VOUCHER_9500,664.0,18.0,,,,,665,18,,,,,664.5,0.0
2,54100,VOLCANIC_ROCK_VOUCHER_9500,664.0,20.0,,,,,665,20,,,,,664.5,0.0
2,54200,VOLCANIC_ROCK_VOUCHER_9500,661.0,11.0,,,,,662,11,,,,,661.5,0.0
2,54300,VOLCANIC_ROCK_VOUCHER_9500,663.0,16.0,,,,,664,16,,,,,663.5,0.0
2,54400,VOLCANIC_ROCK_VOUCHER_9500,660.0,12.0,,,,,661,12,,,,,660.5,0.0
2,54500,VOLCANIC_ROCK_VOUCHER_9500,659.0,20.0,,,,,660,20,,,,,659.5,0.0
2,54600,VOLCANIC_ROCK_VOUCHER_9500,657.0,16.0,,,,,658,16,,,,,657.5,0.0
2,54700,VOLCANIC_ROCK_VOUCHER_9500,655.0,11.0,654.0,16.0,,,656,16,,,,,655.5,0.0
2,54800,VOLCANIC_ROCK_VOUCHER_9500,656.0,16.0,,,,,657,16,,,,,656.5,0.0
2,54900,VOLCANIC_ROCK_VOUCHER_9500,656.0,13.0,,,,,657,13,,,,,656.5,0.0
2,55000,VOLCANIC_ROCK_VOUCHER_9500,656.0,17.0,,,,,657,17,,,,,656.5,0.0
2,55100,VOLCANIC_ROCK_VOUCHER_9500,654.0,18.0,,,,,655,18,,,,,654.5,0.0
2,55200,VOLCANIC_ROCK_VOUCHER_9500,655.0,12.0,,,,,656,12,,,,,655.5,0.0
2,55300,VOLCANIC_ROCK_VOUCHER_9500,654.0,19.0,,,,,655,19,,,,,654.5,0.0
2,55400,VOLCANIC_ROCK_VOUCHER_9500,654.0,21.0,,,,,655,21,,,,,654.5,0.0
2,55500,VOLCANIC_ROCK_VOUCHER_9500,652.0,12.0,,,,,653,12,,,,,652.5,0.0
2,55600,VOLCANIC_ROCK_VOUCHER_9500,651.0,15.0,,,,,652,15,,,,,651.5,0.0
2,55700,VOLCANIC_ROCK_VOUCHER_9500,651.0,21.0,,,,,652,21,,,,,651.5,0.0
2,55800,VOLCANIC_ROCK_VOUCHER_9500,652.0,17.0,,,,,653,17,,,,,652.5,0.0
2,55900,VOLCANIC_ROCK_VOUCHER_9500,652.0,19.0,,,,,653,19,,,,,652.5,0.0
2,56000,VOLCANIC_ROCK_VOUCHER_9500,651.0,17.0,,,,,652,17,,,,,651.5,0.0
2,56100,VOLCANIC_ROCK_VOUCHER_9500,653.0,17.0,,,,,654,17,,,,,653.5,0.0
2,56200,VOLCANIC_ROCK_VOUCHER_9500,653.0,18.0,,,,,654,18,,,,,653.5,0.0
2,56300,VOLCANIC_ROCK_VOUCHER_9500,654.0,19.0,,,,,656,19,,,,,655.0,0.0
2,56400,VOLCANIC_ROCK_VOUCHER_9500,657.0,20.0,,,,,658,20,,,,,657.5,0.0
2,56500,VOLCANIC_ROCK_VOUCHER_9500,,,,,,,659,2,660.0,17.0,,,659.0,0.0
2,56600,VOLCANIC_ROCK_VOUCHER_9500,656.0,6.0,,,,,657,22,,,,,656.5,0.0
2,56700,VOLCANIC_ROCK_VOUCHER_9500,658.0,12.0,,,,,659,12,,,,,658.5,0.0
2,56800,VOLCANIC_ROCK_VOUCHER_9500,659.0,18.0,,,,,660,18,,,,,659.5,0.0
2,56900,VOLCANIC_ROCK_VOUCHER_9500,662.0,16.0,,,,,663,16,,,,,662.5,0.0
2,57000,VOLCANIC_ROCK_VOUCHER_9500,661.0,0.0,,,,,662,20,,,,,661.5,0.0
2,57100,VOLCANIC_ROCK_VOUCHER_9500,661.0,19.0,,,,,662,19,,,,,661.5,0.0
2,57200,VOLCANIC_ROCK_VOUCHER_9500,660.0,13.0,,,,,662,13,,,,,661.0,0.0
2,57300,VOLCANIC_ROCK_VOUCHER_9500,661.0,12.0,,,,,663,12,,,,,662.0,0.0
2,57400,VOLCANIC_ROCK_VOUCHER_9500,658.0,15.0,,,,,659,15,,,,,658.5,0.0
2,57500,VOLCANIC_ROCK_VOUCHER_9500,660.0,33.0,,,,,661,19,,,,,660.5,0.0
2,57600,VOLCANIC_ROCK_VOUCHER_9500,662.0,20.0,,,,,663,20,,,,,662.5,0.0
2,57700,VOLCANIC_ROCK_VOUCHER_9500,661.0,19.0,,,,,663,19,,,,,662.0,0.0
2,57800,VOLCANIC_ROCK_VOUCHER_9500,660.0,13.0,,,,,661,13,,,,,660.5,0.0
2,57900,VOLCANIC_ROCK_VOUCHER_9500,661.0,17.0,,,,,662,17,,,,,661.5,0.0
2,58000,VOLCANIC_ROCK_VOUCHER_9500,661.0,18.0,,,,,663,18,,,,,662.0,0.0
2,58100,VOLCANIC_ROCK_VOUCHER_9500,661.0,16.0,,,,,662,16,,,,,661.5,0.0
2,58200,VOLCANIC_ROCK_VOUCHER_9500,658.0,22.0,,,,,659,19,660.0,22.0,,,658.5,0.0
2,58300,VOLCANIC_ROCK_VOUCHER_9500,658.0,12.0,,,,,659,12,,,,,658.5,0.0
2,58400,VOLCANIC_ROCK_VOUCHER_9500,659.0,13.0,,,,,660,13,,,,,659.5,0.0
2,58500,VOLCANIC_ROCK_VOUCHER_9500,658.0,16.0,,,,,659,16,,,,,658.5,0.0
2,58600,VOLCANIC_ROCK_VOUCHER_9500,657.0,16.0,,,,,658,16,,,,,657.5,0.0
2,58700,VOLCANIC_ROCK_VOUCHER_9500,,,,,,,658,10,,,,,658.0,0.0
2,58800,VOLCANIC_ROCK_VOUCHER_9500,657.0,17.0,,,,,658,17,,,,,657.5,0.0
2,58900,VOLCANIC_ROCK_VOUCHER_9500,657.0,20.0,,,,,658,20,,,,,657.5,0.0
2,59000,VOLCANIC_ROCK_VOUCHER_9500,661.0,17.0,,,,,662,17,,,,,661.5,0.0
2,59100,VOLCANIC_ROCK_VOUCHER_9500,660.0,19.0,,,,,661,19,,,,,660.5,0.0
2,59200,VOLCANIC_ROCK_VOUCHER_9500,660.0,21.0,,,,,661,21,,,,,660.5,0.0
2,59300,VOLCANIC_ROCK_VOUCHER_9500,660.0,18.0,,,,,661,18,,,,,660.5,0.0
2,59400,VOLCANIC_ROCK_VOUCHER_9500,659.0,11.0,,,,,660,11,,,,,659.5,0.0
2,59500,VOLCANIC_ROCK_VOUCHER_9500,660.0,14.0,,,,,661,14,,,,,660.5,0.0
2,59600,VOLCANIC_ROCK_VOUCHER_9500,661.0,14.0,,,,,662,14,,,,,661.5,0.0
2,59700,VOLCANIC_ROCK_VOUCHER_9500,660.0,14.0,,,,,662,14,,,,,661.0,0.0
2,59800,VOLCANIC_ROCK_VOUCHER_9500,663.0,18.0,,,,,664,18,,,,,663.5,0.0
2,59900,VOLCANIC_ROCK_VOUCHER_9500,664.0,10.0,,,,,665,10,,,,,664.5,0.0
2,60000,VOLCANIC_ROCK_VOUCHER_9500,663.0,30.0,,,,,664,16,,,,,663.5,0.0
2,60100,VOLCANIC_ROCK_VOUCHER_9500,662.0,17.0,,,,,663,17,,,,,662.5,0.0
2,60200,VOLCANIC_ROCK_VOUCHER_9500,662.0,12.0,,,,,664,12,,,,,663.0,0.0
2,60300,VOLCANIC_ROCK_VOUCHER_9500,667.0,19.0,,,,,668,19,,,,,667.5,0.0
2,60400,VOLCANIC_ROCK_VOUCHER_9500,665.0,18.0,,,,,666,18,,,,,665.5,0.0
2,60500,VOLCANIC_ROCK_VOUCHER_9500,667.0,14.0,,,,,668,14,,,,,667.5,0.0
2,60600,VOLCANIC_ROCK_VOUCHER_9500,666.0,19.0,,,,,667,19,,,,,666.5,0.0
2,60700,VOLCANIC_ROCK_VOUCHER_9500,668.0,20.0,,,,,669,20,,,,,668.5,0.0
2,60800,VOLCANIC_ROCK_VOUCHER_9500,667.0,15.0,,,,,668,15,,,,,667.5,0.0
2,60900,VOLCANIC_ROCK_VOUCHER_9500,669.0,13.0,,,,,670,13,,,,,669.5,0.0
2,61000,VOLCANIC_ROCK_VOUCHER_9500,673.0,11.0,,,,,674,11,,,,,673.5,0.0
2,61100,VOLCANIC_ROCK_VOUCHER_9500,673.0,12.0,,,,,674,12,,,,,673.5,0.0
2,61200,VOLCANIC_ROCK_VOUCHER_9500,672.0,13.0,,,,,673,13,,,,,672.5,0.0
2,61300,VOLCANIC_ROCK_VOUCHER_9500,675.0,17.0,,,,,676,17,,,,,675.5,0.0
2,61400,VOLCANIC_ROCK_VOUCHER_9500,677.0,19.0,,,,,678,19,,,,,677.5,0.0
2,61500,VOLCANIC_ROCK_VOUCHER_9500,676.0,18.0,,,,,677,18,,,,,676.5,0.0
2,61600,VOLCANIC_ROCK_VOUCHER_9500,675.0,20.0,,,,,676,20,,,,,675.5,0.0
2,61700,VOLCANIC_ROCK_VOUCHER_9500,676.0,18.0,,,,,677,18,,,,,676.5,0.0
2,61800,VOLCANIC_ROCK_VOUCHER_9500,675.0,18.0,,,,,676,18,,,,,675.5,0.0
2,61900,VOLCANIC_ROCK_VOUCHER_9500,677.0,15.0,,,,,678,15,,,,,677.5,0.0
2,62000,VOLCANIC_ROCK_VOUCHER_9500,681.0,21.0,,,,,682,21,,,,,681.5,0.0
2,62100,VOLCANIC_ROCK_VOUCHER_9500,686.0,19.0,,,,,687,19,,,,,686.5,0.0
2,62200,VOLCANIC_ROCK_VOUCHER_9500,685.0,12.0,,,,,686,12,,,,,685.5,0.0
2,62300,VOLCANIC_ROCK_VOUCHER_9500,685.0,15.0,,,,,686,15,,,,,685.5,0.0
2,62400,VOLCANIC_ROCK_VOUCHER_9500,685.0,20.0,,,,,686,20,,,,,685.5,0.0
2,62500,VOLCANIC_ROCK_VOUCHER_9500,685.0,14.0,,,,,686,14,,,,,685.5,0.0
2,62600,VOLCANIC_ROCK_VOUCHER_9500,686.0,14.0,,,,,687,14,,,,,686.5,0.0
2,62700,VOLCANIC_ROCK_VOUCHER_9500,685.0,16.0,,,,,686,16,,,,,685.5,0.0
2,62800,VOLCANIC_ROCK_VOUCHER_9500,680.0,12.0,,,,,681,12,,,,,680.5,0.0
2,62900,VOLCANIC_ROCK_VOUCHER_9500,679.0,15.0,,,,,680,15,,,,,679.5,0.0
2,63000,VOLCANIC_ROCK_VOUCHER_9500,682.0,18.0,,,,,683,18,,,,,682.5,0.0
2,63100,VOLCANIC_ROCK_VOUCHER_9500,682.0,20.0,,,,,683,20,,,,,682.5,0.0
2,63200,VOLCANIC_ROCK_VOUCHER_9500,681.0,12.0,,,,,683,12,,,,,682.0,0.0
2,63300,VOLCANIC_ROCK_VOUCHER_9500,683.0,37.0,,,,,684,17,,,,,683.5,0.0
2,63400,VOLCANIC_ROCK_VOUCHER_9500,680.0,15.0,,,,,681,15,,,,,680.5,0.0
2,63500,VOLCANIC_ROCK_VOUCHER_9500,684.0,20.0,,,,,685,20,,,,,684.5,0.0
2,63600,VOLCANIC_ROCK_VOUCHER_9500,684.0,13.0,,,,,685,13,,,,,684.5,0.0
2,63700,VOLCANIC_ROCK_VOUCHER_9500,684.0,19.0,,,,,685,19,,,,,684.5,0.0
2,63800,VOLCANIC_ROCK_VOUCHER_9500,687.0,31.0,,,,,688,11,,,,,687.5,0.0
2,63900,VOLCANIC_ROCK_VOUCHER_9500,686.0,21.0,,,,,687,21,,,,,686.5,0.0
2,64000,VOLCANIC_ROCK_VOUCHER_9500,684.0,15.0,,,,,686,15,,,,,685.0,0.0
2,64100,VOLCANIC_ROCK_VOUCHER_9500,683.0,19.0,,,,,684,19,,,,,683.5,0.0
2,64200,VOLCANIC_ROCK_VOUCHER_9500,684.0,20.0,,,,,685,20,,,,,684.5,0.0
2,64300,VOLCANIC_ROCK_VOUCHER_9500,684.0,13.0,,,,,686,13,,,,,685.0,0.0
2,64400,VOLCANIC_ROCK_VOUCHER_9500,686.0,13.0,,,,,687,13,,,,,686.5,0.0
2,64500,VOLCANIC_ROCK_VOUCHER_9500,689.0,13.0,,,,,690,13,,,,,689.5,0.0
2,64600,VOLCANIC_ROCK_VOUCHER_9500,690.0,13.0,,,,,691,13,,,,,690.5,0.0
2,64700,VOLCANIC_ROCK_VOUCHER_9500,690.0,12.0,,,,,691,12,,,,,690.5,0.0
2,64800,VOLCANIC_ROCK_VOUCHER_9500,692.0,10.0,,,,,693,10,,,,,692.5,0.0
2,64900,VOLCANIC_ROCK_VOUCHER_9500,693.0,17.0,,,,,694,17,,,,,693.5,0.0
2,65000,VOLCANIC_ROCK_VOUCHER_9500,692.0,21.0,,,,,693,21,,,,,692.5,0.0
2,65100,VOLCANIC_ROCK_VOUCHER_9500,691.0,13.0,,,,,692,13,,,,,691.5,0.0
2,65200,VOLCANIC_ROCK_VOUCHER_9500,689.0,4.0,,,,,690,21,,,,,689.5,0.0
2,65300,VOLCANIC_ROCK_VOUCHER_9500,691.0,13.0,,,,,692,13,,,,,691.5,0.0
2,65400,VOLCANIC_ROCK_VOUCHER_9500,691.0,15.0,,,,,692,15,,,,,691.5,0.0
2,65500,VOLCANIC_ROCK_VOUCHER_9500,691.0,18.0,,,,,692,18,,,,,691.5,0.0
2,65600,VOLCANIC_ROCK_VOUCHER_9500,692.0,16.0,,,,,693,16,,,,,692.5,0.0
2,65700,VOLCANIC_ROCK_VOUCHER_9500,691.0,17.0,,,,,692,17,,,,,691.5,0.0
2,65800,VOLCANIC_ROCK_VOUCHER_9500,691.0,18.0,,,,,692,18,,,,,691.5,0.0
2,65900,VOLCANIC_ROCK_VOUCHER_9500,691.0,15.0,,,,,692,15,,,,,691.5,0.0
2,66000,VOLCANIC_ROCK_VOUCHER_9500,689.0,2.0,688.0,20.0,,,690,22,,,,,689.5,0.0
2,66100,VOLCANIC_ROCK_VOUCHER_9500,685.0,20.0,,,,,686,20,,,,,685.5,0.0
2,66200,VOLCANIC_ROCK_VOUCHER_9500,686.0,21.0,,,,,687,21,,,,,686.5,0.0
2,66300,VOLCANIC_ROCK_VOUCHER_9500,687.0,3.0,,,,,688,16,,,,,687.5,0.0
2,66400,VOLCANIC_ROCK_VOUCHER_9500,683.0,12.0,,,,,684,12,,,,,683.5,0.0
2,66500,VOLCANIC_ROCK_VOUCHER_9500,683.0,12.0,,,,,684,12,,,,,683.5,0.0
2,66600,VOLCANIC_ROCK_VOUCHER_9500,681.0,22.0,,,,,682,22,,,,,681.5,0.0
2,66700,VOLCANIC_ROCK_VOUCHER_9500,680.0,12.0,,,,,681,12,,,,,680.5,0.0
2,66800,VOLCANIC_ROCK_VOUCHER_9500,680.0,18.0,,,,,682,18,,,,,681.0,0.0
2,66900,VOLCANIC_ROCK_VOUCHER_9500,683.0,14.0,,,,,684,14,,,,,683.5,0.0
2,67000,VOLCANIC_ROCK_VOUCHER_9500,684.0,17.0,,,,,685,17,,,,,684.5,0.0
2,67100,VOLCANIC_ROCK_VOUCHER_9500,683.0,15.0,,,,,685,15,,,,,684.0,0.0
2,67200,VOLCANIC_ROCK_VOUCHER_9500,680.0,1.0,,,,,681,13,,,,,680.5,0.0
2,67300,VOLCANIC_ROCK_VOUCHER_9500,680.0,19.0,,,,,681,19,,,,,680.5,0.0
2,67400,VOLCANIC_ROCK_VOUCHER_9500,681.0,18.0,,,,,682,18,,,,,681.5,0.0
2,67500,VOLCANIC_ROCK_VOUCHER_9500,681.0,19.0,,,,,682,19,,,,,681.5,0.0
2,67600,VOLCANIC_ROCK_VOUCHER_9500,680.0,18.0,,,,,681,18,,,,,680.5,0.0
2,67700,VOLCANIC_ROCK_VOUCHER_9500,682.0,17.0,,,,,683,17,,,,,682.5,0.0
2,67800,VOLCANIC_ROCK_VOUCHER_9500,683.0,16.0,,,,,684,16,,,,,683.5,0.0
2,67900,VOLCANIC_ROCK_VOUCHER_9500,682.0,20.0,,,,,683,20,,,,,682.5,0.0
2,68000,VOLCANIC_ROCK_VOUCHER_9500,681.0,15.0,,,,,682,15,,,,,681.5,0.0
2,68100,VOLCANIC_ROCK_VOUCHER_9500,681.0,13.0,,,,,682,13,,,,,681.5,0.0
2,68200,VOLCANIC_ROCK_VOUCHER_9500,681.0,11.0,,,,,682,11,,,,,681.5,0.0
2,68300,VOLCANIC_ROCK_VOUCHER_9500,683.0,34.0,,,,,684,16,,,,,683.5,0.0
2,68400,VOLCANIC_ROCK_VOUCHER_9500,683.0,20.0,,,,,684,20,,,,,683.5,0.0
2,68500,VOLCANIC_ROCK_VOUCHER_9500,689.0,15.0,,,,,690,15,,,,,689.5,0.0
2,68600,VOLCANIC_ROCK_VOUCHER_9500,689.0,11.0,,,,,690,11,,,,,689.5,0.0
2,68700,VOLCANIC_ROCK_VOUCHER_9500,695.0,11.0,,,,,696,11,,,,,695.5,0.0
2,68800,VOLCANIC_ROCK_VOUCHER_9500,691.0,21.0,,,,,692,21,,,,,691.5,0.0
2,68900,VOLCANIC_ROCK_VOUCHER_9500,693.0,14.0,,,,,694,14,,,,,693.5,0.0
2,69000,VOLCANIC_ROCK_VOUCHER_9500,692.0,19.0,,,,,693,19,,,,,692.5,0.0
2,69100,VOLCANIC_ROCK_VOUCHER_9500,691.0,21.0,,,,,692,14,,,,,691.5,0.0
2,69200,VOLCANIC_ROCK_VOUCHER_9500,692.0,14.0,,,,,693,14,,,,,692.5,0.0
2,69300,VOLCANIC_ROCK_VOUCHER_9500,692.0,3.0,,,,,693,18,,,,,692.5,0.0
2,69400,VOLCANIC_ROCK_VOUCHER_9500,688.0,22.0,,,,,689,22,,,,,688.5,0.0
2,69500,VOLCANIC_ROCK_VOUCHER_9500,687.0,21.0,,,,,688,21,,,,,687.5,0.0
2,69600,VOLCANIC_ROCK_VOUCHER_9500,,,,,,,690,20,,,,,690.0,0.0
2,69700,VOLCANIC_ROCK_VOUCHER_9500,688.0,16.0,,,,,689,16,,,,,688.5,0.0
2,69800,VOLCANIC_ROCK_VOUCHER_9500,687.0,12.0,,,,,688,12,,,,,687.5,0.0
2,69900,VOLCANIC_ROCK_VOUCHER_9500,688.0,11.0,,,,,689,11,,,,,688.5,0.0
2,70000,VOLCANIC_ROCK_VOUCHER_9500,686.0,18.0,,,,,687,18,,,,,686.5,0.0
2,70100,VOLCANIC_ROCK_VOUCHER_9500,687.0,19.0,,,,,688,19,,,,,687.5,0.0
2,70200,VOLCANIC_ROCK_VOUCHER_9500,686.0,23.0,,,,,687,16,,,,,686.5,0.0
2,70300,VOLCANIC_ROCK_VOUCHER_9500,685.0,16.0,,,,,686,16,,,,,685.5,0.0
2,70400,VOLCANIC_ROCK_VOUCHER_9500,689.0,14.0,,,,,690,14,,,,,689.5,0.0
2,70500,VOLCANIC_ROCK_VOUCHER_9500,688.0,19.0,,,,,689,19,,,,,688.5,0.0
2,70600,VOLCANIC_ROCK_VOUCHER_9500,686.0,20.0,,,,,687,20,,,,,686.5,0.0
2,70700,VOLCANIC_ROCK_VOUCHER_9500,686.0,18.0,,,,,687,18,,,,,686.5,0.0
2,70800,VOLCANIC_ROCK_VOUCHER_9500,686.0,14.0,,,,,687,14,,,,,686.5,0.0
2,70900,VOLCANIC_ROCK_VOUCHER_9500,687.0,17.0,,,,,688,17,,,,,687.5,0.0
2,71000,VOLCANIC_ROCK_VOUCHER_9500,686.0,21.0,,,,,687,21,,,,,686.5,0.0
2,71100,VOLCANIC_ROCK_VOUCHER_9500,688.0,20.0,,,,,689,20,,,,,688.5,0.0
2,71200,VOLCANIC_ROCK_VOUCHER_9500,688.0,15.0,,,,,689,15,,,,,688.5,0.0
2,71300,VOLCANIC_ROCK_VOUCHER_9500,690.0,18.0,,,,,691,18,,,,,690.5,0.0
2,71400,VOLCANIC_ROCK_VOUCHER_9500,691.0,35.0,,,,,692,18,,,,,691.5,0.0
2,71500,VOLCANIC_ROCK_VOUCHER_9500,691.0,18.0,,,,,692,18,,,,,691.5,0.0
2,71600,VOLCANIC_ROCK_VOUCHER_9500,690.0,34.0,,,,,691,20,,,,,690.5,0.0
2,71700,VOLCANIC_ROCK_VOUCHER_9500,,,,,,,690,6,692.0,12.0,,,690.0,0.0
2,71800,VOLCANIC_ROCK_VOUCHER_9500,690.0,20.0,,,,,691,20,,,,,690.5,0.0
2,71900,VOLCANIC_ROCK_VOUCHER_9500,688.0,35.0,,,,,690,17,,,,,689.0,0.0
2,72000,VOLCANIC_ROCK_VOUCHER_9500,687.0,16.0,,,,,688,16,,,,,687.5,0.0
2,72100,VOLCANIC_ROCK_VOUCHER_9500,688.0,32.0,,,,,689,18,,,,,688.5,0.0
2,72200,VOLCANIC_ROCK_VOUCHER_9500,688.0,14.0,,,,,689,14,,,,,688.5,0.0
2,72300,VOLCANIC_ROCK_VOUCHER_9500,691.0,18.0,,,,,692,18,,,,,691.5,0.0
2,72400,VOLCANIC_ROCK_VOUCHER_9500,685.0,18.0,,,,,686,18,,,,,685.5,0.0
2,72500,VOLCANIC_ROCK_VOUCHER_9500,683.0,20.0,,,,,684,20,,,,,683.5,0.0
2,72600,VOLCANIC_ROCK_VOUCHER_9500,679.0,18.0,,,,,680,18,,,,,679.5,0.0
2,72700,VOLCANIC_ROCK_VOUCHER_9500,680.0,15.0,,,,,681,15,,,,,680.5,0.0
2,72800,VOLCANIC_ROCK_VOUCHER_9500,681.0,13.0,,,,,682,13,,,,,681.5,0.0
2,72900,VOLCANIC_ROCK_VOUCHER_9500,684.0,21.0,,,,,685,21,,,,,684.5,0.0
2,73000,VOLCANIC_ROCK_VOUCHER_9500,685.0,6.0,,,,,686,18,,,,,685.5,0.0
2,73100,VOLCANIC_ROCK_VOUCHER_9500,685.0,20.0,,,,,686,20,,,,,685.5,0.0
2,73200,VOLCANIC_ROCK_VOUCHER_9500,684.0,22.0,,,,,685,22,,,,,684.5,0.0
2,73300,VOLCANIC_ROCK_VOUCHER_9500,683.0,11.0,,,,,684,11,,,,,683.5,0.0
2,73400,VOLCANIC_ROCK_VOUCHER_9500,680.0,21.0,,,,,681,21,,,,,680.5,0.0
2,73500,VOLCANIC_ROCK_VOUCHER_9500,681.0,11.0,,,,,682,11,,,,,681.5,0.0
2,73600,VOLCANIC_ROCK_VOUCHER_9500,683.0,17.0,,,,,684,17,,,,,683.5,0.0
2,73700,VOLCANIC_ROCK_VOUCHER_9500,682.0,17.0,,,,,683,17,,,,,682.5,0.0
2,73800,VOLCANIC_ROCK_VOUCHER_9500,682.0,21.0,,,,,683,21,,,,,682.5,0.0
2,73900,VOLCANIC_ROCK_VOUCHER_9500,682.0,20.0,,,,,684,20,,,,,683.0,0.0
2,74000,VOLCANIC_ROCK_VOUCHER_9500,683.0,15.0,,,,,684,15,,,,,683.5,0.0
2,74100,VOLCANIC_ROCK_VOUCHER_9500,689.0,17.0,,,,,690,17,,,,,689.5,0.0
2,74200,VOLCANIC_ROCK_VOUCHER_9500,688.0,19.0,,,,,689,19,,,,,688.5,0.0
2,74300,VOLCANIC_ROCK_VOUCHER_9500,686.0,21.0,,,,,687,21,,,,,686.5,0.0
2,74400,VOLCANIC_ROCK_VOUCHER_9500,688.0,20.0,,,,,689,20,,,,,688.5,0.0
2,74500,VOLCANIC_ROCK_VOUCHER_9500,689.0,17.0,,,,,690,17,,,,,689.5,0.0
2,74600,VOLCANIC_ROCK_VOUCHER_9500,688.0,14.0,,,,,689,14,,,,,688.5,0.0
2,74700,VOLCANIC_ROCK_VOUCHER_9500,688.0,15.0,,,,,689,15,,,,,688.5,0.0
2,74800,VOLCANIC_ROCK_VOUCHER_9500,687.0,13.0,,,,,688,13,,,,,687.5,0.0
2,74900,VOLCANIC_ROCK_VOUCHER_9500,685.0,3.0,,,,,686,17,,,,,685.5,0.0
2,75000,VOLCANIC_ROCK_VOUCHER_9500,687.0,17.0,,,,,688,17,,,,,687.5,0.0
2,75100,VOLCANIC_ROCK_VOUCHER_9500,687.0,11.0,,,,,688,11,,,,,687.5,0.0
2,75200,VOLCANIC_ROCK_VOUCHER_9500,687.0,15.0,,,,,688,15,,,,,687.5,0.0
2,75300,VOLCANIC_ROCK_VOUCHER_9500,686.0,19.0,,,,,687,19,,,,,686.5,0.0
2,75400,VOLCANIC_ROCK_VOUCHER_9500,683.0,20.0,,,,,685,20,,,,,684.0,0.0
2,75500,VOLCANIC_ROCK_VOUCHER_9500,686.0,17.0,,,,,688,17,,,,,687.0,0.0
2,75600,VOLCANIC_ROCK_VOUCHER_9500,685.0,22.0,,,,,686,22,,,,,685.5,0.0
2,75700,VOLCANIC_ROCK_VOUCHER_9500,685.0,14.0,,,,,686,14,,,,,685.5,0.0
2,75800,VOLCANIC_ROCK_VOUCHER_9500,685.0,17.0,,,,,686,17,,,,,685.5,0.0
2,75900,VOLCANIC_ROCK_VOUCHER_9500,684.0,20.0,,,,,685,2,686.0,18.0,,,684.5,0.0
2,76000,VOLCANIC_ROCK_VOUCHER_9500,683.0,1.0,,,,,684,18,,,,,683.5,0.0
2,76100,VOLCANIC_ROCK_VOUCHER_9500,684.0,12.0,,,,,685,12,,,,,684.5,0.0
2,76200,VOLCANIC_ROCK_VOUCHER_9500,683.0,16.0,,,,,684,16,,,,,683.5,0.0
2,76300,VOLCANIC_ROCK_VOUCHER_9500,685.0,11.0,,,,,686,11,,,,,685.5,0.0
2,76400,VOLCANIC_ROCK_VOUCHER_9500,685.0,15.0,,,,,686,15,,,,,685.5,0.0
2,76500,VOLCANIC_ROCK_VOUCHER_9500,686.0,18.0,,,,,687,18,,,,,686.5,0.0
2,76600,VOLCANIC_ROCK_VOUCHER_9500,684.0,16.0,,,,,685,16,,,,,684.5,0.0
2,76700,VOLCANIC_ROCK_VOUCHER_9500,685.0,18.0,,,,,686,18,,,,,685.5,0.0
2,76800,VOLCANIC_ROCK_VOUCHER_9500,684.0,15.0,,,,,685,15,,,,,684.5,0.0
2,76900,VOLCANIC_ROCK_VOUCHER_9500,684.0,13.0,,,,,685,13,,,,,684.5,0.0
2,77000,VOLCANIC_ROCK_VOUCHER_9500,684.0,13.0,,,,,685,13,,,,,684.5,0.0
2,77100,VOLCANIC_ROCK_VOUCHER_9500,682.0,10.0,,,,,683,10,,,,,682.5,0.0
2,77200,VOLCANIC_ROCK_VOUCHER_9500,683.0,18.0,,,,,684,18,,,,,683.5,0.0
2,77300,VOLCANIC_ROCK_VOUCHER_9500,685.0,20.0,,,,,686,20,,,,,685.5,0.0
2,77400,VOLCANIC_ROCK_VOUCHER_9500,684.0,21.0,,,,,685,21,,,,,684.5,0.0
2,77500,VOLCANIC_ROCK_VOUCHER_9500,684.0,20.0,,,,,686,20,,,,,685.0,0.0
2,77600,VOLCANIC_ROCK_VOUCHER_9500,684.0,21.0,,,,,685,21,,,,,684.5,0.0
2,77700,VOLCANIC_ROCK_VOUCHER_9500,684.0,12.0,,,,,685,12,,,,,684.5,0.0
2,77800,VOLCANIC_ROCK_VOUCHER_9500,685.0,16.0,,,,,686,16,,,,,685.5,0.0
2,77900,VOLCANIC_ROCK_VOUCHER_9500,685.0,13.0,,,,,686,13,,,,,685.5,0.0
2,78000,VOLCANIC_ROCK_VOUCHER_9500,684.0,22.0,,,,,685,22,,,,,684.5,0.0
2,78100,VOLCANIC_ROCK_VOUCHER_9500,683.0,11.0,,,,,684,11,,,,,683.5,0.0
2,78200,VOLCANIC_ROCK_VOUCHER_9500,683.0,12.0,,,,,684,12,,,,,683.5,0.0
2,78300,VOLCANIC_ROCK_VOUCHER_9500,684.0,19.0,,,,,685,19,,,,,684.5,0.0
2,78400,VOLCANIC_ROCK_VOUCHER_9500,679.0,17.0,,,,,680,17,,,,,679.5,0.0
2,78500,VOLCANIC_ROCK_VOUCHER_9500,679.0,6.0,,,,,680,20,,,,,679.5,0.0
2,78600,VOLCANIC_ROCK_VOUCHER_9500,679.0,11.0,,,,,680,11,,,,,679.5,0.0
2,78700,VOLCANIC_ROCK_VOUCHER_9500,679.0,17.0,,,,,680,17,,,,,679.5,0.0
2,78800,VOLCANIC_ROCK_VOUCHER_9500,680.0,20.0,,,,,681,20,,,,,680.5,0.0
2,78900,VOLCANIC_ROCK_VOUCHER_9500,682.0,22.0,,,,,683,22,,,,,682.5,0.0
2,79000,VOLCANIC_ROCK_VOUCHER_9500,682.0,16.0,,,,,683,16,,,,,682.5,0.0
2,79100,VOLCANIC_ROCK_VOUCHER_9500,682.0,38.0,,,,,683,20,,,,,682.5,0.0
2,79200,VOLCANIC_ROCK_VOUCHER_9500,681.0,35.0,,,,,682,18,,,,,681.5,0.0
2,79300,VOLCANIC_ROCK_VOUCHER_9500,680.0,17.0,,,,,681,17,,,,,680.5,0.0
2,79400,VOLCANIC_ROCK_VOUCHER_9500,680.0,16.0,,,,,681,16,,,,,680.5,0.0
2,79500,VOLCANIC_ROCK_VOUCHER_9500,680.0,14.0,,,,,681,14,,,,,680.5,0.0
2,79600,VOLCANIC_ROCK_VOUCHER_9500,679.0,16.0,,,,,681,16,,,,,680.0,0.0
2,79700,VOLCANIC_ROCK_VOUCHER_9500,680.0,17.0,679.0,17.0,,,681,17,,,,,680.5,0.0
2,79800,VOLCANIC_ROCK_VOUCHER_9500,679.0,16.0,,,,,680,16,,,,,679.5,0.0
2,79900,VOLCANIC_ROCK_VOUCHER_9500,677.0,18.0,,,,,679,18,,,,,678.0,0.0
2,80000,VOLCANIC_ROCK_VOUCHER_9500,679.0,4.0,,,,,681,19,,,,,680.0,0.0
2,80100,VOLCANIC_ROCK_VOUCHER_9500,681.0,16.0,,,,,682,16,,,,,681.5,0.0
2,80200,VOLCANIC_ROCK_VOUCHER_9500,682.0,1.0,,,,,683,13,,,,,682.5,0.0
2,80300,VOLCANIC_ROCK_VOUCHER_9500,683.0,14.0,,,,,684,14,,,,,683.5,0.0
2,80400,VOLCANIC_ROCK_VOUCHER_9500,683.0,20.0,,,,,684,20,,,,,683.5,0.0
2,80500,VOLCANIC_ROCK_VOUCHER_9500,684.0,11.0,,,,,685,11,,,,,684.5,0.0
2,80600,VOLCANIC_ROCK_VOUCHER_9500,685.0,10.0,,,,,686,10,,,,,685.5,0.0
2,80700,VOLCANIC_ROCK_VOUCHER_9500,686.0,20.0,,,,,687,20,,,,,686.5,0.0
2,80800,VOLCANIC_ROCK_VOUCHER_9500,686.0,31.0,,,,,688,16,,,,,687.0,0.0
2,80900,VOLCANIC_ROCK_VOUCHER_9500,685.0,20.0,,,,,686,20,,,,,685.5,0.0
2,81000,VOLCANIC_ROCK_VOUCHER_9500,685.0,17.0,,,,,686,17,,,,,685.5,0.0
2,81100,VOLCANIC_ROCK_VOUCHER_9500,686.0,19.0,,,,,687,19,,,,,686.5,0.0
2,81200,VOLCANIC_ROCK_VOUCHER_9500,685.0,20.0,,,,,686,20,,,,,685.5,0.0
2,81300,VOLCANIC_ROCK_VOUCHER_9500,684.0,18.0,,,,,685,18,,,,,684.5,0.0
2,81400,VOLCANIC_ROCK_VOUCHER_9500,681.0,15.0,,,,,682,15,,,,,681.5,0.0
2,81500,VOLCANIC_ROCK_VOUCHER_9500,681.0,15.0,,,,,682,15,,,,,681.5,0.0
2,81600,VOLCANIC_ROCK_VOUCHER_9500,680.0,19.0,,,,,681,19,,,,,680.5,0.0
2,81700,VOLCANIC_ROCK_VOUCHER_9500,682.0,12.0,,,,,683,12,,,,,682.5,0.0
2,81800,VOLCANIC_ROCK_VOUCHER_9500,682.0,13.0,,,,,683,13,,,,,682.5,0.0
2,81900,VOLCANIC_ROCK_VOUCHER_9500,682.0,13.0,,,,,683,13,,,,,682.5,0.0
2,82000,VOLCANIC_ROCK_VOUCHER_9500,684.0,15.0,,,,,686,15,,,,,685.0,0.0
2,82100,VOLCANIC_ROCK_VOUCHER_9500,688.0,17.0,,,,,689,17,,,,,688.5,0.0
2,82200,VOLCANIC_ROCK_VOUCHER_9500,685.0,13.0,,,,,687,13,,,,,686.0,0.0
2,82300,VOLCANIC_ROCK_VOUCHER_9500,686.0,10.0,,,,,687,10,,,,,686.5,0.0
2,82400,VOLCANIC_ROCK_VOUCHER_9500,685.0,14.0,,,,,686,14,,,,,685.5,0.0
2,82500,VOLCANIC_ROCK_VOUCHER_9500,685.0,21.0,,,,,686,2,687.0,19.0,,,685.5,0.0
2,82600,VOLCANIC_ROCK_VOUCHER_9500,686.0,15.0,,,,,687,15,,,,,686.5,0.0
2,82700,VOLCANIC_ROCK_VOUCHER_9500,688.0,18.0,,,,,689,18,,,,,688.5,0.0
2,82800,VOLCANIC_ROCK_VOUCHER_9500,688.0,12.0,,,,,689,12,,,,,688.5,0.0
2,82900,VOLCANIC_ROCK_VOUCHER_9500,687.0,12.0,,,,,688,12,,,,,687.5,0.0
2,83000,VOLCANIC_ROCK_VOUCHER_9500,687.0,14.0,,,,,688,14,,,,,687.5,0.0
2,83100,VOLCANIC_ROCK_VOUCHER_9500,687.0,29.0,,,,,688,16,,,,,687.5,0.0
2,83200,VOLCANIC_ROCK_VOUCHER_9500,687.0,16.0,,,,,688,16,,,,,687.5,0.0
2,83300,VOLCANIC_ROCK_VOUCHER_9500,685.0,16.0,,,,,686,16,,,,,685.5,0.0
2,83400,VOLCANIC_ROCK_VOUCHER_9500,685.0,18.0,,,,,686,18,,,,,685.5,0.0
2,83500,VOLCANIC_ROCK_VOUCHER_9500,684.0,12.0,,,,,686,12,,,,,685.0,0.0
2,83600,VOLCANIC_ROCK_VOUCHER_9500,685.0,14.0,,,,,686,14,,,,,685.5,0.0
2,83700,VOLCANIC_ROCK_VOUCHER_9500,687.0,22.0,,,,,688,22,,,,,687.5,0.0
2,83800,VOLCANIC_ROCK_VOUCHER_9500,687.0,8.0,,,,,689,19,,,,,688.0,0.0
2,83900,VOLCANIC_ROCK_VOUCHER_9500,687.0,14.0,,,,,688,14,,,,,687.5,0.0
2,84000,VOLCANIC_ROCK_VOUCHER_9500,685.0,14.0,,,,,686,14,,,,,685.5,0.0
2,84100,VOLCANIC_ROCK_VOUCHER_9500,684.0,20.0,,,,,685,20,,,,,684.5,0.0
2,84200,VOLCANIC_ROCK_VOUCHER_9500,683.0,16.0,,,,,684,16,,,,,683.5,0.0
2,84300,VOLCANIC_ROCK_VOUCHER_9500,681.0,19.0,,,,,682,19,,,,,681.5,0.0
2,84400,VOLCANIC_ROCK_VOUCHER_9500,680.0,10.0,,,,,681,10,,,,,680.5,0.0
2,84500,VOLCANIC_ROCK_VOUCHER_9500,681.0,16.0,,,,,682,16,,,,,681.5,0.0
2,84600,VOLCANIC_ROCK_VOUCHER_9500,680.0,22.0,,,,,681,22,,,,,680.5,0.0
2,84700,VOLCANIC_ROCK_VOUCHER_9500,681.0,13.0,,,,,682,13,,,,,681.5,0.0
2,84800,VOLCANIC_ROCK_VOUCHER_9500,682.0,13.0,,,,,683,13,,,,,682.5,0.0
2,84900,VOLCANIC_ROCK_VOUCHER_9500,680.0,15.0,,,,,681,15,,,,,680.5,0.0
2,85000,VOLCANIC_ROCK_VOUCHER_9500,680.0,14.0,,,,,681,14,,,,,680.5,0.0
2,85100,VOLCANIC_ROCK_VOUCHER_9500,680.0,7.0,,,,,681,12,,,,,680.5,0.0
2,85200,VOLCANIC_ROCK_VOUCHER_9500,681.0,12.0,,,,,682,12,,,,,681.5,0.0
2,85300,VOLCANIC_ROCK_VOUCHER_9500,682.0,13.0,,,,,683,13,,,,,682.5,0.0
2,85400,VOLCANIC_ROCK_VOUCHER_9500,681.0,1.0,,,,,683,10,,,,,682.0,0.0
2,85500,VOLCANIC_ROCK_VOUCHER_9500,684.0,1.0,683.0,16.0,,,685,17,,,,,684.5,0.0
2,85600,VOLCANIC_ROCK_VOUCHER_9500,683.0,14.0,,,,,684,14,,,,,683.5,0.0
2,85700,VOLCANIC_ROCK_VOUCHER_9500,681.0,19.0,,,,,682,19,,,,,681.5,0.0
2,85800,VOLCANIC_ROCK_VOUCHER_9500,679.0,10.0,,,,,680,10,,,,,679.5,0.0
2,85900,VOLCANIC_ROCK_VOUCHER_9500,678.0,22.0,,,,,679,22,,,,,678.5,0.0
2,86000,VOLCANIC_ROCK_VOUCHER_9500,676.0,12.0,,,,,677,12,,,,,676.5,0.0
2,86100,VOLCANIC_ROCK_VOUCHER_9500,672.0,17.0,,,,,673,17,,,,,672.5,0.0
2,86200,VOLCANIC_ROCK_VOUCHER_9500,673.0,15.0,,,,,674,15,,,,,673.5,0.0
2,86300,VOLCANIC_ROCK_VOUCHER_9500,674.0,13.0,,,,,675,13,,,,,674.5,0.0
2,86400,VOLCANIC_ROCK_VOUCHER_9500,675.0,27.0,,,,,676,12,,,,,675.5,0.0
2,86500,VOLCANIC_ROCK_VOUCHER_9500,674.0,12.0,,,,,675,12,,,,,674.5,0.0
2,86600,VOLCANIC_ROCK_VOUCHER_9500,674.0,19.0,,,,,675,19,,,,,674.5,0.0
2,86700,VOLCANIC_ROCK_VOUCHER_9500,674.0,13.0,,,,,675,13,,,,,674.5,0.0
2,86800,VOLCANIC_ROCK_VOUCHER_9500,673.0,22.0,,,,,674,22,,,,,673.5,0.0
2,86900,VOLCANIC_ROCK_VOUCHER_9500,672.0,16.0,,,,,674,16,,,,,673.0,0.0
2,87000,VOLCANIC_ROCK_VOUCHER_9500,672.0,12.0,,,,,673,12,,,,,672.5,0.0
2,87100,VOLCANIC_ROCK_VOUCHER_9500,673.0,33.0,,,,,674,16,,,,,673.5,0.0
2,87200,VOLCANIC_ROCK_VOUCHER_9500,673.0,15.0,,,,,674,15,,,,,673.5,0.0
2,87300,VOLCANIC_ROCK_VOUCHER_9500,672.0,13.0,,,,,673,13,,,,,672.5,0.0
2,87400,VOLCANIC_ROCK_VOUCHER_9500,672.0,16.0,,,,,673,16,,,,,672.5,0.0
2,87500,VOLCANIC_ROCK_VOUCHER_9500,675.0,16.0,,,,,676,16,,,,,675.5,0.0
2,87600,VOLCANIC_ROCK_VOUCHER_9500,674.0,20.0,,,,,675,20,,,,,674.5,0.0
2,87700,VOLCANIC_ROCK_VOUCHER_9500,672.0,12.0,,,,,673,12,,,,,672.5,0.0
2,87800,VOLCANIC_ROCK_VOUCHER_9500,673.0,20.0,,,,,674,20,,,,,673.5,0.0
2,87900,VOLCANIC_ROCK_VOUCHER_9500,674.0,16.0,,,,,675,16,,,,,674.5,0.0
2,88000,VOLCANIC_ROCK_VOUCHER_9500,674.0,19.0,,,,,675,19,,,,,674.5,0.0
2,88100,VOLCANIC_ROCK_VOUCHER_9500,675.0,24.0,,,,,676,11,,,,,675.5,0.0
2,88200,VOLCANIC_ROCK_VOUCHER_9500,677.0,18.0,,,,,678,1,679.0,17.0,,,677.5,0.0
2,88300,VOLCANIC_ROCK_VOUCHER_9500,678.0,21.0,,,,,679,21,,,,,678.5,0.0
2,88400,VOLCANIC_ROCK_VOUCHER_9500,679.0,13.0,,,,,680,13,,,,,679.5,0.0
2,88500,VOLCANIC_ROCK_VOUCHER_9500,678.0,14.0,,,,,679,14,,,,,678.5,0.0
2,88600,VOLCANIC_ROCK_VOUCHER_9500,679.0,14.0,,,,,680,14,,,,,679.5,0.0
2,88700,VOLCANIC_ROCK_VOUCHER_9500,677.0,18.0,,,,,678,12,679.0,18.0,,,677.5,0.0
2,88800,VOLCANIC_ROCK_VOUCHER_9500,678.0,12.0,,,,,679,12,,,,,678.5,0.0
2,88900,VOLCANIC_ROCK_VOUCHER_9500,677.0,14.0,,,,,678,1,679.0,13.0,,,677.5,0.0
2,89000,VOLCANIC_ROCK_VOUCHER_9500,677.0,15.0,,,,,679,15,,,,,678.0,0.0
2,89100,VOLCANIC_ROCK_VOUCHER_9500,678.0,15.0,,,,,679,15,,,,,678.5,0.0
2,89200,VOLCANIC_ROCK_VOUCHER_9500,678.0,17.0,,,,,679,17,,,,,678.5,0.0
2,89300,VOLCANIC_ROCK_VOUCHER_9500,678.0,16.0,,,,,679,16,,,,,678.5,0.0
2,89400,VOLCANIC_ROCK_VOUCHER_9500,679.0,12.0,,,,,680,12,,,,,679.5,0.0
2,89500,VOLCANIC_ROCK_VOUCHER_9500,680.0,15.0,,,,,681,15,,,,,680.5,0.0
2,89600,VOLCANIC_ROCK_VOUCHER_9500,681.0,13.0,,,,,682,13,,,,,681.5,0.0
2,89700,VOLCANIC_ROCK_VOUCHER_9500,683.0,15.0,,,,,684,15,,,,,683.5,0.0
2,89800,VOLCANIC_ROCK_VOUCHER_9500,683.0,16.0,,,,,684,16,,,,,683.5,0.0
2,89900,VOLCANIC_ROCK_VOUCHER_9500,681.0,27.0,,,,,682,14,,,,,681.5,0.0
2,90000,VOLCANIC_ROCK_VOUCHER_9500,679.0,18.0,,,,,680,18,,,,,679.5,0.0
2,90100,VOLCANIC_ROCK_VOUCHER_9500,679.0,10.0,,,,,680,10,,,,,679.5,0.0
2,90200,VOLCANIC_ROCK_VOUCHER_9500,679.0,15.0,,,,,680,15,,,,,679.5,0.0
2,90300,VOLCANIC_ROCK_VOUCHER_9500,679.0,12.0,,,,,681,12,,,,,680.0,0.0
2,90400,VOLCANIC_ROCK_VOUCHER_9500,676.0,1.0,,,,,677,11,,,,,676.5,0.0
2,90500,VOLCANIC_ROCK_VOUCHER_9500,676.0,17.0,,,,,677,17,,,,,676.5,0.0
2,90600,VOLCANIC_ROCK_VOUCHER_9500,676.0,33.0,,,,,677,16,,,,,676.5,0.0
2,90700,VOLCANIC_ROCK_VOUCHER_9500,675.0,14.0,,,,,676,14,,,,,675.5,0.0
2,90800,VOLCANIC_ROCK_VOUCHER_9500,674.0,13.0,,,,,676,13,,,,,675.0,0.0
2,90900,VOLCANIC_ROCK_VOUCHER_9500,674.0,12.0,,,,,675,12,,,,,674.5,0.0
2,91000,VOLCANIC_ROCK_VOUCHER_9500,677.0,17.0,,,,,678,17,,,,,677.5,0.0
2,91100,VOLCANIC_ROCK_VOUCHER_9500,680.0,27.0,,,,,681,13,,,,,680.5,0.0
2,91200,VOLCANIC_ROCK_VOUCHER_9500,676.0,12.0,,,,,677,12,,,,,676.5,0.0
2,91300,VOLCANIC_ROCK_VOUCHER_9500,677.0,16.0,,,,,679,16,,,,,678.0,0.0
2,91400,VOLCANIC_ROCK_VOUCHER_9500,679.0,16.0,,,,,680,16,,,,,679.5,0.0
2,91500,VOLCANIC_ROCK_VOUCHER_9500,679.0,21.0,,,,,680,21,,,,,679.5,0.0
2,91600,VOLCANIC_ROCK_VOUCHER_9500,677.0,21.0,,,,,679,21,,,,,678.0,0.0
2,91700,VOLCANIC_ROCK_VOUCHER_9500,678.0,32.0,,,,,679,14,,,,,678.5,0.0
2,91800,VOLCANIC_ROCK_VOUCHER_9500,678.0,12.0,,,,,679,12,,,,,678.5,0.0
2,91900,VOLCANIC_ROCK_VOUCHER_9500,674.0,15.0,,,,,675,15,,,,,674.5,0.0
2,92000,VOLCANIC_ROCK_VOUCHER_9500,676.0,21.0,,,,,677,21,,,,,676.5,0.0
2,92100,VOLCANIC_ROCK_VOUCHER_9500,677.0,10.0,,,,,678,10,,,,,677.5,0.0
2,92200,VOLCANIC_ROCK_VOUCHER_9500,681.0,19.0,,,,,682,19,,,,,681.5,0.0
2,92300,VOLCANIC_ROCK_VOUCHER_9500,683.0,20.0,,,,,684,20,,,,,683.5,0.0
2,92400,VOLCANIC_ROCK_VOUCHER_9500,685.0,1.0,,,,,686,12,,,,,685.5,0.0
2,92500,VOLCANIC_ROCK_VOUCHER_9500,690.0,18.0,,,,,691,18,,,,,690.5,0.0
2,92600,VOLCANIC_ROCK_VOUCHER_9500,692.0,12.0,,,,,693,12,,,,,692.5,0.0
2,92700,VOLCANIC_ROCK_VOUCHER_9500,689.0,19.0,,,,,690,19,,,,,689.5,0.0
2,92800,VOLCANIC_ROCK_VOUCHER_9500,691.0,17.0,,,,,692,17,,,,,691.5,0.0
2,92900,VOLCANIC_ROCK_VOUCHER_9500,689.0,4.0,,,,,690,20,,,,,689.5,0.0
2,93000,VOLCANIC_ROCK_VOUCHER_9500,685.0,13.0,,,,,686,13,,,,,685.5,0.0
2,93100,VOLCANIC_ROCK_VOUCHER_9500,685.0,21.0,,,,,686,21,,,,,685.5,0.0
2,93200,VOLCANIC_ROCK_VOUCHER_9500,685.0,17.0,,,,,686,17,,,,,685.5,0.0
2,93300,VOLCANIC_ROCK_VOUCHER_9500,684.0,22.0,,,,,685,22,,,,,684.5,0.0
2,93400,VOLCANIC_ROCK_VOUCHER_9500,681.0,21.0,,,,,682,21,,,,,681.5,0.0
2,93500,VOLCANIC_ROCK_VOUCHER_9500,683.0,13.0,,,,,684,13,,,,,683.5,0.0
2,93600,VOLCANIC_ROCK_VOUCHER_9500,684.0,13.0,,,,,685,13,,,,,684.5,0.0
2,93700,VOLCANIC_ROCK_VOUCHER_9500,684.0,12.0,,,,,686,12,,,,,685.0,0.0
2,93800,VOLCANIC_ROCK_VOUCHER_9500,683.0,14.0,,,,,684,14,,,,,683.5,0.0
2,93900,VOLCANIC_ROCK_VOUCHER_9500,684.0,14.0,,,,,685,14,,,,,684.5,0.0
2,94000,VOLCANIC_ROCK_VOUCHER_9500,682.0,17.0,,,,,683,17,684.0,17.0,,,682.5,0.0
2,94100,VOLCANIC_ROCK_VOUCHER_9500,683.0,16.0,,,,,684,16,,,,,683.5,0.0
2,94200,VOLCANIC_ROCK_VOUCHER_9500,681.0,13.0,,,,,683,13,,,,,682.0,0.0
2,94300,VOLCANIC_ROCK_VOUCHER_9500,678.0,21.0,,,,,679,21,,,,,678.5,0.0
2,94400,VOLCANIC_ROCK_VOUCHER_9500,679.0,17.0,,,,,680,17,,,,,679.5,0.0
2,94500,VOLCANIC_ROCK_VOUCHER_9500,678.0,34.0,,,,,679,20,,,,,678.5,0.0
2,94600,VOLCANIC_ROCK_VOUCHER_9500,678.0,16.0,,,,,679,16,,,,,678.5,0.0
2,94700,VOLCANIC_ROCK_VOUCHER_9500,678.0,1.0,677.0,15.0,,,679,16,,,,,678.5,0.0
2,94800,VOLCANIC_ROCK_VOUCHER_9500,678.0,15.0,,,,,679,15,,,,,678.5,0.0
2,94900,VOLCANIC_ROCK_VOUCHER_9500,678.0,15.0,,,,,679,15,,,,,678.5,0.0
2,95000,VOLCANIC_ROCK_VOUCHER_9500,679.0,13.0,,,,,680,13,,,,,679.5,0.0
2,95100,VOLCANIC_ROCK_VOUCHER_9500,677.0,31.0,,,,,678,12,,,,,677.5,0.0
2,95200,VOLCANIC_ROCK_VOUCHER_9500,677.0,22.0,,,,,678,22,,,,,677.5,0.0
2,95300,VOLCANIC_ROCK_VOUCHER_9500,674.0,15.0,,,,,675,15,,,,,674.5,0.0
2,95400,VOLCANIC_ROCK_VOUCHER_9500,675.0,15.0,,,,,676,15,,,,,675.5,0.0
2,95500,VOLCANIC_ROCK_VOUCHER_9500,677.0,16.0,,,,,678,16,,,,,677.5,0.0
2,95600,VOLCANIC_ROCK_VOUCHER_9500,675.0,15.0,,,,,676,15,,,,,675.5,0.0
2,95700,VOLCANIC_ROCK_VOUCHER_9500,675.0,16.0,,,,,676,16,,,,,675.5,0.0
2,95800,VOLCANIC_ROCK_VOUCHER_9500,676.0,12.0,,,,,677,12,,,,,676.5,0.0
2,95900,VOLCANIC_ROCK_VOUCHER_9500,677.0,2.0,,,,,678,17,,,,,677.5,0.0
2,96000,VOLCANIC_ROCK_VOUCHER_9500,676.0,21.0,,,,,677,21,,,,,676.5,0.0
2,96100,VOLCANIC_ROCK_VOUCHER_9500,674.0,19.0,,,,,675,19,,,,,674.5,0.0
2,96200,VOLCANIC_ROCK_VOUCHER_9500,676.0,14.0,,,,,677,14,,,,,676.5,0.0
2,96300,VOLCANIC_ROCK_VOUCHER_9500,677.0,19.0,,,,,678,19,,,,,677.5,0.0
2,96400,VOLCANIC_ROCK_VOUCHER_9500,673.0,33.0,,,,,674,18,,,,,673.5,0.0
2,96500,VOLCANIC_ROCK_VOUCHER_9500,674.0,17.0,,,,,675,17,,,,,674.5,0.0
2,96600,VOLCANIC_ROCK_VOUCHER_9500,673.0,15.0,,,,,675,15,,,,,674.0,0.0
2,96700,VOLCANIC_ROCK_VOUCHER_9500,673.0,11.0,,,,,675,11,,,,,674.0,0.0
2,96800,VOLCANIC_ROCK_VOUCHER_9500,669.0,10.0,,,,,670,10,,,,,669.5,0.0
2,96900,VOLCANIC_ROCK_VOUCHER_9500,669.0,19.0,,,,,670,19,,,,,669.5,0.0
2,97000,VOLCANIC_ROCK_VOUCHER_9500,671.0,15.0,,,,,672,15,,,,,671.5,0.0
2,97100,VOLCANIC_ROCK_VOUCHER_9500,671.0,20.0,,,,,672,20,,,,,671.5,0.0
2,97200,VOLCANIC_ROCK_VOUCHER_9500,669.0,20.0,,,,,670,15,,,,,669.5,0.0
2,97300,VOLCANIC_ROCK_VOUCHER_9500,669.0,36.0,,,,,670,17,,,,,669.5,0.0
2,97400,VOLCANIC_ROCK_VOUCHER_9500,668.0,21.0,,,,,669,21,,,,,668.5,0.0
2,97500,VOLCANIC_ROCK_VOUCHER_9500,669.0,17.0,,,,,670,17,,,,,669.5,0.0
2,97600,VOLCANIC_ROCK_VOUCHER_9500,670.0,13.0,,,,,671,13,,,,,670.5,0.0
2,97700,VOLCANIC_ROCK_VOUCHER_9500,668.0,14.0,,,,,669,14,,,,,668.5,0.0
2,97800,VOLCANIC_ROCK_VOUCHER_9500,669.0,21.0,,,,,670,21,,,,,669.5,0.0
2,97900,VOLCANIC_ROCK_VOUCHER_9500,668.0,16.0,,,,,669,16,,,,,668.5,0.0
2,98000,VOLCANIC_ROCK_VOUCHER_9500,669.0,15.0,,,,,670,15,,,,,669.5,0.0
2,98100,VOLCANIC_ROCK_VOUCHER_9500,666.0,12.0,,,,,667,12,,,,,666.5,0.0
2,98200,VOLCANIC_ROCK_VOUCHER_9500,666.0,19.0,,,,,667,19,,,,,666.5,0.0
2,98300,VOLCANIC_ROCK_VOUCHER_9500,665.0,21.0,,,,,666,21,,,,,665.5,0.0
2,98400,VOLCANIC_ROCK_VOUCHER_9500,664.0,18.0,,,,,665,18,,,,,664.5,0.0
2,98500,VOLCANIC_ROCK_VOUCHER_9500,662.0,14.0,,,,,663,14,,,,,662.5,0.0
2,98600,VOLCANIC_ROCK_VOUCHER_9500,662.0,19.0,,,,,663,19,,,,,662.5,0.0
2,98700,VOLCANIC_ROCK_VOUCHER_9500,662.0,22.0,,,,,663,22,,,,,662.5,0.0
2,98800,VOLCANIC_ROCK_VOUCHER_9500,663.0,19.0,,,,,664,19,,,,,663.5,0.0
2,98900,VOLCANIC_ROCK_VOUCHER_9500,662.0,13.0,,,,,663,13,,,,,662.5,0.0
2,99000,VOLCANIC_ROCK_VOUCHER_9500,663.0,19.0,,,,,664,19,,,,,663.5,0.0
2,99100,VOLCANIC_ROCK_VOUCHER_9500,663.0,21.0,,,,,664,21,,,,,663.5,0.0
2,99200,VOLCANIC_ROCK_VOUCHER_9500,662.0,11.0,,,,,663,11,,,,,662.5,0.0
2,99300,VOLCANIC_ROCK_VOUCHER_9500,662.0,20.0,,,,,663,20,,,,,662.5,0.0
2,99400,VOLCANIC_ROCK_VOUCHER_9500,658.0,20.0,,,,,659,20,,,,,658.5,0.0
2,99500,VOLCANIC_ROCK_VOUCHER_9500,654.0,12.0,,,,,655,12,,,,,654.5,0.0
2,99600,VOLCANIC_ROCK_VOUCHER_9500,654.0,14.0,,,,,655,14,,,,,654.5,0.0
2,99700,VOLCANIC_ROCK_VOUCHER_9500,650.0,22.0,,,,,651,22,,,,,650.5,0.0
2,99800,VOLCANIC_ROCK_VOUCHER_9500,656.0,17.0,,,,,657,17,,,,,656.5,0.0
2,99900,VOLCANIC_ROCK_VOUCHER_9500,656.0,14.0,,,,,657,14,,,,,656.5,0.0
2,100000,VOLCANIC_ROCK_VOUCHER_9500,656.0,13.0,,,,,657,13,,,,,656.5,0.0
2,100100,VOLCANIC_ROCK_VOUCHER_9500,654.0,14.0,,,,,655,14,,,,,654.5,0.0
2,100200,VOLCANIC_ROCK_VOUCHER_9500,653.0,19.0,,,,,654,19,,,,,653.5,0.0
2,100300,VOLCANIC_ROCK_VOUCHER_9500,654.0,16.0,,,,,655,16,,,,,654.5,0.0
2,100400,VOLCANIC_ROCK_VOUCHER_9500,653.0,27.0,,,,,654,14,,,,,653.5,0.0
2,100500,VOLCANIC_ROCK_VOUCHER_9500,654.0,10.0,,,,,655,10,,,,,654.5,0.0
2,100600,VOLCANIC_ROCK_VOUCHER_9500,655.0,15.0,,,,,656,15,,,,,655.5,0.0
2,100700,VOLCANIC_ROCK_VOUCHER_9500,655.0,15.0,,,,,657,15,,,,,656.0,0.0
2,100800,VOLCANIC_ROCK_VOUCHER_9500,656.0,11.0,,,,,657,11,,,,,656.5,0.0
2,100900,VOLCANIC_ROCK_VOUCHER_9500,652.0,17.0,,,,,653,17,,,,,652.5,0.0
2,101000,VOLCANIC_ROCK_VOUCHER_9500,654.0,12.0,,,,,655,12,,,,,654.5,0.0
2,101100,VOLCANIC_ROCK_VOUCHER_9500,656.0,14.0,,,,,657,14,,,,,656.5,0.0
2,101200,VOLCANIC_ROCK_VOUCHER_9500,656.0,22.0,,,,,657,22,,,,,656.5,0.0
2,101300,VOLCANIC_ROCK_VOUCHER_9500,656.0,1.0,,,,,657,18,,,,,656.5,0.0
2,101400,VOLCANIC_ROCK_VOUCHER_9500,656.0,10.0,,,,,657,10,,,,,656.5,0.0
2,101500,VOLCANIC_ROCK_VOUCHER_9500,655.0,15.0,,,,,656,15,,,,,655.5,0.0
2,101600,VOLCANIC_ROCK_VOUCHER_9500,655.0,17.0,,,,,657,17,,,,,656.0,0.0
2,101700,VOLCANIC_ROCK_VOUCHER_9500,655.0,10.0,,,,,656,10,,,,,655.5,0.0
2,101800,VOLCANIC_ROCK_VOUCHER_9500,655.0,14.0,,,,,656,14,,,,,655.5,0.0
2,101900,VOLCANIC_ROCK_VOUCHER_9500,656.0,13.0,,,,,657,13,,,,,656.5,0.0
2,102000,VOLCANIC_ROCK_VOUCHER_9500,656.0,5.0,,,,,657,18,,,,,656.5,0.0
2,102100,VOLCANIC_ROCK_VOUCHER_9500,654.0,14.0,,,,,656,12,,,,,655.0,0.0
2,102200,VOLCANIC_ROCK_VOUCHER_9500,654.0,20.0,,,,,655,20,,,,,654.5,0.0
2,102300,VOLCANIC_ROCK_VOUCHER_9500,653.0,14.0,,,,,654,14,,,,,653.5,0.0
2,102400,VOLCANIC_ROCK_VOUCHER_9500,649.0,14.0,,,,,650,14,,,,,649.5,0.0
2,102500,VOLCANIC_ROCK_VOUCHER_9500,647.0,15.0,,,,,648,15,,,,,647.5,0.0
2,102600,VOLCANIC_ROCK_VOUCHER_9500,,,,,,,649,1,650.0,19.0,,,649.0,0.0
2,102700,VOLCANIC_ROCK_VOUCHER_9500,648.0,12.0,,,,,649,12,,,,,648.5,0.0
2,102800,VOLCANIC_ROCK_VOUCHER_9500,647.0,14.0,,,,,648,14,,,,,647.5,0.0
2,102900,VOLCANIC_ROCK_VOUCHER_9500,649.0,12.0,,,,,650,12,,,,,649.5,0.0
2,103000,VOLCANIC_ROCK_VOUCHER_9500,649.0,42.0,,,,,651,22,,,,,650.0,0.0
2,103100,VOLCANIC_ROCK_VOUCHER_9500,647.0,20.0,,,,,648,20,,,,,647.5,0.0
2,103200,VOLCANIC_ROCK_VOUCHER_9500,649.0,20.0,,,,,650,20,,,,,649.5,0.0
2,103300,VOLCANIC_ROCK_VOUCHER_9500,652.0,13.0,,,,,653,13,,,,,652.5,0.0
2,103400,VOLCANIC_ROCK_VOUCHER_9500,650.0,16.0,,,,,651,16,,,,,650.5,0.0
2,103500,VOLCANIC_ROCK_VOUCHER_9500,652.0,20.0,651.0,16.0,,,653,16,,,,,652.5,0.0
2,103600,VOLCANIC_ROCK_VOUCHER_9500,655.0,14.0,,,,,656,14,,,,,655.5,0.0
2,103700,VOLCANIC_ROCK_VOUCHER_9500,659.0,15.0,,,,,660,15,,,,,659.5,0.0
2,103800,VOLCANIC_ROCK_VOUCHER_9500,659.0,18.0,,,,,660,18,,,,,659.5,0.0
2,103900,VOLCANIC_ROCK_VOUCHER_9500,660.0,19.0,,,,,661,19,,,,,660.5,0.0
2,104000,VOLCANIC_ROCK_VOUCHER_9500,657.0,17.0,,,,,658,22,,,,,657.5,0.0
2,104100,VOLCANIC_ROCK_VOUCHER_9500,655.0,19.0,,,,,656,19,,,,,655.5,0.0
2,104200,VOLCANIC_ROCK_VOUCHER_9500,,,,,,,656,2,657.0,18.0,,,656.0,0.0
2,104300,VOLCANIC_ROCK_VOUCHER_9500,654.0,22.0,,,,,655,22,,,,,654.5,0.0
2,104400,VOLCANIC_ROCK_VOUCHER_9500,655.0,14.0,,,,,657,14,,,,,656.0,0.0
2,104500,VOLCANIC_ROCK_VOUCHER_9500,657.0,22.0,,,,,658,2,659.0,20.0,,,657.5,0.0
2,104600,VOLCANIC_ROCK_VOUCHER_9500,661.0,24.0,,,,,662,12,,,,,661.5,0.0
2,104700,VOLCANIC_ROCK_VOUCHER_9500,663.0,36.0,,,,,664,18,,,,,663.5,0.0
2,104800,VOLCANIC_ROCK_VOUCHER_9500,664.0,20.0,663.0,21.0,,,665,21,,,,,664.5,0.0
2,104900,VOLCANIC_ROCK_VOUCHER_9500,664.0,16.0,,,,,665,16,,,,,664.5,0.0
2,105000,VOLCANIC_ROCK_VOUCHER_9500,665.0,15.0,,,,,666,15,,,,,665.5,0.0
2,105100,VOLCANIC_ROCK_VOUCHER_9500,664.0,15.0,663.0,16.0,,,665,16,,,,,664.5,0.0
2,105200,VOLCANIC_ROCK_VOUCHER_9500,662.0,38.0,,,,,663,18,,,,,662.5,0.0
2,105300,VOLCANIC_ROCK_VOUCHER_9500,660.0,13.0,,,,,661,13,,,,,660.5,0.0
2,105400,VOLCANIC_ROCK_VOUCHER_9500,658.0,16.0,,,,,659,16,,,,,658.5,0.0
2,105500,VOLCANIC_ROCK_VOUCHER_9500,659.0,17.0,,,,,660,17,,,,,659.5,0.0
2,105600,VOLCANIC_ROCK_VOUCHER_9500,658.0,33.0,,,,,659,19,,,,,658.5,0.0
2,105700,VOLCANIC_ROCK_VOUCHER_9500,657.0,20.0,,,,,658,20,,,,,657.5,0.0
2,105800,VOLCANIC_ROCK_VOUCHER_9500,655.0,19.0,,,,,656,19,,,,,655.5,0.0
2,105900,VOLCANIC_ROCK_VOUCHER_9500,657.0,18.0,,,,,658,18,,,,,657.5,0.0
2,106000,VOLCANIC_ROCK_VOUCHER_9500,656.0,12.0,,,,,657,12,,,,,656.5,0.0
2,106100,VOLCANIC_ROCK_VOUCHER_9500,656.0,17.0,,,,,657,17,,,,,656.5,0.0
2,106200,VOLCANIC_ROCK_VOUCHER_9500,655.0,19.0,,,,,656,19,,,,,655.5,0.0
2,106300,VOLCANIC_ROCK_VOUCHER_9500,656.0,22.0,,,,,657,22,,,,,656.5,0.0
2,106400,VOLCANIC_ROCK_VOUCHER_9500,651.0,18.0,,,,,653,18,,,,,652.0,0.0
2,106500,VOLCANIC_ROCK_VOUCHER_9500,650.0,21.0,,,,,651,21,,,,,650.5,0.0
2,106600,VOLCANIC_ROCK_VOUCHER_9500,648.0,14.0,,,,,649,14,,,,,648.5,0.0
2,106700,VOLCANIC_ROCK_VOUCHER_9500,646.0,15.0,,,,,647,15,,,,,646.5,0.0
2,106800,VOLCANIC_ROCK_VOUCHER_9500,644.0,14.0,,,,,645,14,,,,,644.5,0.0
2,106900,VOLCANIC_ROCK_VOUCHER_9500,646.0,13.0,,,,,647,13,,,,,646.5,0.0
2,107000,VOLCANIC_ROCK_VOUCHER_9500,648.0,10.0,,,,,649,10,,,,,648.5,0.0
2,107100,VOLCANIC_ROCK_VOUCHER_9500,646.0,12.0,,,,,647,12,,,,,646.5,0.0
2,107200,VOLCANIC_ROCK_VOUCHER_9500,646.0,20.0,,,,,647,20,,,,,646.5,0.0
2,107300,VOLCANIC_ROCK_VOUCHER_9500,642.0,20.0,,,,,643,20,,,,,642.5,0.0
2,107400,VOLCANIC_ROCK_VOUCHER_9500,641.0,17.0,,,,,642,17,,,,,641.5,0.0
2,107500,VOLCANIC_ROCK_VOUCHER_9500,644.0,18.0,,,,,645,18,,,,,644.5,0.0
2,107600,VOLCANIC_ROCK_VOUCHER_9500,639.0,20.0,,,,,640,20,,,,,639.5,0.0
2,107700,VOLCANIC_ROCK_VOUCHER_9500,640.0,17.0,,,,,641,17,,,,,640.5,0.0
2,107800,VOLCANIC_ROCK_VOUCHER_9500,644.0,14.0,,,,,645,14,,,,,644.5,0.0
2,107900,VOLCANIC_ROCK_VOUCHER_9500,641.0,18.0,,,,,643,18,,,,,642.0,0.0
2,108000,VOLCANIC_ROCK_VOUCHER_9500,641.0,13.0,,,,,642,13,,,,,641.5,0.0
2,108100,VOLCANIC_ROCK_VOUCHER_9500,641.0,13.0,,,,,642,13,,,,,641.5,0.0
2,108200,VOLCANIC_ROCK_VOUCHER_9500,640.0,11.0,,,,,641,11,,,,,640.5,0.0
2,108300,VOLCANIC_ROCK_VOUCHER_9500,642.0,11.0,,,,,643,11,,,,,642.5,0.0
2,108400,VOLCANIC_ROCK_VOUCHER_9500,638.0,3.0,,,,,639,19,,,,,638.5,0.0
2,108500,VOLCANIC_ROCK_VOUCHER_9500,642.0,17.0,,,,,643,17,,,,,642.5,0.0
2,108600,VOLCANIC_ROCK_VOUCHER_9500,642.0,15.0,,,,,643,15,,,,,642.5,0.0
2,108700,VOLCANIC_ROCK_VOUCHER_9500,643.0,19.0,,,,,644,19,,,,,643.5,0.0
2,108800,VOLCANIC_ROCK_VOUCHER_9500,642.0,16.0,,,,,643,16,,,,,642.5,0.0
2,108900,VOLCANIC_ROCK_VOUCHER_9500,642.0,12.0,,,,,643,12,,,,,642.5,0.0
2,109000,VOLCANIC_ROCK_VOUCHER_9500,641.0,17.0,,,,,642,17,,,,,641.5,0.0
2,109100,VOLCANIC_ROCK_VOUCHER_9500,642.0,14.0,,,,,643,14,,,,,642.5,0.0
2,109200,VOLCANIC_ROCK_VOUCHER_9500,642.0,12.0,,,,,643,12,,,,,642.5,0.0
2,109300,VOLCANIC_ROCK_VOUCHER_9500,645.0,18.0,,,,,646,18,,,,,645.5,0.0
2,109400,VOLCANIC_ROCK_VOUCHER_9500,647.0,12.0,,,,,648,12,,,,,647.5,0.0
2,109500,VOLCANIC_ROCK_VOUCHER_9500,648.0,20.0,,,,,649,20,,,,,648.5,0.0
2,109600,VOLCANIC_ROCK_VOUCHER_9500,648.0,15.0,,,,,649,15,,,,,648.5,0.0
2,109700,VOLCANIC_ROCK_VOUCHER_9500,648.0,20.0,,,,,649,20,,,,,648.5,0.0
2,109800,VOLCANIC_ROCK_VOUCHER_9500,646.0,12.0,,,,,647,12,,,,,646.5,0.0
2,109900,VOLCANIC_ROCK_VOUCHER_9500,646.0,15.0,,,,,647,15,,,,,646.5,0.0
2,110000,VOLCANIC_ROCK_VOUCHER_9500,647.0,12.0,,,,,648,12,,,,,647.5,0.0
2,110100,VOLCANIC_ROCK_VOUCHER_9500,655.0,18.0,,,,,656,18,,,,,655.5,0.0
2,110200,VOLCANIC_ROCK_VOUCHER_9500,652.0,19.0,,,,,653,19,,,,,652.5,0.0
2,110300,VOLCANIC_ROCK_VOUCHER_9500,650.0,30.0,,,,,651,14,,,,,650.5,0.0
2,110400,VOLCANIC_ROCK_VOUCHER_9500,651.0,10.0,,,,,652,10,,,,,651.5,0.0
2,110500,VOLCANIC_ROCK_VOUCHER_9500,653.0,16.0,,,,,654,16,,,,,653.5,0.0
2,110600,VOLCANIC_ROCK_VOUCHER_9500,650.0,14.0,,,,,652,14,,,,,651.0,0.0
2,110700,VOLCANIC_ROCK_VOUCHER_9500,653.0,11.0,,,,,654,11,,,,,653.5,0.0
2,110800,VOLCANIC_ROCK_VOUCHER_9500,653.0,36.0,,,,,654,16,,,,,653.5,0.0
2,110900,VOLCANIC_ROCK_VOUCHER_9500,653.0,19.0,,,,,654,19,,,,,653.5,0.0
2,111000,VOLCANIC_ROCK_VOUCHER_9500,652.0,26.0,,,,,653,15,,,,,652.5,0.0
2,111100,VOLCANIC_ROCK_VOUCHER_9500,657.0,14.0,,,,,658,14,,,,,657.5,0.0
2,111200,VOLCANIC_ROCK_VOUCHER_9500,655.0,13.0,,,,,656,13,,,,,655.5,0.0
2,111300,VOLCANIC_ROCK_VOUCHER_9500,657.0,16.0,,,,,658,16,,,,,657.5,0.0
2,111400,VOLCANIC_ROCK_VOUCHER_9500,655.0,17.0,,,,,656,17,,,,,655.5,0.0
2,111500,VOLCANIC_ROCK_VOUCHER_9500,655.0,16.0,,,,,656,16,,,,,655.5,0.0
2,111600,VOLCANIC_ROCK_VOUCHER_9500,653.0,20.0,,,,,654,20,,,,,653.5,0.0
2,111700,VOLCANIC_ROCK_VOUCHER_9500,654.0,19.0,,,,,655,19,,,,,654.5,0.0
2,111800,VOLCANIC_ROCK_VOUCHER_9500,655.0,10.0,,,,,656,10,,,,,655.5,0.0
2,111900,VOLCANIC_ROCK_VOUCHER_9500,661.0,15.0,,,,,662,15,,,,,661.5,0.0
2,112000,VOLCANIC_ROCK_VOUCHER_9500,660.0,16.0,,,,,661,18,662.0,16.0,,,660.5,0.0
2,112100,VOLCANIC_ROCK_VOUCHER_9500,659.0,18.0,,,,,660,18,,,,,659.5,0.0
2,112200,VOLCANIC_ROCK_VOUCHER_9500,661.0,20.0,,,,,662,20,,,,,661.5,0.0
2,112300,VOLCANIC_ROCK_VOUCHER_9500,659.0,13.0,,,,,660,13,,,,,659.5,0.0
2,112400,VOLCANIC_ROCK_VOUCHER_9500,657.0,19.0,,,,,658,19,,,,,657.5,0.0
2,112500,VOLCANIC_ROCK_VOUCHER_9500,657.0,17.0,,,,,658,17,,,,,657.5,0.0
2,112600,VOLCANIC_ROCK_VOUCHER_9500,658.0,11.0,657.0,15.0,,,659,15,,,,,658.5,0.0
2,112700,VOLCANIC_ROCK_VOUCHER_9500,660.0,13.0,,,,,661,13,,,,,660.5,0.0
2,112800,VOLCANIC_ROCK_VOUCHER_9500,660.0,14.0,,,,,661,14,,,,,660.5,0.0
2,112900,VOLCANIC_ROCK_VOUCHER_9500,662.0,11.0,,,,,663,11,,,,,662.5,0.0
2,113000,VOLCANIC_ROCK_VOUCHER_9500,661.0,12.0,,,,,662,12,,,,,661.5,0.0
2,113100,VOLCANIC_ROCK_VOUCHER_9500,660.0,17.0,,,,,661,17,,,,,660.5,0.0
2,113200,VOLCANIC_ROCK_VOUCHER_9500,658.0,18.0,,,,,659,18,,,,,658.5,0.0
2,113300,VOLCANIC_ROCK_VOUCHER_9500,658.0,18.0,,,,,659,18,,,,,658.5,0.0
2,113400,VOLCANIC_ROCK_VOUCHER_9500,655.0,17.0,,,,,656,17,,,,,655.5,0.0
2,113500,VOLCANIC_ROCK_VOUCHER_9500,654.0,22.0,,,,,655,22,,,,,654.5,0.0
2,113600,VOLCANIC_ROCK_VOUCHER_9500,654.0,12.0,,,,,655,14,656.0,14.0,,,654.5,0.0
2,113700,VOLCANIC_ROCK_VOUCHER_9500,654.0,14.0,,,,,655,14,,,,,654.5,0.0
2,113800,VOLCANIC_ROCK_VOUCHER_9500,655.0,14.0,,,,,656,14,,,,,655.5,0.0
2,113900,VOLCANIC_ROCK_VOUCHER_9500,659.0,14.0,,,,,660,21,,,,,659.5,0.0
2,114000,VOLCANIC_ROCK_VOUCHER_9500,658.0,16.0,,,,,659,16,,,,,658.5,0.0
2,114100,VOLCANIC_ROCK_VOUCHER_9500,657.0,16.0,,,,,658,16,,,,,657.5,0.0
2,114200,VOLCANIC_ROCK_VOUCHER_9500,655.0,20.0,,,,,656,20,,,,,655.5,0.0
2,114300,VOLCANIC_ROCK_VOUCHER_9500,655.0,16.0,,,,,656,16,,,,,655.5,0.0
2,114400,VOLCANIC_ROCK_VOUCHER_9500,653.0,16.0,,,,,654,16,,,,,653.5,0.0
2,114500,VOLCANIC_ROCK_VOUCHER_9500,,,,,,,655,7,656.0,13.0,,,655.0,0.0
2,114600,VOLCANIC_ROCK_VOUCHER_9500,655.0,21.0,,,,,656,21,,,,,655.5,0.0
2,114700,VOLCANIC_ROCK_VOUCHER_9500,655.0,16.0,,,,,656,16,,,,,655.5,0.0
2,114800,VOLCANIC_ROCK_VOUCHER_9500,656.0,21.0,,,,,657,16,,,,,656.5,0.0
2,114900,VOLCANIC_ROCK_VOUCHER_9500,659.0,19.0,,,,,660,19,,,,,659.5,0.0
2,115000,VOLCANIC_ROCK_VOUCHER_9500,657.0,20.0,,,,,658,20,,,,,657.5,0.0
2,115100,VOLCANIC_ROCK_VOUCHER_9500,656.0,12.0,,,,,657,12,,,,,656.5,0.0
2,115200,VOLCANIC_ROCK_VOUCHER_9500,657.0,18.0,,,,,658,18,,,,,657.5,0.0
2,115300,VOLCANIC_ROCK_VOUCHER_9500,656.0,19.0,,,,,657,19,,,,,656.5,0.0
2,115400,VOLCANIC_ROCK_VOUCHER_9500,654.0,18.0,,,,,655,18,,,,,654.5,0.0
2,115500,VOLCANIC_ROCK_VOUCHER_9500,654.0,33.0,,,,,655,13,,,,,654.5,0.0
2,115600,VOLCANIC_ROCK_VOUCHER_9500,654.0,16.0,,,,,655,16,,,,,654.5,0.0
2,115700,VOLCANIC_ROCK_VOUCHER_9500,658.0,21.0,,,,,659,21,,,,,658.5,0.0
2,115800,VOLCANIC_ROCK_VOUCHER_9500,658.0,16.0,,,,,659,16,,,,,658.5,0.0
2,115900,VOLCANIC_ROCK_VOUCHER_9500,656.0,12.0,,,,,657,12,,,,,656.5,0.0
2,116000,VOLCANIC_ROCK_VOUCHER_9500,655.0,11.0,,,,,656,11,,,,,655.5,0.0
2,116100,VOLCANIC_ROCK_VOUCHER_9500,652.0,18.0,,,,,653,18,,,,,652.5,0.0
2,116200,VOLCANIC_ROCK_VOUCHER_9500,652.0,17.0,,,,,653,17,,,,,652.5,0.0
2,116300,VOLCANIC_ROCK_VOUCHER_9500,651.0,16.0,,,,,652,16,,,,,651.5,0.0
2,116400,VOLCANIC_ROCK_VOUCHER_9500,652.0,1.0,,,,,653,21,,,,,652.5,0.0
2,116500,VOLCANIC_ROCK_VOUCHER_9500,651.0,17.0,,,,,652,17,,,,,651.5,0.0
2,116600,VOLCANIC_ROCK_VOUCHER_9500,651.0,14.0,,,,,652,14,,,,,651.5,0.0
2,116700,VOLCANIC_ROCK_VOUCHER_9500,651.0,19.0,,,,,652,19,,,,,651.5,0.0
2,116800,VOLCANIC_ROCK_VOUCHER_9500,652.0,17.0,,,,,653,17,,,,,652.5,0.0
2,116900,VOLCANIC_ROCK_VOUCHER_9500,654.0,13.0,,,,,655,13,,,,,654.5,0.0
2,117000,VOLCANIC_ROCK_VOUCHER_9500,652.0,20.0,,,,,653,20,,,,,652.5,0.0
2,117100,VOLCANIC_ROCK_VOUCHER_9500,653.0,18.0,,,,,654,18,,,,,653.5,0.0
2,117200,VOLCANIC_ROCK_VOUCHER_9500,654.0,12.0,,,,,655,12,,,,,654.5,0.0
2,117300,VOLCANIC_ROCK_VOUCHER_9500,656.0,19.0,,,,,657,19,,,,,656.5,0.0
2,117400,VOLCANIC_ROCK_VOUCHER_9500,654.0,37.0,,,,,655,20,,,,,654.5,0.0
2,117500,VOLCANIC_ROCK_VOUCHER_9500,658.0,15.0,,,,,659,15,,,,,658.5,0.0
2,117600,VOLCANIC_ROCK_VOUCHER_9500,657.0,13.0,,,,,658,13,,,,,657.5,0.0
2,117700,VOLCANIC_ROCK_VOUCHER_9500,658.0,21.0,,,,,659,21,,,,,658.5,0.0
2,117800,VOLCANIC_ROCK_VOUCHER_9500,658.0,16.0,,,,,659,16,,,,,658.5,0.0
2,117900,VOLCANIC_ROCK_VOUCHER_9500,658.0,12.0,,,,,659,12,,,,,658.5,0.0
2,118000,VOLCANIC_ROCK_VOUCHER_9500,660.0,10.0,,,,,661,10,,,,,660.5,0.0
2,118100,VOLCANIC_ROCK_VOUCHER_9500,660.0,21.0,,,,,661,21,,,,,660.5,0.0
2,118200,VOLCANIC_ROCK_VOUCHER_9500,660.0,18.0,,,,,661,18,,,,,660.5,0.0
2,118300,VOLCANIC_ROCK_VOUCHER_9500,659.0,21.0,,,,,660,21,,,,,659.5,0.0
2,118400,VOLCANIC_ROCK_VOUCHER_9500,654.0,31.0,,,,,655,21,,,,,654.5,0.0
2,118500,VOLCANIC_ROCK_VOUCHER_9500,652.0,20.0,,,,,653,20,,,,,652.5,0.0
2,118600,VOLCANIC_ROCK_VOUCHER_9500,649.0,17.0,,,,,650,17,,,,,649.5,0.0
2,118700,VOLCANIC_ROCK_VOUCHER_9500,650.0,19.0,,,,,651,19,,,,,650.5,0.0
2,118800,VOLCANIC_ROCK_VOUCHER_9500,646.0,17.0,,,,,647,17,,,,,646.5,0.0
2,118900,VOLCANIC_ROCK_VOUCHER_9500,650.0,18.0,,,,,651,18,,,,,650.5,0.0
2,119000,VOLCANIC_ROCK_VOUCHER_9500,650.0,16.0,,,,,651,16,,,,,650.5,0.0
2,119100,VOLCANIC_ROCK_VOUCHER_9500,651.0,17.0,,,,,652,17,,,,,651.5,0.0
2,119200,VOLCANIC_ROCK_VOUCHER_9500,651.0,12.0,,,,,652,12,,,,,651.5,0.0
2,119300,VOLCANIC_ROCK_VOUCHER_9500,652.0,16.0,,,,,653,16,,,,,652.5,0.0
2,119400,VOLCANIC_ROCK_VOUCHER_9500,654.0,20.0,,,,,655,20,,,,,654.5,0.0
2,119500,VOLCANIC_ROCK_VOUCHER_9500,656.0,15.0,,,,,657,15,,,,,656.5,0.0
2,119600,VOLCANIC_ROCK_VOUCHER_9500,656.0,16.0,,,,,657,16,,,,,656.5,0.0
2,119700,VOLCANIC_ROCK_VOUCHER_9500,655.0,17.0,,,,,656,17,,,,,655.5,0.0
2,119800,VOLCANIC_ROCK_VOUCHER_9500,653.0,12.0,,,,,654,12,,,,,653.5,0.0
2,119900,VOLCANIC_ROCK_VOUCHER_9500,657.0,11.0,,,,,658,11,,,,,657.5,0.0
2,120000,VOLCANIC_ROCK_VOUCHER_9500,652.0,13.0,,,,,653,13,,,,,652.5,0.0
2,120100,VOLCANIC_ROCK_VOUCHER_9500,653.0,19.0,,,,,654,19,,,,,653.5,0.0
2,120200,VOLCANIC_ROCK_VOUCHER_9500,653.0,14.0,,,,,654,14,,,,,653.5,0.0
2,120300,VOLCANIC_ROCK_VOUCHER_9500,652.0,14.0,,,,,653,14,,,,,652.5,0.0
2,120400,VOLCANIC_ROCK_VOUCHER_9500,651.0,15.0,,,,,652,15,,,,,651.5,0.0
2,120500,VOLCANIC_ROCK_VOUCHER_9500,654.0,22.0,,,,,655,22,,,,,654.5,0.0
2,120600,VOLCANIC_ROCK_VOUCHER_9500,651.0,16.0,,,,,652,16,,,,,651.5,0.0
2,120700,VOLCANIC_ROCK_VOUCHER_9500,650.0,22.0,,,,,651,22,,,,,650.5,0.0
2,120800,VOLCANIC_ROCK_VOUCHER_9500,649.0,19.0,,,,,650,19,,,,,649.5,0.0
2,120900,VOLCANIC_ROCK_VOUCHER_9500,648.0,18.0,,,,,649,18,,,,,648.5,0.0
2,121000,VOLCANIC_ROCK_VOUCHER_9500,649.0,18.0,,,,,650,18,,,,,649.5,0.0
2,121100,VOLCANIC_ROCK_VOUCHER_9500,649.0,20.0,,,,,650,20,,,,,649.5,0.0
2,121200,VOLCANIC_ROCK_VOUCHER_9500,649.0,17.0,,,,,650,17,,,,,649.5,0.0
2,121300,VOLCANIC_ROCK_VOUCHER_9500,646.0,13.0,,,,,647,13,,,,,646.5,0.0
2,121400,VOLCANIC_ROCK_VOUCHER_9500,646.0,10.0,,,,,647,10,,,,,646.5,0.0
2,121500,VOLCANIC_ROCK_VOUCHER_9500,646.0,17.0,,,,,648,17,,,,,647.0,0.0
2,121600,VOLCANIC_ROCK_VOUCHER_9500,647.0,20.0,,,,,648,20,,,,,647.5,0.0
2,121700,VOLCANIC_ROCK_VOUCHER_9500,645.0,8.0,,,,,646,19,,,,,645.5,0.0
2,121800,VOLCANIC_ROCK_VOUCHER_9500,647.0,20.0,,,,,648,20,,,,,647.5,0.0
2,121900,VOLCANIC_ROCK_VOUCHER_9500,651.0,19.0,,,,,652,19,,,,,651.5,0.0
2,122000,VOLCANIC_ROCK_VOUCHER_9500,651.0,16.0,,,,,652,16,,,,,651.5,0.0
2,122100,VOLCANIC_ROCK_VOUCHER_9500,650.0,19.0,,,,,651,19,,,,,650.5,0.0
2,122200,VOLCANIC_ROCK_VOUCHER_9500,650.0,20.0,,,,,651,20,,,,,650.5,0.0
2,122300,VOLCANIC_ROCK_VOUCHER_9500,648.0,20.0,,,,,649,20,,,,,648.5,0.0
2,122400,VOLCANIC_ROCK_VOUCHER_9500,647.0,19.0,,,,,649,19,,,,,648.0,0.0
2,122500,VOLCANIC_ROCK_VOUCHER_9500,648.0,17.0,,,,,649,17,,,,,648.5,0.0
2,122600,VOLCANIC_ROCK_VOUCHER_9500,647.0,22.0,,,,,648,22,,,,,647.5,0.0
2,122700,VOLCANIC_ROCK_VOUCHER_9500,651.0,22.0,,,,,652,22,,,,,651.5,0.0
2,122800,VOLCANIC_ROCK_VOUCHER_9500,652.0,19.0,,,,,653,19,,,,,652.5,0.0
2,122900,VOLCANIC_ROCK_VOUCHER_9500,652.0,15.0,,,,,653,15,,,,,652.5,0.0
2,123000,VOLCANIC_ROCK_VOUCHER_9500,655.0,12.0,,,,,656,12,,,,,655.5,0.0
2,123100,VOLCANIC_ROCK_VOUCHER_9500,657.0,18.0,,,,,658,18,,,,,657.5,0.0
2,123200,VOLCANIC_ROCK_VOUCHER_9500,661.0,19.0,,,,,662,19,,,,,661.5,0.0
2,123300,VOLCANIC_ROCK_VOUCHER_9500,663.0,1.0,662.0,12.0,,,664,13,,,,,663.5,0.0
2,123400,VOLCANIC_ROCK_VOUCHER_9500,661.0,20.0,,,,,662,20,,,,,661.5,0.0
2,123500,VOLCANIC_ROCK_VOUCHER_9500,662.0,11.0,,,,,663,11,,,,,662.5,0.0
2,123600,VOLCANIC_ROCK_VOUCHER_9500,659.0,20.0,,,,,660,20,,,,,659.5,0.0
2,123700,VOLCANIC_ROCK_VOUCHER_9500,658.0,21.0,,,,,660,21,,,,,659.0,0.0
2,123800,VOLCANIC_ROCK_VOUCHER_9500,658.0,20.0,,,,,659,20,,,,,658.5,0.0
2,123900,VOLCANIC_ROCK_VOUCHER_9500,658.0,20.0,,,,,659,20,,,,,658.5,0.0
2,124000,VOLCANIC_ROCK_VOUCHER_9500,656.0,15.0,,,,,658,15,,,,,657.0,0.0
2,124100,VOLCANIC_ROCK_VOUCHER_9500,655.0,19.0,,,,,656,19,,,,,655.5,0.0
2,124200,VOLCANIC_ROCK_VOUCHER_9500,657.0,22.0,,,,,658,22,,,,,657.5,0.0
2,124300,VOLCANIC_ROCK_VOUCHER_9500,655.0,19.0,,,,,656,19,,,,,655.5,0.0
2,124400,VOLCANIC_ROCK_VOUCHER_9500,654.0,19.0,,,,,655,19,,,,,654.5,0.0
2,124500,VOLCANIC_ROCK_VOUCHER_9500,656.0,20.0,,,,,657,20,,,,,656.5,0.0
2,124600,VOLCANIC_ROCK_VOUCHER_9500,655.0,11.0,,,,,656,11,,,,,655.5,0.0
2,124700,VOLCANIC_ROCK_VOUCHER_9500,656.0,34.0,,,,,657,14,,,,,656.5,0.0
2,124800,VOLCANIC_ROCK_VOUCHER_9500,657.0,28.0,,,,,658,13,,,,,657.5,0.0
2,124900,VOLCANIC_ROCK_VOUCHER_9500,660.0,20.0,,,,,661,12,,,,,660.5,0.0
2,125000,VOLCANIC_ROCK_VOUCHER_9500,665.0,18.0,,,,,666,18,,,,,665.5,0.0
2,125100,VOLCANIC_ROCK_VOUCHER_9500,663.0,16.0,,,,,664,16,,,,,663.5,0.0
2,125200,VOLCANIC_ROCK_VOUCHER_9500,662.0,11.0,,,,,663,11,,,,,662.5,0.0
2,125300,VOLCANIC_ROCK_VOUCHER_9500,658.0,18.0,,,,,660,18,,,,,659.0,0.0
2,125400,VOLCANIC_ROCK_VOUCHER_9500,661.0,2.0,660.0,14.0,,,662,16,,,,,661.5,0.0
2,125500,VOLCANIC_ROCK_VOUCHER_9500,662.0,20.0,,,,,663,20,,,,,662.5,0.0
2,125600,VOLCANIC_ROCK_VOUCHER_9500,660.0,16.0,,,,,661,16,,,,,660.5,0.0
2,125700,VOLCANIC_ROCK_VOUCHER_9500,661.0,11.0,,,,,662,11,,,,,661.5,0.0
2,125800,VOLCANIC_ROCK_VOUCHER_9500,661.0,12.0,,,,,662,12,,,,,661.5,0.0
2,125900,VOLCANIC_ROCK_VOUCHER_9500,661.0,19.0,,,,,662,19,,,,,661.5,0.0
2,126000,VOLCANIC_ROCK_VOUCHER_9500,662.0,19.0,,,,,663,19,,,,,662.5,0.0
2,126100,VOLCANIC_ROCK_VOUCHER_9500,661.0,12.0,,,,,662,12,,,,,661.5,0.0
2,126200,VOLCANIC_ROCK_VOUCHER_9500,662.0,13.0,,,,,663,13,,,,,662.5,0.0
2,126300,VOLCANIC_ROCK_VOUCHER_9500,663.0,18.0,,,,,664,18,,,,,663.5,0.0
2,126400,VOLCANIC_ROCK_VOUCHER_9500,660.0,21.0,,,,,661,21,,,,,660.5,0.0
2,126500,VOLCANIC_ROCK_VOUCHER_9500,659.0,11.0,,,,,660,11,,,,,659.5,0.0
2,126600,VOLCANIC_ROCK_VOUCHER_9500,660.0,11.0,,,,,661,1,662.0,10.0,,,660.5,0.0
2,126700,VOLCANIC_ROCK_VOUCHER_9500,661.0,16.0,,,,,662,16,,,,,661.5,0.0
2,126800,VOLCANIC_ROCK_VOUCHER_9500,661.0,18.0,,,,,662,18,,,,,661.5,0.0
2,126900,VOLCANIC_ROCK_VOUCHER_9500,657.0,18.0,,,,,658,18,,,,,657.5,0.0
2,127000,VOLCANIC_ROCK_VOUCHER_9500,656.0,20.0,,,,,658,20,,,,,657.0,0.0
2,127100,VOLCANIC_ROCK_VOUCHER_9500,656.0,26.0,,,,,658,13,,,,,657.0,0.0
2,127200,VOLCANIC_ROCK_VOUCHER_9500,,,,,,,655,9,656.0,10.0,,,655.0,0.0
2,127300,VOLCANIC_ROCK_VOUCHER_9500,652.0,13.0,,,,,653,13,,,,,652.5,0.0
2,127400,VOLCANIC_ROCK_VOUCHER_9500,650.0,16.0,,,,,651,16,,,,,650.5,0.0
2,127500,VOLCANIC_ROCK_VOUCHER_9500,653.0,21.0,,,,,654,11,,,,,653.5,0.0
2,127600,VOLCANIC_ROCK_VOUCHER_9500,655.0,15.0,,,,,656,15,,,,,655.5,0.0
2,127700,VOLCANIC_ROCK_VOUCHER_9500,654.0,18.0,,,,,656,18,,,,,655.0,0.0
2,127800,VOLCANIC_ROCK_VOUCHER_9500,654.0,14.0,,,,,655,2,656.0,12.0,,,654.5,0.0
2,127900,VOLCANIC_ROCK_VOUCHER_9500,652.0,12.0,,,,,653,12,,,,,652.5,0.0
2,128000,VOLCANIC_ROCK_VOUCHER_9500,652.0,19.0,,,,,653,19,,,,,652.5,0.0
2,128100,VOLCANIC_ROCK_VOUCHER_9500,651.0,16.0,,,,,652,16,,,,,651.5,0.0
2,128200,VOLCANIC_ROCK_VOUCHER_9500,651.0,20.0,,,,,652,20,,,,,651.5,0.0
2,128300,VOLCANIC_ROCK_VOUCHER_9500,648.0,23.0,,,,,649,13,,,,,648.5,0.0
2,128400,VOLCANIC_ROCK_VOUCHER_9500,648.0,15.0,,,,,649,15,,,,,648.5,0.0
2,128500,VOLCANIC_ROCK_VOUCHER_9500,650.0,20.0,,,,,651,20,,,,,650.5,0.0
2,128600,VOLCANIC_ROCK_VOUCHER_9500,651.0,11.0,,,,,652,11,,,,,651.5,0.0
2,128700,VOLCANIC_ROCK_VOUCHER_9500,652.0,11.0,,,,,653,11,,,,,652.5,0.0
2,128800,VOLCANIC_ROCK_VOUCHER_9500,653.0,12.0,,,,,654,12,,,,,653.5,0.0
2,128900,VOLCANIC_ROCK_VOUCHER_9500,653.0,8.0,,,,,654,20,,,,,653.5,0.0
2,129000,VOLCANIC_ROCK_VOUCHER_9500,654.0,14.0,,,,,655,14,,,,,654.5,0.0
2,129100,VOLCANIC_ROCK_VOUCHER_9500,654.0,4.0,,,,,655,19,,,,,654.5,0.0
2,129200,VOLCANIC_ROCK_VOUCHER_9500,655.0,19.0,,,,,656,19,,,,,655.5,0.0
2,129300,VOLCANIC_ROCK_VOUCHER_9500,657.0,20.0,,,,,658,20,,,,,657.5,0.0
2,129400,VOLCANIC_ROCK_VOUCHER_9500,655.0,28.0,,,,,656,11,,,,,655.5,0.0
2,129500,VOLCANIC_ROCK_VOUCHER_9500,651.0,13.0,,,,,652,13,,,,,651.5,0.0
2,129600,VOLCANIC_ROCK_VOUCHER_9500,651.0,19.0,,,,,652,19,,,,,651.5,0.0
2,129700,VOLCANIC_ROCK_VOUCHER_9500,651.0,19.0,,,,,652,19,,,,,651.5,0.0
2,129800,VOLCANIC_ROCK_VOUCHER_9500,651.0,19.0,,,,,652,19,,,,,651.5,0.0
2,129900,VOLCANIC_ROCK_VOUCHER_9500,651.0,14.0,,,,,652,14,,,,,651.5,0.0
2,130000,VOLCANIC_ROCK_VOUCHER_9500,651.0,22.0,,,,,652,22,,,,,651.5,0.0
2,130100,VOLCANIC_ROCK_VOUCHER_9500,652.0,16.0,,,,,653,16,,,,,652.5,0.0
2,130200,VOLCANIC_ROCK_VOUCHER_9500,654.0,17.0,,,,,655,17,,,,,654.5,0.0
2,130300,VOLCANIC_ROCK_VOUCHER_9500,652.0,16.0,,,,,653,16,,,,,652.5,0.0
2,130400,VOLCANIC_ROCK_VOUCHER_9500,654.0,6.0,,,,,655,18,,,,,654.5,0.0
2,130500,VOLCANIC_ROCK_VOUCHER_9500,653.0,5.0,,,,,654,18,,,,,653.5,0.0
2,130600,VOLCANIC_ROCK_VOUCHER_9500,652.0,18.0,,,,,654,18,,,,,653.0,0.0
2,130700,VOLCANIC_ROCK_VOUCHER_9500,652.0,14.0,,,,,653,14,,,,,652.5,0.0
2,130800,VOLCANIC_ROCK_VOUCHER_9500,651.0,18.0,,,,,652,18,,,,,651.5,0.0
2,130900,VOLCANIC_ROCK_VOUCHER_9500,651.0,34.0,,,,,652,20,,,,,651.5,0.0
2,131000,VOLCANIC_ROCK_VOUCHER_9500,652.0,16.0,,,,,653,16,,,,,652.5,0.0
2,131100,VOLCANIC_ROCK_VOUCHER_9500,651.0,21.0,,,,,653,21,,,,,652.0,0.0
2,131200,VOLCANIC_ROCK_VOUCHER_9500,651.0,12.0,,,,,652,12,,,,,651.5,0.0
2,131300,VOLCANIC_ROCK_VOUCHER_9500,652.0,13.0,,,,,653,13,,,,,652.5,0.0
2,131400,VOLCANIC_ROCK_VOUCHER_9500,651.0,20.0,,,,,652,20,,,,,651.5,0.0
2,131500,VOLCANIC_ROCK_VOUCHER_9500,652.0,17.0,,,,,653,17,,,,,652.5,0.0
2,131600,VOLCANIC_ROCK_VOUCHER_9500,651.0,16.0,,,,,652,16,,,,,651.5,0.0
2,131700,VOLCANIC_ROCK_VOUCHER_9500,650.0,19.0,,,,,651,19,,,,,650.5,0.0
2,131800,VOLCANIC_ROCK_VOUCHER_9500,650.0,24.0,,,,,651,11,,,,,650.5,0.0
2,131900,VOLCANIC_ROCK_VOUCHER_9500,,,,,,,650,9,651.0,11.0,,,650.0,0.0
2,132000,VOLCANIC_ROCK_VOUCHER_9500,650.0,9.0,,,,,651,14,,,,,650.5,0.0
2,132100,VOLCANIC_ROCK_VOUCHER_9500,651.0,16.0,,,,,652,16,,,,,651.5,0.0
2,132200,VOLCANIC_ROCK_VOUCHER_9500,651.0,22.0,,,,,652,22,,,,,651.5,0.0
2,132300,VOLCANIC_ROCK_VOUCHER_9500,650.0,14.0,,,,,652,14,,,,,651.0,0.0
2,132400,VOLCANIC_ROCK_VOUCHER_9500,649.0,18.0,,,,,650,18,,,,,649.5,0.0
2,132500,VOLCANIC_ROCK_VOUCHER_9500,647.0,19.0,,,,,649,19,,,,,648.0,0.0
2,132600,VOLCANIC_ROCK_VOUCHER_9500,648.0,17.0,,,,,649,17,,,,,648.5,0.0
2,132700,VOLCANIC_ROCK_VOUCHER_9500,651.0,17.0,,,,,652,17,,,,,651.5,0.0
2,132800,VOLCANIC_ROCK_VOUCHER_9500,652.0,16.0,,,,,653,16,,,,,652.5,0.0
2,132900,VOLCANIC_ROCK_VOUCHER_9500,650.0,16.0,,,,,651,16,,,,,650.5,0.0
2,133000,VOLCANIC_ROCK_VOUCHER_9500,650.0,21.0,,,,,651,21,,,,,650.5,0.0
2,133100,VOLCANIC_ROCK_VOUCHER_9500,650.0,21.0,,,,,651,21,,,,,650.5,0.0
2,133200,VOLCANIC_ROCK_VOUCHER_9500,651.0,13.0,,,,,652,15,653.0,14.0,,,651.5,0.0
2,133300,VOLCANIC_ROCK_VOUCHER_9500,651.0,17.0,,,,,652,17,,,,,651.5,0.0
2,133400,VOLCANIC_ROCK_VOUCHER_9500,650.0,10.0,,,,,651,10,,,,,650.5,0.0
2,133500,VOLCANIC_ROCK_VOUCHER_9500,655.0,19.0,,,,,656,19,,,,,655.5,0.0
2,133600,VOLCANIC_ROCK_VOUCHER_9500,661.0,13.0,,,,,663,13,,,,,662.0,0.0
2,133700,VOLCANIC_ROCK_VOUCHER_9500,666.0,10.0,,,,,667,10,,,,,666.5,0.0
2,133800,VOLCANIC_ROCK_VOUCHER_9500,668.0,16.0,,,,,669,16,,,,,668.5,0.0
2,133900,VOLCANIC_ROCK_VOUCHER_9500,667.0,13.0,,,,,668,13,,,,,667.5,0.0
2,134000,VOLCANIC_ROCK_VOUCHER_9500,669.0,17.0,,,,,670,17,,,,,669.5,0.0
2,134100,VOLCANIC_ROCK_VOUCHER_9500,669.0,34.0,,,,,670,15,,,,,669.5,0.0
2,134200,VOLCANIC_ROCK_VOUCHER_9500,667.0,0.0,,,,,668,15,,,,,667.5,0.0
2,134300,VOLCANIC_ROCK_VOUCHER_9500,666.0,16.0,,,,,667,16,,,,,666.5,0.0
2,134400,VOLCANIC_ROCK_VOUCHER_9500,667.0,19.0,,,,,668,19,,,,,667.5,0.0
2,134500,VOLCANIC_ROCK_VOUCHER_9500,669.0,15.0,,,,,670,15,,,,,669.5,0.0
2,134600,VOLCANIC_ROCK_VOUCHER_9500,666.0,20.0,,,,,667,2,668.0,18.0,,,666.5,0.0
2,134700,VOLCANIC_ROCK_VOUCHER_9500,669.0,19.0,,,,,670,19,,,,,669.5,0.0
2,134800,VOLCANIC_ROCK_VOUCHER_9500,669.0,18.0,,,,,670,18,,,,,669.5,0.0
2,134900,VOLCANIC_ROCK_VOUCHER_9500,670.0,15.0,,,,,671,15,,,,,670.5,0.0
2,135000,VOLCANIC_ROCK_VOUCHER_9500,666.0,9.0,,,,,667,20,,,,,666.5,0.0
2,135100,VOLCANIC_ROCK_VOUCHER_9500,667.0,16.0,,,,,668,16,,,,,667.5,0.0
2,135200,VOLCANIC_ROCK_VOUCHER_9500,666.0,11.0,,,,,667,11,,,,,666.5,0.0
2,135300,VOLCANIC_ROCK_VOUCHER_9500,668.0,22.0,,,,,669,22,,,,,668.5,0.0
2,135400,VOLCANIC_ROCK_VOUCHER_9500,665.0,22.0,,,,,666,22,,,,,665.5,0.0
2,135500,VOLCANIC_ROCK_VOUCHER_9500,662.0,17.0,,,,,663,17,,,,,662.5,0.0
2,135600,VOLCANIC_ROCK_VOUCHER_9500,663.0,11.0,,,,,665,11,,,,,664.0,0.0
2,135700,VOLCANIC_ROCK_VOUCHER_9500,666.0,17.0,,,,,667,17,,,,,666.5,0.0
2,135800,VOLCANIC_ROCK_VOUCHER_9500,665.0,17.0,,,,,666,17,,,,,665.5,0.0
2,135900,VOLCANIC_ROCK_VOUCHER_9500,664.0,21.0,,,,,665,21,,,,,664.5,0.0
2,136000,VOLCANIC_ROCK_VOUCHER_9500,664.0,19.0,,,,,665,19,,,,,664.5,0.0
2,136100,VOLCANIC_ROCK_VOUCHER_9500,662.0,14.0,,,,,663,14,,,,,662.5,0.0
2,136200,VOLCANIC_ROCK_VOUCHER_9500,661.0,18.0,,,,,662,18,,,,,661.5,0.0
2,136300,VOLCANIC_ROCK_VOUCHER_9500,656.0,20.0,,,,,657,20,,,,,656.5,0.0
2,136400,VOLCANIC_ROCK_VOUCHER_9500,658.0,18.0,,,,,659,18,,,,,658.5,0.0
2,136500,VOLCANIC_ROCK_VOUCHER_9500,658.0,12.0,,,,,659,12,,,,,658.5,0.0
2,136600,VOLCANIC_ROCK_VOUCHER_9500,658.0,21.0,,,,,659,21,,,,,658.5,0.0
2,136700,VOLCANIC_ROCK_VOUCHER_9500,660.0,17.0,,,,,661,18,662.0,17.0,,,660.5,0.0
2,136800,VOLCANIC_ROCK_VOUCHER_9500,661.0,28.0,,,,,662,14,,,,,661.5,0.0
2,136900,VOLCANIC_ROCK_VOUCHER_9500,660.0,17.0,,,,,661,17,,,,,660.5,0.0
2,137000,VOLCANIC_ROCK_VOUCHER_9500,660.0,19.0,,,,,661,19,,,,,660.5,0.0
2,137100,VOLCANIC_ROCK_VOUCHER_9500,659.0,10.0,,,,,660,10,,,,,659.5,0.0
2,137200,VOLCANIC_ROCK_VOUCHER_9500,661.0,21.0,,,,,662,21,,,,,661.5,0.0
2,137300,VOLCANIC_ROCK_VOUCHER_9500,664.0,12.0,,,,,666,12,,,,,665.0,0.0
2,137400,VOLCANIC_ROCK_VOUCHER_9500,666.0,11.0,,,,,667,11,,,,,666.5,0.0
2,137500,VOLCANIC_ROCK_VOUCHER_9500,666.0,14.0,,,,,667,14,,,,,666.5,0.0
2,137600,VOLCANIC_ROCK_VOUCHER_9500,668.0,12.0,,,,,669,12,,,,,668.5,0.0
2,137700,VOLCANIC_ROCK_VOUCHER_9500,667.0,20.0,,,,,668,20,,,,,667.5,0.0
2,137800,VOLCANIC_ROCK_VOUCHER_9500,667.0,19.0,,,,,668,19,,,,,667.5,0.0
2,137900,VOLCANIC_ROCK_VOUCHER_9500,667.0,21.0,,,,,668,21,,,,,667.5,0.0
2,138000,VOLCANIC_ROCK_VOUCHER_9500,665.0,20.0,,,,,666,20,,,,,665.5,0.0
2,138100,VOLCANIC_ROCK_VOUCHER_9500,665.0,19.0,,,,,666,19,,,,,665.5,0.0
2,138200,VOLCANIC_ROCK_VOUCHER_9500,666.0,16.0,,,,,667,16,,,,,666.5,0.0
2,138300,VOLCANIC_ROCK_VOUCHER_9500,666.0,13.0,,,,,667,13,,,,,666.5,0.0
2,138400,VOLCANIC_ROCK_VOUCHER_9500,662.0,19.0,,,,,663,19,,,,,662.5,0.0
2,138500,VOLCANIC_ROCK_VOUCHER_9500,666.0,18.0,,,,,667,18,,,,,666.5,0.0
2,138600,VOLCANIC_ROCK_VOUCHER_9500,666.0,21.0,,,,,667,21,,,,,666.5,0.0
2,138700,VOLCANIC_ROCK_VOUCHER_9500,667.0,13.0,,,,,668,13,,,,,667.5,0.0
2,138800,VOLCANIC_ROCK_VOUCHER_9500,667.0,17.0,,,,,668,17,,,,,667.5,0.0
2,138900,VOLCANIC_ROCK_VOUCHER_9500,666.0,19.0,,,,,667,19,,,,,666.5,0.0
2,139000,VOLCANIC_ROCK_VOUCHER_9500,666.0,13.0,,,,,668,13,,,,,667.0,0.0
2,139100,VOLCANIC_ROCK_VOUCHER_9500,668.0,14.0,,,,,669,14,,,,,668.5,0.0
2,139200,VOLCANIC_ROCK_VOUCHER_9500,667.0,17.0,,,,,668,17,,,,,667.5,0.0
2,139300,VOLCANIC_ROCK_VOUCHER_9500,666.0,13.0,,,,,667,13,,,,,666.5,0.0
2,139400,VOLCANIC_ROCK_VOUCHER_9500,667.0,13.0,,,,,668,13,,,,,667.5,0.0
2,139500,VOLCANIC_ROCK_VOUCHER_9500,667.0,16.0,,,,,669,16,,,,,668.0,0.0
2,139600,VOLCANIC_ROCK_VOUCHER_9500,666.0,16.0,,,,,667,16,,,,,666.5,0.0
2,139700,VOLCANIC_ROCK_VOUCHER_9500,,,,,,,669,5,670.0,13.0,,,669.0,0.0
