day,timestamp,product,bid_price_1,bid_volume_1,bid_price_2,bid_volume_2,bid_price_3,bid_volume_3,ask_price_1,ask_volume_1,ask_price_2,ask_volume_2,ask_price_3,ask_volume_3,mid_price,profit_and_loss
0,0,VOLCANIC_ROCK_VOUCHER_9750,754.0,19.0,,,,,755,19,,,,,754.5,0.0
0,100,VOLCANIC_ROCK_VOUCHER_9750,761.0,13.0,,,,,762,13,,,,,761.5,0.0
0,200,VOLCANIC_ROCK_VOUCHER_9750,764.0,15.0,,,,,765,15,,,,,764.5,0.0
0,300,VOLCANIC_ROCK_VOUCHER_9750,768.0,13.0,,,,,769,13,,,,,768.5,0.0
0,400,VOLCANIC_ROCK_VOUCHER_9750,760.0,15.0,,,,,761,15,,,,,760.5,0.0
0,500,VOLCANIC_ROCK_VOUCHER_9750,756.0,18.0,,,,,758,18,,,,,757.0,0.0
0,600,VOLCANIC_ROCK_VOUCHER_9750,754.0,15.0,,,,,755,15,,,,,754.5,0.0
0,700,VOLCANIC_ROCK_VOUCHER_9750,753.0,16.0,,,,,754,16,,,,,753.5,0.0
0,800,VOLCANIC_ROCK_VOUCHER_9750,747.0,10.0,,,,,748,10,,,,,747.5,0.0
0,900,VOLCANIC_ROCK_VOUCHER_9750,746.0,22.0,,,,,747,22,,,,,746.5,0.0
0,1000,VOLCANIC_ROCK_VOUCHER_9750,750.0,18.0,,,,,751,18,,,,,750.5,0.0
0,1100,VOLCANIC_ROCK_VOUCHER_9750,751.0,18.0,,,,,752,18,,,,,751.5,0.0
0,1200,VOLCANIC_ROCK_VOUCHER_9750,755.0,15.0,,,,,756,15,,,,,755.5,0.0
0,1300,VOLCANIC_ROCK_VOUCHER_9750,760.0,15.0,,,,,761,15,,,,,760.5,0.0
0,1400,VOLCANIC_ROCK_VOUCHER_9750,760.0,17.0,,,,,761,17,,,,,760.5,0.0
0,1500,VOLCANIC_ROCK_VOUCHER_9750,755.0,20.0,,,,,756,20,,,,,755.5,0.0
0,1600,VOLCANIC_ROCK_VOUCHER_9750,755.0,11.0,,,,,756,11,,,,,755.5,0.0
0,1700,VOLCANIC_ROCK_VOUCHER_9750,749.0,20.0,,,,,750,20,,,,,749.5,0.0
0,1800,VOLCANIC_ROCK_VOUCHER_9750,748.0,14.0,,,,,749,14,,,,,748.5,0.0
0,1900,VOLCANIC_ROCK_VOUCHER_9750,743.0,19.0,,,,,745,19,,,,,744.0,0.0
0,2000,VOLCANIC_ROCK_VOUCHER_9750,743.0,2.0,,,,,744,15,,,,,743.5,0.0
0,2100,VOLCANIC_ROCK_VOUCHER_9750,739.0,13.0,,,,,740,13,,,,,739.5,0.0
0,2200,VOLCANIC_ROCK_VOUCHER_9750,736.0,17.0,,,,,737,17,,,,,736.5,0.0
0,2300,VOLCANIC_ROCK_VOUCHER_9750,742.0,20.0,,,,,743,20,,,,,742.5,0.0
0,2400,VOLCANIC_ROCK_VOUCHER_9750,736.0,15.0,,,,,738,15,,,,,737.0,0.0
0,2500,VOLCANIC_ROCK_VOUCHER_9750,731.0,16.0,,,,,732,16,,,,,731.5,0.0
0,2600,VOLCANIC_ROCK_VOUCHER_9750,725.0,5.0,,,,,727,15,,,,,726.0,0.0
0,2700,VOLCANIC_ROCK_VOUCHER_9750,715.0,18.0,,,,,716,18,,,,,715.5,0.0
0,2800,VOLCANIC_ROCK_VOUCHER_9750,723.0,20.0,,,,,725,20,,,,,724.0,0.0
0,2900,VOLCANIC_ROCK_VOUCHER_9750,723.0,20.0,,,,,724,20,,,,,723.5,0.0
0,3000,VOLCANIC_ROCK_VOUCHER_9750,729.0,15.0,,,,,730,15,,,,,729.5,0.0
0,3100,VOLCANIC_ROCK_VOUCHER_9750,724.0,18.0,,,,,725,21,,,,,724.5,0.0
0,3200,VOLCANIC_ROCK_VOUCHER_9750,729.0,14.0,,,,,731,14,,,,,730.0,0.0
0,3300,VOLCANIC_ROCK_VOUCHER_9750,730.0,12.0,,,,,731,12,,,,,730.5,0.0
0,3400,VOLCANIC_ROCK_VOUCHER_9750,730.0,12.0,,,,,731,12,,,,,730.5,0.0
0,3500,VOLCANIC_ROCK_VOUCHER_9750,740.0,12.0,,,,,741,12,,,,,740.5,0.0
0,3600,VOLCANIC_ROCK_VOUCHER_9750,735.0,16.0,,,,,736,16,,,,,735.5,0.0
0,3700,VOLCANIC_ROCK_VOUCHER_9750,733.0,12.0,,,,,734,12,,,,,733.5,0.0
0,3800,VOLCANIC_ROCK_VOUCHER_9750,734.0,12.0,,,,,735,12,,,,,734.5,0.0
0,3900,VOLCANIC_ROCK_VOUCHER_9750,732.0,10.0,,,,,734,10,,,,,733.0,0.0
0,4000,VOLCANIC_ROCK_VOUCHER_9750,726.0,15.0,,,,,727,15,,,,,726.5,0.0
0,4100,VOLCANIC_ROCK_VOUCHER_9750,723.0,20.0,,,,,724,20,,,,,723.5,0.0
0,4200,VOLCANIC_ROCK_VOUCHER_9750,,,,,,,717,4,718.0,14.0,,,717.0,0.0
0,4300,VOLCANIC_ROCK_VOUCHER_9750,715.0,12.0,,,,,716,12,,,,,715.5,0.0
0,4400,VOLCANIC_ROCK_VOUCHER_9750,709.0,19.0,,,,,710,19,,,,,709.5,0.0
0,4500,VOLCANIC_ROCK_VOUCHER_9750,708.0,10.0,,,,,709,10,,,,,708.5,0.0
0,4600,VOLCANIC_ROCK_VOUCHER_9750,702.0,13.0,,,,,703,13,,,,,702.5,0.0
0,4700,VOLCANIC_ROCK_VOUCHER_9750,708.0,19.0,,,,,709,19,,,,,708.5,0.0
0,4800,VOLCANIC_ROCK_VOUCHER_9750,714.0,16.0,,,,,715,16,,,,,714.5,0.0
0,4900,VOLCANIC_ROCK_VOUCHER_9750,715.0,10.0,,,,,716,10,,,,,715.5,0.0
0,5000,VOLCANIC_ROCK_VOUCHER_9750,713.0,12.0,,,,,714,12,,,,,713.5,0.0
0,5100,VOLCANIC_ROCK_VOUCHER_9750,703.0,15.0,,,,,704,15,,,,,703.5,0.0
0,5200,VOLCANIC_ROCK_VOUCHER_9750,706.0,5.0,,,,,707,17,,,,,706.5,0.0
0,5300,VOLCANIC_ROCK_VOUCHER_9750,702.0,14.0,,,,,703,14,,,,,702.5,0.0
0,5400,VOLCANIC_ROCK_VOUCHER_9750,701.0,20.0,,,,,702,20,,,,,701.5,0.0
0,5500,VOLCANIC_ROCK_VOUCHER_9750,691.0,20.0,,,,,692,20,,,,,691.5,0.0
0,5600,VOLCANIC_ROCK_VOUCHER_9750,696.0,13.0,,,,,697,13,,,,,696.5,0.0
0,5700,VOLCANIC_ROCK_VOUCHER_9750,694.0,14.0,,,,,695,14,,,,,694.5,0.0
0,5800,VOLCANIC_ROCK_VOUCHER_9750,690.0,12.0,,,,,691,12,,,,,690.5,0.0
0,5900,VOLCANIC_ROCK_VOUCHER_9750,682.0,17.0,,,,,683,17,,,,,682.5,0.0
0,6000,VOLCANIC_ROCK_VOUCHER_9750,696.0,13.0,,,,,697,13,,,,,696.5,0.0
0,6100,VOLCANIC_ROCK_VOUCHER_9750,691.0,12.0,,,,,692,12,,,,,691.5,0.0
0,6200,VOLCANIC_ROCK_VOUCHER_9750,697.0,14.0,,,,,698,14,,,,,697.5,0.0
0,6300,VOLCANIC_ROCK_VOUCHER_9750,691.0,25.0,,,,,692,18,,,,,691.5,0.0
0,6400,VOLCANIC_ROCK_VOUCHER_9750,693.0,3.0,,,,,694,16,,,,,693.5,0.0
0,6500,VOLCANIC_ROCK_VOUCHER_9750,694.0,20.0,,,,,695,20,,,,,694.5,0.0
0,6600,VOLCANIC_ROCK_VOUCHER_9750,690.0,15.0,,,,,691,15,,,,,690.5,0.0
0,6700,VOLCANIC_ROCK_VOUCHER_9750,676.0,20.0,,,,,678,20,,,,,677.0,0.0
0,6800,VOLCANIC_ROCK_VOUCHER_9750,683.0,18.0,,,,,684,18,,,,,683.5,0.0
0,6900,VOLCANIC_ROCK_VOUCHER_9750,683.0,13.0,,,,,684,20,,,,,683.5,0.0
0,7000,VOLCANIC_ROCK_VOUCHER_9750,682.0,12.0,,,,,683,12,,,,,682.5,0.0
0,7100,VOLCANIC_ROCK_VOUCHER_9750,686.0,14.0,,,,,687,14,,,,,686.5,0.0
0,7200,VOLCANIC_ROCK_VOUCHER_9750,689.0,28.0,,,,,690,13,,,,,689.5,0.0
0,7300,VOLCANIC_ROCK_VOUCHER_9750,687.0,20.0,,,,,689,20,,,,,688.0,0.0
0,7400,VOLCANIC_ROCK_VOUCHER_9750,689.0,12.0,,,,,690,12,,,,,689.5,0.0
0,7500,VOLCANIC_ROCK_VOUCHER_9750,692.0,11.0,,,,,693,11,,,,,692.5,0.0
0,7600,VOLCANIC_ROCK_VOUCHER_9750,692.0,12.0,,,,,693,12,,,,,692.5,0.0
0,7700,VOLCANIC_ROCK_VOUCHER_9750,687.0,15.0,,,,,688,15,,,,,687.5,0.0
0,7800,VOLCANIC_ROCK_VOUCHER_9750,691.0,13.0,,,,,692,13,,,,,691.5,0.0
0,7900,VOLCANIC_ROCK_VOUCHER_9750,698.0,6.0,,,,,699,16,,,,,698.5,0.0
0,8000,VOLCANIC_ROCK_VOUCHER_9750,693.0,7.0,,,,,694,17,,,,,693.5,0.0
0,8100,VOLCANIC_ROCK_VOUCHER_9750,698.0,27.0,,,,,699,15,,,,,698.5,0.0
0,8200,VOLCANIC_ROCK_VOUCHER_9750,701.0,11.0,,,,,702,11,,,,,701.5,0.0
0,8300,VOLCANIC_ROCK_VOUCHER_9750,691.0,18.0,,,,,692,18,,,,,691.5,0.0
0,8400,VOLCANIC_ROCK_VOUCHER_9750,695.0,17.0,,,,,696,17,,,,,695.5,0.0
0,8500,VOLCANIC_ROCK_VOUCHER_9750,697.0,11.0,,,,,698,11,,,,,697.5,0.0
0,8600,VOLCANIC_ROCK_VOUCHER_9750,692.0,1.0,691.0,12.0,,,693,13,,,,,692.5,0.0
0,8700,VOLCANIC_ROCK_VOUCHER_9750,687.0,14.0,,,,,688,14,,,,,687.5,0.0
0,8800,VOLCANIC_ROCK_VOUCHER_9750,683.0,15.0,,,,,684,15,,,,,683.5,0.0
0,8900,VOLCANIC_ROCK_VOUCHER_9750,682.0,12.0,,,,,683,12,,,,,682.5,0.0
0,9000,VOLCANIC_ROCK_VOUCHER_9750,682.0,10.0,,,,,683,10,,,,,682.5,0.0
0,9100,VOLCANIC_ROCK_VOUCHER_9750,674.0,20.0,,,,,676,20,,,,,675.0,0.0
0,9200,VOLCANIC_ROCK_VOUCHER_9750,675.0,20.0,,,,,676,20,,,,,675.5,0.0
0,9300,VOLCANIC_ROCK_VOUCHER_9750,673.0,10.0,,,,,674,10,,,,,673.5,0.0
0,9400,VOLCANIC_ROCK_VOUCHER_9750,676.0,17.0,,,,,677,17,,,,,676.5,0.0
0,9500,VOLCANIC_ROCK_VOUCHER_9750,676.0,15.0,,,,,677,15,,,,,676.5,0.0
0,9600,VOLCANIC_ROCK_VOUCHER_9750,682.0,12.0,,,,,683,12,,,,,682.5,0.0
0,9700,VOLCANIC_ROCK_VOUCHER_9750,676.0,18.0,,,,,677,18,,,,,676.5,0.0
0,9800,VOLCANIC_ROCK_VOUCHER_9750,679.0,13.0,,,,,680,13,,,,,679.5,0.0
0,9900,VOLCANIC_ROCK_VOUCHER_9750,677.0,13.0,,,,,678,13,,,,,677.5,0.0
0,10000,VOLCANIC_ROCK_VOUCHER_9750,670.0,21.0,,,,,671,21,,,,,670.5,0.0
0,10100,VOLCANIC_ROCK_VOUCHER_9750,676.0,22.0,,,,,677,10,,,,,676.5,0.0
0,10200,VOLCANIC_ROCK_VOUCHER_9750,671.0,13.0,,,,,673,13,,,,,672.0,0.0
0,10300,VOLCANIC_ROCK_VOUCHER_9750,673.0,20.0,,,,,674,20,,,,,673.5,0.0
0,10400,VOLCANIC_ROCK_VOUCHER_9750,676.0,16.0,,,,,677,16,,,,,676.5,0.0
0,10500,VOLCANIC_ROCK_VOUCHER_9750,677.0,20.0,,,,,678,20,,,,,677.5,0.0
0,10600,VOLCANIC_ROCK_VOUCHER_9750,682.0,18.0,,,,,683,18,,,,,682.5,0.0
0,10700,VOLCANIC_ROCK_VOUCHER_9750,678.0,14.0,,,,,680,14,,,,,679.0,0.0
0,10800,VOLCANIC_ROCK_VOUCHER_9750,684.0,18.0,,,,,685,18,,,,,684.5,0.0
0,10900,VOLCANIC_ROCK_VOUCHER_9750,689.0,12.0,,,,,690,12,,,,,689.5,0.0
0,11000,VOLCANIC_ROCK_VOUCHER_9750,698.0,15.0,,,,,699,15,,,,,698.5,0.0
0,11100,VOLCANIC_ROCK_VOUCHER_9750,689.0,20.0,,,,,690,20,,,,,689.5,0.0
0,11200,VOLCANIC_ROCK_VOUCHER_9750,698.0,12.0,,,,,699,12,,,,,698.5,0.0
0,11300,VOLCANIC_ROCK_VOUCHER_9750,693.0,11.0,,,,,694,11,,,,,693.5,0.0
0,11400,VOLCANIC_ROCK_VOUCHER_9750,699.0,15.0,,,,,701,15,,,,,700.0,0.0
0,11500,VOLCANIC_ROCK_VOUCHER_9750,697.0,18.0,,,,,698,18,,,,,697.5,0.0
0,11600,VOLCANIC_ROCK_VOUCHER_9750,694.0,12.0,,,,,695,12,,,,,694.5,0.0
0,11700,VOLCANIC_ROCK_VOUCHER_9750,690.0,15.0,,,,,691,15,,,,,690.5,0.0
0,11800,VOLCANIC_ROCK_VOUCHER_9750,686.0,19.0,,,,,687,19,,,,,686.5,0.0
0,11900,VOLCANIC_ROCK_VOUCHER_9750,679.0,17.0,,,,,680,17,,,,,679.5,0.0
0,12000,VOLCANIC_ROCK_VOUCHER_9750,681.0,13.0,,,,,682,13,,,,,681.5,0.0
0,12100,VOLCANIC_ROCK_VOUCHER_9750,681.0,20.0,,,,,682,20,,,,,681.5,0.0
0,12200,VOLCANIC_ROCK_VOUCHER_9750,,,,,,,679,6,680.0,14.0,,,679.0,0.0
0,12300,VOLCANIC_ROCK_VOUCHER_9750,685.0,15.0,,,,,686,15,,,,,685.5,0.0
0,12400,VOLCANIC_ROCK_VOUCHER_9750,687.0,12.0,,,,,688,12,,,,,687.5,0.0
0,12500,VOLCANIC_ROCK_VOUCHER_9750,683.0,18.0,,,,,684,18,,,,,683.5,0.0
0,12600,VOLCANIC_ROCK_VOUCHER_9750,674.0,13.0,,,,,675,13,,,,,674.5,0.0
0,12700,VOLCANIC_ROCK_VOUCHER_9750,677.0,22.0,,,,,678,22,,,,,677.5,0.0
0,12800,VOLCANIC_ROCK_VOUCHER_9750,682.0,14.0,,,,,683,14,,,,,682.5,0.0
0,12900,VOLCANIC_ROCK_VOUCHER_9750,677.0,15.0,,,,,678,15,,,,,677.5,0.0
0,13000,VOLCANIC_ROCK_VOUCHER_9750,677.0,11.0,,,,,678,11,,,,,677.5,0.0
0,13100,VOLCANIC_ROCK_VOUCHER_9750,673.0,22.0,,,,,675,22,,,,,674.0,0.0
0,13200,VOLCANIC_ROCK_VOUCHER_9750,666.0,16.0,,,,,667,16,,,,,666.5,0.0
0,13300,VOLCANIC_ROCK_VOUCHER_9750,664.0,17.0,,,,,665,17,,,,,664.5,0.0
0,13400,VOLCANIC_ROCK_VOUCHER_9750,665.0,15.0,,,,,666,15,,,,,665.5,0.0
0,13500,VOLCANIC_ROCK_VOUCHER_9750,662.0,17.0,,,,,663,17,,,,,662.5,0.0
0,13600,VOLCANIC_ROCK_VOUCHER_9750,657.0,19.0,,,,,658,19,,,,,657.5,0.0
0,13700,VOLCANIC_ROCK_VOUCHER_9750,656.0,21.0,,,,,657,21,,,,,656.5,0.0
0,13800,VOLCANIC_ROCK_VOUCHER_9750,632.0,13.0,,,,,633,13,,,,,632.5,0.0
0,13900,VOLCANIC_ROCK_VOUCHER_9750,643.0,20.0,,,,,644,20,,,,,643.5,0.0
0,14000,VOLCANIC_ROCK_VOUCHER_9750,630.0,14.0,,,,,631,14,,,,,630.5,0.0
0,14100,VOLCANIC_ROCK_VOUCHER_9750,644.0,22.0,,,,,645,22,,,,,644.5,0.0
0,14200,VOLCANIC_ROCK_VOUCHER_9750,657.0,12.0,,,,,658,12,,,,,657.5,0.0
0,14300,VOLCANIC_ROCK_VOUCHER_9750,647.0,22.0,,,,,648,22,,,,,647.5,0.0
0,14400,VOLCANIC_ROCK_VOUCHER_9750,655.0,17.0,,,,,656,17,,,,,655.5,0.0
0,14500,VOLCANIC_ROCK_VOUCHER_9750,656.0,22.0,,,,,657,15,,,,,656.5,0.0
0,14600,VOLCANIC_ROCK_VOUCHER_9750,656.0,31.0,,,,,657,11,,,,,656.5,0.0
0,14700,VOLCANIC_ROCK_VOUCHER_9750,667.0,13.0,,,,,668,13,,,,,667.5,0.0
0,14800,VOLCANIC_ROCK_VOUCHER_9750,660.0,35.0,,,,,661,16,,,,,660.5,0.0
0,14900,VOLCANIC_ROCK_VOUCHER_9750,665.0,17.0,,,,,666,17,,,,,665.5,0.0
0,15000,VOLCANIC_ROCK_VOUCHER_9750,675.0,14.0,,,,,676,14,,,,,675.5,0.0
0,15100,VOLCANIC_ROCK_VOUCHER_9750,679.0,28.0,,,,,680,15,,,,,679.5,0.0
0,15200,VOLCANIC_ROCK_VOUCHER_9750,683.0,13.0,,,,,685,13,,,,,684.0,0.0
0,15300,VOLCANIC_ROCK_VOUCHER_9750,688.0,16.0,,,,,689,16,,,,,688.5,0.0
0,15400,VOLCANIC_ROCK_VOUCHER_9750,690.0,35.0,,,,,691,22,,,,,690.5,0.0
0,15500,VOLCANIC_ROCK_VOUCHER_9750,691.0,15.0,,,,,692,15,,,,,691.5,0.0
0,15600,VOLCANIC_ROCK_VOUCHER_9750,695.0,19.0,,,,,696,19,,,,,695.5,0.0
0,15700,VOLCANIC_ROCK_VOUCHER_9750,697.0,14.0,,,,,698,14,,,,,697.5,0.0
0,15800,VOLCANIC_ROCK_VOUCHER_9750,,,,,,,708,6,709.0,12.0,,,708.0,0.0
0,15900,VOLCANIC_ROCK_VOUCHER_9750,719.0,20.0,,,,,720,20,,,,,719.5,0.0
0,16000,VOLCANIC_ROCK_VOUCHER_9750,712.0,18.0,,,,,713,18,,,,,712.5,0.0
0,16100,VOLCANIC_ROCK_VOUCHER_9750,708.0,15.0,,,,,709,15,,,,,708.5,0.0
0,16200,VOLCANIC_ROCK_VOUCHER_9750,721.0,10.0,,,,,722,10,,,,,721.5,0.0
0,16300,VOLCANIC_ROCK_VOUCHER_9750,717.0,18.0,,,,,718,18,,,,,717.5,0.0
0,16400,VOLCANIC_ROCK_VOUCHER_9750,715.0,16.0,,,,,716,16,,,,,715.5,0.0
0,16500,VOLCANIC_ROCK_VOUCHER_9750,720.0,38.0,,,,,721,22,,,,,720.5,0.0
0,16600,VOLCANIC_ROCK_VOUCHER_9750,720.0,19.0,,,,,721,19,,,,,720.5,0.0
0,16700,VOLCANIC_ROCK_VOUCHER_9750,724.0,17.0,,,,,725,17,,,,,724.5,0.0
0,16800,VOLCANIC_ROCK_VOUCHER_9750,728.0,16.0,,,,,730,16,,,,,729.0,0.0
0,16900,VOLCANIC_ROCK_VOUCHER_9750,733.0,20.0,,,,,734,20,,,,,733.5,0.0
0,17000,VOLCANIC_ROCK_VOUCHER_9750,727.0,20.0,,,,,728,20,,,,,727.5,0.0
0,17100,VOLCANIC_ROCK_VOUCHER_9750,733.0,15.0,,,,,734,1,735.0,14.0,,,733.5,0.0
0,17200,VOLCANIC_ROCK_VOUCHER_9750,730.0,12.0,,,,,731,12,,,,,730.5,0.0
0,17300,VOLCANIC_ROCK_VOUCHER_9750,733.0,11.0,,,,,734,11,,,,,733.5,0.0
0,17400,VOLCANIC_ROCK_VOUCHER_9750,732.0,14.0,,,,,733,14,,,,,732.5,0.0
0,17500,VOLCANIC_ROCK_VOUCHER_9750,731.0,12.0,,,,,732,12,,,,,731.5,0.0
0,17600,VOLCANIC_ROCK_VOUCHER_9750,725.0,20.0,,,,,726,20,,,,,725.5,0.0
0,17700,VOLCANIC_ROCK_VOUCHER_9750,726.0,13.0,,,,,727,13,,,,,726.5,0.0
0,17800,VOLCANIC_ROCK_VOUCHER_9750,726.0,15.0,,,,,727,15,,,,,726.5,0.0
0,17900,VOLCANIC_ROCK_VOUCHER_9750,,,,,,,720,5,721.0,14.0,,,720.0,0.0
0,18000,VOLCANIC_ROCK_VOUCHER_9750,716.0,15.0,,,,,717,15,,,,,716.5,0.0
0,18100,VOLCANIC_ROCK_VOUCHER_9750,706.0,10.0,,,,,707,10,,,,,706.5,0.0
0,18200,VOLCANIC_ROCK_VOUCHER_9750,713.0,12.0,,,,,714,12,,,,,713.5,0.0
0,18300,VOLCANIC_ROCK_VOUCHER_9750,715.0,28.0,,,,,716,12,,,,,715.5,0.0
0,18400,VOLCANIC_ROCK_VOUCHER_9750,720.0,14.0,,,,,721,14,,,,,720.5,0.0
0,18500,VOLCANIC_ROCK_VOUCHER_9750,721.0,20.0,,,,,722,20,,,,,721.5,0.0
0,18600,VOLCANIC_ROCK_VOUCHER_9750,718.0,14.0,,,,,719,14,,,,,718.5,0.0
0,18700,VOLCANIC_ROCK_VOUCHER_9750,710.0,18.0,,,,,711,18,,,,,710.5,0.0
0,18800,VOLCANIC_ROCK_VOUCHER_9750,713.0,19.0,,,,,714,19,,,,,713.5,0.0
0,18900,VOLCANIC_ROCK_VOUCHER_9750,719.0,18.0,,,,,720,18,,,,,719.5,0.0
0,19000,VOLCANIC_ROCK_VOUCHER_9750,719.0,16.0,,,,,720,16,,,,,719.5,0.0
0,19100,VOLCANIC_ROCK_VOUCHER_9750,719.0,17.0,,,,,720,17,,,,,719.5,0.0
0,19200,VOLCANIC_ROCK_VOUCHER_9750,715.0,11.0,,,,,716,11,,,,,715.5,0.0
0,19300,VOLCANIC_ROCK_VOUCHER_9750,718.0,19.0,,,,,719,19,,,,,718.5,0.0
0,19400,VOLCANIC_ROCK_VOUCHER_9750,717.0,17.0,,,,,718,17,,,,,717.5,0.0
0,19500,VOLCANIC_ROCK_VOUCHER_9750,720.0,12.0,,,,,721,12,,,,,720.5,0.0
0,19600,VOLCANIC_ROCK_VOUCHER_9750,718.0,22.0,,,,,719,22,,,,,718.5,0.0
0,19700,VOLCANIC_ROCK_VOUCHER_9750,711.0,17.0,,,,,712,17,,,,,711.5,0.0
0,19800,VOLCANIC_ROCK_VOUCHER_9750,713.0,19.0,,,,,714,10,715.0,19.0,,,713.5,0.0
0,19900,VOLCANIC_ROCK_VOUCHER_9750,712.0,20.0,,,,,713,20,,,,,712.5,0.0
0,20000,VOLCANIC_ROCK_VOUCHER_9750,707.0,15.0,,,,,708,15,,,,,707.5,0.0
0,20100,VOLCANIC_ROCK_VOUCHER_9750,698.0,13.0,,,,,700,13,,,,,699.0,0.0
0,20200,VOLCANIC_ROCK_VOUCHER_9750,691.0,14.0,,,,,693,14,,,,,692.0,0.0
0,20300,VOLCANIC_ROCK_VOUCHER_9750,687.0,17.0,,,,,688,17,,,,,687.5,0.0
0,20400,VOLCANIC_ROCK_VOUCHER_9750,697.0,15.0,,,,,699,15,,,,,698.0,0.0
0,20500,VOLCANIC_ROCK_VOUCHER_9750,699.0,11.0,,,,,700,11,,,,,699.5,0.0
0,20600,VOLCANIC_ROCK_VOUCHER_9750,702.0,15.0,,,,,703,15,,,,,702.5,0.0
0,20700,VOLCANIC_ROCK_VOUCHER_9750,701.0,13.0,,,,,703,13,,,,,702.0,0.0
0,20800,VOLCANIC_ROCK_VOUCHER_9750,708.0,37.0,,,,,709,22,,,,,708.5,0.0
0,20900,VOLCANIC_ROCK_VOUCHER_9750,706.0,12.0,,,,,707,12,,,,,706.5,0.0
0,21000,VOLCANIC_ROCK_VOUCHER_9750,700.0,19.0,,,,,701,19,,,,,700.5,0.0
0,21100,VOLCANIC_ROCK_VOUCHER_9750,,,,,,,702,3,703.0,13.0,,,702.0,0.0
0,21200,VOLCANIC_ROCK_VOUCHER_9750,705.0,5.0,,,,,706,17,,,,,705.5,0.0
0,21300,VOLCANIC_ROCK_VOUCHER_9750,711.0,14.0,,,,,712,14,,,,,711.5,0.0
0,21400,VOLCANIC_ROCK_VOUCHER_9750,712.0,15.0,,,,,713,15,,,,,712.5,0.0
0,21500,VOLCANIC_ROCK_VOUCHER_9750,709.0,23.0,,,,,710,13,,,,,709.5,0.0
0,21600,VOLCANIC_ROCK_VOUCHER_9750,707.0,16.0,,,,,709,16,,,,,708.0,0.0
0,21700,VOLCANIC_ROCK_VOUCHER_9750,705.0,21.0,,,,,706,21,,,,,705.5,0.0
0,21800,VOLCANIC_ROCK_VOUCHER_9750,708.0,11.0,,,,,709,11,,,,,708.5,0.0
0,21900,VOLCANIC_ROCK_VOUCHER_9750,707.0,18.0,,,,,708,18,,,,,707.5,0.0
0,22000,VOLCANIC_ROCK_VOUCHER_9750,707.0,21.0,,,,,708,21,,,,,707.5,0.0
0,22100,VOLCANIC_ROCK_VOUCHER_9750,709.0,12.0,,,,,710,12,,,,,709.5,0.0
0,22200,VOLCANIC_ROCK_VOUCHER_9750,708.0,14.0,,,,,709,14,,,,,708.5,0.0
0,22300,VOLCANIC_ROCK_VOUCHER_9750,703.0,12.0,,,,,704,12,,,,,703.5,0.0
0,22400,VOLCANIC_ROCK_VOUCHER_9750,703.0,13.0,,,,,704,13,,,,,703.5,0.0
0,22500,VOLCANIC_ROCK_VOUCHER_9750,706.0,12.0,,,,,707,12,,,,,706.5,0.0
0,22600,VOLCANIC_ROCK_VOUCHER_9750,713.0,14.0,,,,,714,14,,,,,713.5,0.0
0,22700,VOLCANIC_ROCK_VOUCHER_9750,723.0,11.0,,,,,725,11,,,,,724.0,0.0
0,22800,VOLCANIC_ROCK_VOUCHER_9750,730.0,11.0,,,,,731,11,,,,,730.5,0.0
0,22900,VOLCANIC_ROCK_VOUCHER_9750,726.0,14.0,,,,,727,14,,,,,726.5,0.0
0,23000,VOLCANIC_ROCK_VOUCHER_9750,734.0,22.0,,,,,735,22,,,,,734.5,0.0
0,23100,VOLCANIC_ROCK_VOUCHER_9750,729.0,13.0,,,,,730,13,,,,,729.5,0.0
0,23200,VOLCANIC_ROCK_VOUCHER_9750,725.0,18.0,,,,,726,18,,,,,725.5,0.0
0,23300,VOLCANIC_ROCK_VOUCHER_9750,725.0,10.0,,,,,726,10,,,,,725.5,0.0
0,23400,VOLCANIC_ROCK_VOUCHER_9750,724.0,18.0,,,,,725,18,,,,,724.5,0.0
0,23500,VOLCANIC_ROCK_VOUCHER_9750,722.0,25.0,,,,,723,15,,,,,722.5,0.0
0,23600,VOLCANIC_ROCK_VOUCHER_9750,728.0,19.0,,,,,730,19,,,,,729.0,0.0
0,23700,VOLCANIC_ROCK_VOUCHER_9750,732.0,14.0,,,,,733,14,,,,,732.5,0.0
0,23800,VOLCANIC_ROCK_VOUCHER_9750,730.0,39.0,,,,,731,22,,,,,730.5,0.0
0,23900,VOLCANIC_ROCK_VOUCHER_9750,728.0,16.0,,,,,729,16,,,,,728.5,0.0
0,24000,VOLCANIC_ROCK_VOUCHER_9750,729.0,14.0,,,,,730,14,,,,,729.5,0.0
0,24100,VOLCANIC_ROCK_VOUCHER_9750,725.0,22.0,,,,,726,22,,,,,725.5,0.0
0,24200,VOLCANIC_ROCK_VOUCHER_9750,722.0,21.0,,,,,723,21,,,,,722.5,0.0
0,24300,VOLCANIC_ROCK_VOUCHER_9750,725.0,12.0,,,,,726,12,,,,,725.5,0.0
0,24400,VOLCANIC_ROCK_VOUCHER_9750,725.0,10.0,,,,,726,10,,,,,725.5,0.0
0,24500,VOLCANIC_ROCK_VOUCHER_9750,718.0,15.0,,,,,719,15,,,,,718.5,0.0
0,24600,VOLCANIC_ROCK_VOUCHER_9750,715.0,20.0,,,,,716,20,,,,,715.5,0.0
0,24700,VOLCANIC_ROCK_VOUCHER_9750,710.0,15.0,,,,,711,15,,,,,710.5,0.0
0,24800,VOLCANIC_ROCK_VOUCHER_9750,713.0,22.0,,,,,714,22,,,,,713.5,0.0
0,24900,VOLCANIC_ROCK_VOUCHER_9750,713.0,22.0,,,,,714,22,,,,,713.5,0.0
0,25000,VOLCANIC_ROCK_VOUCHER_9750,718.0,17.0,,,,,719,17,,,,,718.5,0.0
0,25100,VOLCANIC_ROCK_VOUCHER_9750,721.0,14.0,,,,,723,14,,,,,722.0,0.0
0,25200,VOLCANIC_ROCK_VOUCHER_9750,722.0,3.0,,,,,723,22,,,,,722.5,0.0
0,25300,VOLCANIC_ROCK_VOUCHER_9750,718.0,14.0,,,,,719,14,,,,,718.5,0.0
0,25400,VOLCANIC_ROCK_VOUCHER_9750,716.0,15.0,,,,,717,15,,,,,716.5,0.0
0,25500,VOLCANIC_ROCK_VOUCHER_9750,716.0,21.0,,,,,717,21,,,,,716.5,0.0
0,25600,VOLCANIC_ROCK_VOUCHER_9750,713.0,5.0,,,,,715,17,,,,,714.0,0.0
0,25700,VOLCANIC_ROCK_VOUCHER_9750,715.0,26.0,,,,,716,11,,,,,715.5,0.0
0,25800,VOLCANIC_ROCK_VOUCHER_9750,716.0,11.0,,,,,717,11,,,,,716.5,0.0
0,25900,VOLCANIC_ROCK_VOUCHER_9750,713.0,12.0,,,,,714,12,,,,,713.5,0.0
0,26000,VOLCANIC_ROCK_VOUCHER_9750,716.0,20.0,,,,,717,20,,,,,716.5,0.0
0,26100,VOLCANIC_ROCK_VOUCHER_9750,710.0,2.0,,,,,711,14,,,,,710.5,0.0
0,26200,VOLCANIC_ROCK_VOUCHER_9750,710.0,11.0,,,,,711,11,,,,,710.5,0.0
0,26300,VOLCANIC_ROCK_VOUCHER_9750,707.0,13.0,,,,,708,13,,,,,707.5,0.0
0,26400,VOLCANIC_ROCK_VOUCHER_9750,713.0,12.0,,,,,715,12,,,,,714.0,0.0
0,26500,VOLCANIC_ROCK_VOUCHER_9750,711.0,17.0,,,,,712,17,,,,,711.5,0.0
0,26600,VOLCANIC_ROCK_VOUCHER_9750,711.0,6.0,,,,,712,21,,,,,711.5,0.0
0,26700,VOLCANIC_ROCK_VOUCHER_9750,715.0,15.0,,,,,716,15,,,,,715.5,0.0
0,26800,VOLCANIC_ROCK_VOUCHER_9750,718.0,35.0,,,,,719,20,,,,,718.5,0.0
0,26900,VOLCANIC_ROCK_VOUCHER_9750,714.0,11.0,,,,,715,11,,,,,714.5,0.0
0,27000,VOLCANIC_ROCK_VOUCHER_9750,708.0,16.0,,,,,709,16,,,,,708.5,0.0
0,27100,VOLCANIC_ROCK_VOUCHER_9750,709.0,12.0,,,,,710,12,,,,,709.5,0.0
0,27200,VOLCANIC_ROCK_VOUCHER_9750,714.0,14.0,,,,,715,14,,,,,714.5,0.0
0,27300,VOLCANIC_ROCK_VOUCHER_9750,712.0,18.0,,,,,713,18,,,,,712.5,0.0
0,27400,VOLCANIC_ROCK_VOUCHER_9750,711.0,20.0,,,,,712,20,,,,,711.5,0.0
0,27500,VOLCANIC_ROCK_VOUCHER_9750,707.0,21.0,,,,,709,21,,,,,708.0,0.0
0,27600,VOLCANIC_ROCK_VOUCHER_9750,705.0,14.0,,,,,706,14,,,,,705.5,0.0
0,27700,VOLCANIC_ROCK_VOUCHER_9750,701.0,13.0,,,,,702,13,,,,,701.5,0.0
0,27800,VOLCANIC_ROCK_VOUCHER_9750,689.0,14.0,,,,,690,14,,,,,689.5,0.0
0,27900,VOLCANIC_ROCK_VOUCHER_9750,692.0,19.0,,,,,694,19,,,,,693.0,0.0
0,28000,VOLCANIC_ROCK_VOUCHER_9750,694.0,15.0,,,,,695,15,,,,,694.5,0.0
0,28100,VOLCANIC_ROCK_VOUCHER_9750,692.0,10.0,,,,,693,10,,,,,692.5,0.0
0,28200,VOLCANIC_ROCK_VOUCHER_9750,694.0,14.0,,,,,695,14,,,,,694.5,0.0
0,28300,VOLCANIC_ROCK_VOUCHER_9750,684.0,18.0,,,,,685,18,,,,,684.5,0.0
0,28400,VOLCANIC_ROCK_VOUCHER_9750,691.0,13.0,,,,,692,13,,,,,691.5,0.0
0,28500,VOLCANIC_ROCK_VOUCHER_9750,690.0,18.0,,,,,691,18,,,,,690.5,0.0
0,28600,VOLCANIC_ROCK_VOUCHER_9750,687.0,18.0,,,,,688,18,,,,,687.5,0.0
0,28700,VOLCANIC_ROCK_VOUCHER_9750,692.0,12.0,,,,,693,12,,,,,692.5,0.0
0,28800,VOLCANIC_ROCK_VOUCHER_9750,691.0,22.0,,,,,692,22,,,,,691.5,0.0
0,28900,VOLCANIC_ROCK_VOUCHER_9750,696.0,14.0,,,,,698,14,,,,,697.0,0.0
0,29000,VOLCANIC_ROCK_VOUCHER_9750,696.0,15.0,,,,,697,15,,,,,696.5,0.0
0,29100,VOLCANIC_ROCK_VOUCHER_9750,692.0,12.0,,,,,693,12,,,,,692.5,0.0
0,29200,VOLCANIC_ROCK_VOUCHER_9750,693.0,18.0,,,,,694,18,,,,,693.5,0.0
0,29300,VOLCANIC_ROCK_VOUCHER_9750,699.0,19.0,,,,,701,19,,,,,700.0,0.0
0,29400,VOLCANIC_ROCK_VOUCHER_9750,700.0,12.0,,,,,701,12,,,,,700.5,0.0
0,29500,VOLCANIC_ROCK_VOUCHER_9750,696.0,22.0,,,,,697,22,,,,,696.5,0.0
0,29600,VOLCANIC_ROCK_VOUCHER_9750,690.0,18.0,,,,,691,18,,,,,690.5,0.0
0,29700,VOLCANIC_ROCK_VOUCHER_9750,691.0,19.0,,,,,692,19,,,,,691.5,0.0
0,29800,VOLCANIC_ROCK_VOUCHER_9750,694.0,30.0,,,,,695,18,,,,,694.5,0.0
0,29900,VOLCANIC_ROCK_VOUCHER_9750,694.0,17.0,,,,,695,17,,,,,694.5,0.0
0,30000,VOLCANIC_ROCK_VOUCHER_9750,694.0,4.0,,,,,695,18,,,,,694.5,0.0
0,30100,VOLCANIC_ROCK_VOUCHER_9750,691.0,19.0,,,,,692,19,,,,,691.5,0.0
0,30200,VOLCANIC_ROCK_VOUCHER_9750,684.0,4.0,,,,,685,18,,,,,684.5,0.0
0,30300,VOLCANIC_ROCK_VOUCHER_9750,686.0,14.0,,,,,687,14,,,,,686.5,0.0
0,30400,VOLCANIC_ROCK_VOUCHER_9750,682.0,22.0,,,,,683,22,,,,,682.5,0.0
0,30500,VOLCANIC_ROCK_VOUCHER_9750,,,,,,,683,1,684.0,13.0,,,683.0,0.0
0,30600,VOLCANIC_ROCK_VOUCHER_9750,677.0,10.0,,,,,678,12,679.0,10.0,,,677.5,0.0
0,30700,VOLCANIC_ROCK_VOUCHER_9750,676.0,13.0,,,,,677,13,,,,,676.5,0.0
0,30800,VOLCANIC_ROCK_VOUCHER_9750,676.0,17.0,,,,,677,17,,,,,676.5,0.0
0,30900,VOLCANIC_ROCK_VOUCHER_9750,680.0,18.0,,,,,681,18,,,,,680.5,0.0
0,31000,VOLCANIC_ROCK_VOUCHER_9750,677.0,10.0,,,,,679,10,,,,,678.0,0.0
0,31100,VOLCANIC_ROCK_VOUCHER_9750,678.0,12.0,,,,,679,12,,,,,678.5,0.0
0,31200,VOLCANIC_ROCK_VOUCHER_9750,681.0,15.0,,,,,682,15,,,,,681.5,0.0
0,31300,VOLCANIC_ROCK_VOUCHER_9750,673.0,15.0,,,,,674,15,,,,,673.5,0.0
0,31400,VOLCANIC_ROCK_VOUCHER_9750,676.0,14.0,,,,,677,14,,,,,676.5,0.0
0,31500,VOLCANIC_ROCK_VOUCHER_9750,677.0,11.0,,,,,678,11,,,,,677.5,0.0
0,31600,VOLCANIC_ROCK_VOUCHER_9750,679.0,22.0,,,,,680,2,681.0,20.0,,,679.5,0.0
0,31700,VOLCANIC_ROCK_VOUCHER_9750,680.0,17.0,,,,,681,17,,,,,680.5,0.0
0,31800,VOLCANIC_ROCK_VOUCHER_9750,682.0,10.0,,,,,684,10,,,,,683.0,0.0
0,31900,VOLCANIC_ROCK_VOUCHER_9750,683.0,22.0,,,,,684,22,,,,,683.5,0.0
0,32000,VOLCANIC_ROCK_VOUCHER_9750,683.0,21.0,,,,,684,21,,,,,683.5,0.0
0,32100,VOLCANIC_ROCK_VOUCHER_9750,680.0,16.0,,,,,681,16,,,,,680.5,0.0
0,32200,VOLCANIC_ROCK_VOUCHER_9750,,,,,,,678,7,679.0,12.0,,,678.0,0.0
0,32300,VOLCANIC_ROCK_VOUCHER_9750,678.0,8.0,,,,,679,19,,,,,678.5,0.0
0,32400,VOLCANIC_ROCK_VOUCHER_9750,682.0,18.0,,,,,683,18,,,,,682.5,0.0
0,32500,VOLCANIC_ROCK_VOUCHER_9750,681.0,17.0,,,,,682,17,,,,,681.5,0.0
0,32600,VOLCANIC_ROCK_VOUCHER_9750,687.0,14.0,,,,,688,14,,,,,687.5,0.0
0,32700,VOLCANIC_ROCK_VOUCHER_9750,689.0,13.0,,,,,691,13,,,,,690.0,0.0
0,32800,VOLCANIC_ROCK_VOUCHER_9750,689.0,19.0,,,,,691,19,,,,,690.0,0.0
0,32900,VOLCANIC_ROCK_VOUCHER_9750,691.0,21.0,,,,,692,21,,,,,691.5,0.0
0,33000,VOLCANIC_ROCK_VOUCHER_9750,690.0,17.0,,,,,692,17,,,,,691.0,0.0
0,33100,VOLCANIC_ROCK_VOUCHER_9750,687.0,16.0,,,,,688,16,,,,,687.5,0.0
0,33200,VOLCANIC_ROCK_VOUCHER_9750,686.0,20.0,,,,,687,20,,,,,686.5,0.0
0,33300,VOLCANIC_ROCK_VOUCHER_9750,689.0,16.0,,,,,690,16,,,,,689.5,0.0
0,33400,VOLCANIC_ROCK_VOUCHER_9750,689.0,19.0,,,,,690,19,,,,,689.5,0.0
0,33500,VOLCANIC_ROCK_VOUCHER_9750,686.0,32.0,,,,,687,17,,,,,686.5,0.0
0,33600,VOLCANIC_ROCK_VOUCHER_9750,684.0,18.0,,,,,685,18,,,,,684.5,0.0
0,33700,VOLCANIC_ROCK_VOUCHER_9750,675.0,14.0,,,,,677,14,,,,,676.0,0.0
0,33800,VOLCANIC_ROCK_VOUCHER_9750,685.0,13.0,,,,,686,13,,,,,685.5,0.0
0,33900,VOLCANIC_ROCK_VOUCHER_9750,684.0,13.0,,,,,685,13,,,,,684.5,0.0
0,34000,VOLCANIC_ROCK_VOUCHER_9750,685.0,17.0,,,,,686,17,,,,,685.5,0.0
0,34100,VOLCANIC_ROCK_VOUCHER_9750,686.0,13.0,,,,,687,13,,,,,686.5,0.0
0,34200,VOLCANIC_ROCK_VOUCHER_9750,679.0,13.0,,,,,680,13,,,,,679.5,0.0
0,34300,VOLCANIC_ROCK_VOUCHER_9750,680.0,13.0,,,,,681,13,,,,,680.5,0.0
0,34400,VOLCANIC_ROCK_VOUCHER_9750,678.0,14.0,,,,,679,14,,,,,678.5,0.0
0,34500,VOLCANIC_ROCK_VOUCHER_9750,688.0,12.0,,,,,689,12,,,,,688.5,0.0
0,34600,VOLCANIC_ROCK_VOUCHER_9750,689.0,10.0,,,,,690,10,,,,,689.5,0.0
0,34700,VOLCANIC_ROCK_VOUCHER_9750,686.0,20.0,,,,,687,20,,,,,686.5,0.0
0,34800,VOLCANIC_ROCK_VOUCHER_9750,688.0,18.0,,,,,689,18,,,,,688.5,0.0
0,34900,VOLCANIC_ROCK_VOUCHER_9750,689.0,21.0,,,,,690,21,,,,,689.5,0.0
0,35000,VOLCANIC_ROCK_VOUCHER_9750,687.0,33.0,,,,,688,19,,,,,687.5,0.0
0,35100,VOLCANIC_ROCK_VOUCHER_9750,691.0,11.0,,,,,692,11,,,,,691.5,0.0
0,35200,VOLCANIC_ROCK_VOUCHER_9750,689.0,13.0,,,,,690,13,,,,,689.5,0.0
0,35300,VOLCANIC_ROCK_VOUCHER_9750,693.0,13.0,,,,,694,13,,,,,693.5,0.0
0,35400,VOLCANIC_ROCK_VOUCHER_9750,693.0,17.0,,,,,694,17,,,,,693.5,0.0
0,35500,VOLCANIC_ROCK_VOUCHER_9750,694.0,18.0,,,,,695,18,,,,,694.5,0.0
0,35600,VOLCANIC_ROCK_VOUCHER_9750,701.0,12.0,,,,,702,12,,,,,701.5,0.0
0,35700,VOLCANIC_ROCK_VOUCHER_9750,698.0,13.0,,,,,699,13,,,,,698.5,0.0
0,35800,VOLCANIC_ROCK_VOUCHER_9750,696.0,21.0,,,,,697,21,,,,,696.5,0.0
0,35900,VOLCANIC_ROCK_VOUCHER_9750,692.0,21.0,,,,,693,21,,,,,692.5,0.0
0,36000,VOLCANIC_ROCK_VOUCHER_9750,692.0,17.0,,,,,693,17,,,,,692.5,0.0
0,36100,VOLCANIC_ROCK_VOUCHER_9750,692.0,14.0,,,,,693,14,,,,,692.5,0.0
0,36200,VOLCANIC_ROCK_VOUCHER_9750,694.0,18.0,,,,,695,18,,,,,694.5,0.0
0,36300,VOLCANIC_ROCK_VOUCHER_9750,693.0,14.0,,,,,694,14,,,,,693.5,0.0
0,36400,VOLCANIC_ROCK_VOUCHER_9750,703.0,16.0,,,,,704,16,,,,,703.5,0.0
0,36500,VOLCANIC_ROCK_VOUCHER_9750,696.0,15.0,,,,,697,15,,,,,696.5,0.0
0,36600,VOLCANIC_ROCK_VOUCHER_9750,698.0,14.0,,,,,699,14,,,,,698.5,0.0
0,36700,VOLCANIC_ROCK_VOUCHER_9750,700.0,16.0,,,,,701,16,,,,,700.5,0.0
0,36800,VOLCANIC_ROCK_VOUCHER_9750,696.0,18.0,,,,,697,18,,,,,696.5,0.0
0,36900,VOLCANIC_ROCK_VOUCHER_9750,696.0,14.0,,,,,698,14,,,,,697.0,0.0
0,37000,VOLCANIC_ROCK_VOUCHER_9750,698.0,14.0,,,,,699,14,,,,,698.5,0.0
0,37100,VOLCANIC_ROCK_VOUCHER_9750,705.0,15.0,,,,,706,15,,,,,705.5,0.0
0,37200,VOLCANIC_ROCK_VOUCHER_9750,700.0,10.0,,,,,701,10,,,,,700.5,0.0
0,37300,VOLCANIC_ROCK_VOUCHER_9750,702.0,12.0,,,,,703,12,,,,,702.5,0.0
0,37400,VOLCANIC_ROCK_VOUCHER_9750,706.0,15.0,,,,,707,15,,,,,706.5,0.0
0,37500,VOLCANIC_ROCK_VOUCHER_9750,707.0,12.0,,,,,708,12,,,,,707.5,0.0
0,37600,VOLCANIC_ROCK_VOUCHER_9750,708.0,21.0,,,,,709,21,,,,,708.5,0.0
0,37700,VOLCANIC_ROCK_VOUCHER_9750,708.0,21.0,,,,,709,21,,,,,708.5,0.0
0,37800,VOLCANIC_ROCK_VOUCHER_9750,705.0,22.0,,,,,706,22,,,,,705.5,0.0
0,37900,VOLCANIC_ROCK_VOUCHER_9750,702.0,12.0,,,,,703,12,,,,,702.5,0.0
0,38000,VOLCANIC_ROCK_VOUCHER_9750,701.0,15.0,,,,,702,15,,,,,701.5,0.0
0,38100,VOLCANIC_ROCK_VOUCHER_9750,698.0,20.0,,,,,700,20,,,,,699.0,0.0
0,38200,VOLCANIC_ROCK_VOUCHER_9750,695.0,20.0,,,,,697,20,,,,,696.0,0.0
0,38300,VOLCANIC_ROCK_VOUCHER_9750,701.0,20.0,,,,,702,20,,,,,701.5,0.0
0,38400,VOLCANIC_ROCK_VOUCHER_9750,702.0,10.0,,,,,704,10,,,,,703.0,0.0
0,38500,VOLCANIC_ROCK_VOUCHER_9750,703.0,19.0,,,,,704,19,,,,,703.5,0.0
0,38600,VOLCANIC_ROCK_VOUCHER_9750,698.0,13.0,,,,,699,13,,,,,698.5,0.0
0,38700,VOLCANIC_ROCK_VOUCHER_9750,697.0,36.0,,,,,698,21,,,,,697.5,0.0
0,38800,VOLCANIC_ROCK_VOUCHER_9750,697.0,14.0,,,,,698,14,,,,,697.5,0.0
0,38900,VOLCANIC_ROCK_VOUCHER_9750,695.0,21.0,,,,,696,21,,,,,695.5,0.0
0,39000,VOLCANIC_ROCK_VOUCHER_9750,692.0,10.0,,,,,693,10,,,,,692.5,0.0
0,39100,VOLCANIC_ROCK_VOUCHER_9750,697.0,20.0,,,,,698,20,,,,,697.5,0.0
0,39200,VOLCANIC_ROCK_VOUCHER_9750,703.0,19.0,,,,,704,19,,,,,703.5,0.0
0,39300,VOLCANIC_ROCK_VOUCHER_9750,707.0,30.0,,,,,708,14,,,,,707.5,0.0
0,39400,VOLCANIC_ROCK_VOUCHER_9750,705.0,34.0,,,,,706,18,,,,,705.5,0.0
0,39500,VOLCANIC_ROCK_VOUCHER_9750,704.0,13.0,,,,,705,13,,,,,704.5,0.0
0,39600,VOLCANIC_ROCK_VOUCHER_9750,703.0,26.0,,,,,704,11,,,,,703.5,0.0
0,39700,VOLCANIC_ROCK_VOUCHER_9750,704.0,10.0,,,,,705,10,,,,,704.5,0.0
0,39800,VOLCANIC_ROCK_VOUCHER_9750,699.0,12.0,,,,,700,12,,,,,699.5,0.0
0,39900,VOLCANIC_ROCK_VOUCHER_9750,701.0,22.0,,,,,702,22,,,,,701.5,0.0
0,40000,VOLCANIC_ROCK_VOUCHER_9750,700.0,28.0,,,,,701,14,,,,,700.5,0.0
0,40100,VOLCANIC_ROCK_VOUCHER_9750,698.0,16.0,,,,,699,16,,,,,698.5,0.0
0,40200,VOLCANIC_ROCK_VOUCHER_9750,699.0,3.0,,,,,700,15,,,,,699.5,0.0
0,40300,VOLCANIC_ROCK_VOUCHER_9750,695.0,17.0,,,,,696,17,,,,,695.5,0.0
0,40400,VOLCANIC_ROCK_VOUCHER_9750,696.0,16.0,,,,,697,16,,,,,696.5,0.0
0,40500,VOLCANIC_ROCK_VOUCHER_9750,691.0,17.0,,,,,693,17,,,,,692.0,0.0
0,40600,VOLCANIC_ROCK_VOUCHER_9750,688.0,10.0,,,,,689,21,,,,,688.5,0.0
0,40700,VOLCANIC_ROCK_VOUCHER_9750,687.0,21.0,,,,,688,21,,,,,687.5,0.0
0,40800,VOLCANIC_ROCK_VOUCHER_9750,685.0,15.0,,,,,686,15,,,,,685.5,0.0
0,40900,VOLCANIC_ROCK_VOUCHER_9750,,,,,,,684,3,685.0,13.0,,,684.0,0.0
0,41000,VOLCANIC_ROCK_VOUCHER_9750,688.0,18.0,,,,,689,18,,,,,688.5,0.0
0,41100,VOLCANIC_ROCK_VOUCHER_9750,,,,,,,682,1,683.0,19.0,,,682.0,0.0
0,41200,VOLCANIC_ROCK_VOUCHER_9750,682.0,14.0,,,,,683,14,,,,,682.5,0.0
0,41300,VOLCANIC_ROCK_VOUCHER_9750,681.0,12.0,,,,,682,12,,,,,681.5,0.0
0,41400,VOLCANIC_ROCK_VOUCHER_9750,,,,,,,686,4,687.0,15.0,,,686.0,0.0
0,41500,VOLCANIC_ROCK_VOUCHER_9750,688.0,16.0,,,,,689,16,,,,,688.5,0.0
0,41600,VOLCANIC_ROCK_VOUCHER_9750,682.0,15.0,,,,,683,15,,,,,682.5,0.0
0,41700,VOLCANIC_ROCK_VOUCHER_9750,684.0,3.0,,,,,685,15,,,,,684.5,0.0
0,41800,VOLCANIC_ROCK_VOUCHER_9750,682.0,17.0,,,,,683,17,,,,,682.5,0.0
0,41900,VOLCANIC_ROCK_VOUCHER_9750,676.0,16.0,,,,,677,16,,,,,676.5,0.0
0,42000,VOLCANIC_ROCK_VOUCHER_9750,,,,,,,680,4,681.0,14.0,,,680.0,0.0
0,42100,VOLCANIC_ROCK_VOUCHER_9750,673.0,14.0,,,,,674,14,,,,,673.5,0.0
0,42200,VOLCANIC_ROCK_VOUCHER_9750,672.0,23.0,,,,,673,10,,,,,672.5,0.0
0,42300,VOLCANIC_ROCK_VOUCHER_9750,674.0,19.0,,,,,675,19,,,,,674.5,0.0
0,42400,VOLCANIC_ROCK_VOUCHER_9750,675.0,3.0,,,,,676,15,,,,,675.5,0.0
0,42500,VOLCANIC_ROCK_VOUCHER_9750,675.0,12.0,,,,,676,12,,,,,675.5,0.0
0,42600,VOLCANIC_ROCK_VOUCHER_9750,670.0,12.0,,,,,671,12,,,,,670.5,0.0
0,42700,VOLCANIC_ROCK_VOUCHER_9750,665.0,12.0,,,,,666,12,,,,,665.5,0.0
0,42800,VOLCANIC_ROCK_VOUCHER_9750,664.0,13.0,,,,,665,13,,,,,664.5,0.0
0,42900,VOLCANIC_ROCK_VOUCHER_9750,664.0,19.0,,,,,666,19,,,,,665.0,0.0
0,43000,VOLCANIC_ROCK_VOUCHER_9750,665.0,16.0,,,,,666,16,,,,,665.5,0.0
0,43100,VOLCANIC_ROCK_VOUCHER_9750,664.0,15.0,,,,,666,15,,,,,665.0,0.0
0,43200,VOLCANIC_ROCK_VOUCHER_9750,666.0,14.0,,,,,667,14,,,,,666.5,0.0
0,43300,VOLCANIC_ROCK_VOUCHER_9750,669.0,17.0,,,,,670,17,,,,,669.5,0.0
0,43400,VOLCANIC_ROCK_VOUCHER_9750,666.0,12.0,,,,,667,12,,,,,666.5,0.0
0,43500,VOLCANIC_ROCK_VOUCHER_9750,666.0,15.0,,,,,667,15,,,,,666.5,0.0
0,43600,VOLCANIC_ROCK_VOUCHER_9750,668.0,10.0,,,,,669,10,,,,,668.5,0.0
0,43700,VOLCANIC_ROCK_VOUCHER_9750,670.0,15.0,,,,,671,15,,,,,670.5,0.0
0,43800,VOLCANIC_ROCK_VOUCHER_9750,669.0,18.0,,,,,670,18,,,,,669.5,0.0
0,43900,VOLCANIC_ROCK_VOUCHER_9750,670.0,14.0,,,,,671,14,,,,,670.5,0.0
0,44000,VOLCANIC_ROCK_VOUCHER_9750,674.0,16.0,,,,,675,16,,,,,674.5,0.0
0,44100,VOLCANIC_ROCK_VOUCHER_9750,670.0,22.0,,,,,671,22,,,,,670.5,0.0
0,44200,VOLCANIC_ROCK_VOUCHER_9750,663.0,13.0,,,,,664,13,,,,,663.5,0.0
0,44300,VOLCANIC_ROCK_VOUCHER_9750,668.0,11.0,,,,,669,1,670.0,10.0,,,668.5,0.0
0,44400,VOLCANIC_ROCK_VOUCHER_9750,670.0,20.0,,,,,671,20,,,,,670.5,0.0
0,44500,VOLCANIC_ROCK_VOUCHER_9750,676.0,12.0,,,,,677,12,,,,,676.5,0.0
0,44600,VOLCANIC_ROCK_VOUCHER_9750,674.0,12.0,,,,,675,12,,,,,674.5,0.0
0,44700,VOLCANIC_ROCK_VOUCHER_9750,672.0,21.0,,,,,673,21,,,,,672.5,0.0
0,44800,VOLCANIC_ROCK_VOUCHER_9750,671.0,18.0,,,,,672,18,,,,,671.5,0.0
0,44900,VOLCANIC_ROCK_VOUCHER_9750,670.0,14.0,,,,,671,14,,,,,670.5,0.0
0,45000,VOLCANIC_ROCK_VOUCHER_9750,668.0,19.0,,,,,669,19,,,,,668.5,0.0
0,45100,VOLCANIC_ROCK_VOUCHER_9750,668.0,22.0,,,,,669,22,,,,,668.5,0.0
0,45200,VOLCANIC_ROCK_VOUCHER_9750,674.0,19.0,,,,,675,19,,,,,674.5,0.0
0,45300,VOLCANIC_ROCK_VOUCHER_9750,673.0,11.0,,,,,674,11,,,,,673.5,0.0
0,45400,VOLCANIC_ROCK_VOUCHER_9750,668.0,21.0,,,,,669,21,,,,,668.5,0.0
0,45500,VOLCANIC_ROCK_VOUCHER_9750,670.0,16.0,,,,,671,16,,,,,670.5,0.0
0,45600,VOLCANIC_ROCK_VOUCHER_9750,672.0,18.0,,,,,673,18,,,,,672.5,0.0
0,45700,VOLCANIC_ROCK_VOUCHER_9750,668.0,20.0,,,,,670,20,,,,,669.0,0.0
0,45800,VOLCANIC_ROCK_VOUCHER_9750,671.0,13.0,,,,,672,13,,,,,671.5,0.0
0,45900,VOLCANIC_ROCK_VOUCHER_9750,670.0,15.0,,,,,672,15,,,,,671.0,0.0
0,46000,VOLCANIC_ROCK_VOUCHER_9750,668.0,20.0,,,,,669,20,,,,,668.5,0.0
0,46100,VOLCANIC_ROCK_VOUCHER_9750,,,,,,,671,1,672.0,15.0,,,671.0,0.0
0,46200,VOLCANIC_ROCK_VOUCHER_9750,667.0,16.0,,,,,668,16,,,,,667.5,0.0
0,46300,VOLCANIC_ROCK_VOUCHER_9750,669.0,19.0,,,,,671,19,,,,,670.0,0.0
0,46400,VOLCANIC_ROCK_VOUCHER_9750,672.0,14.0,,,,,673,14,,,,,672.5,0.0
0,46500,VOLCANIC_ROCK_VOUCHER_9750,673.0,14.0,,,,,674,14,,,,,673.5,0.0
0,46600,VOLCANIC_ROCK_VOUCHER_9750,683.0,18.0,,,,,684,18,,,,,683.5,0.0
0,46700,VOLCANIC_ROCK_VOUCHER_9750,681.0,1.0,,,,,682,17,,,,,681.5,0.0
0,46800,VOLCANIC_ROCK_VOUCHER_9750,677.0,21.0,,,,,678,21,,,,,677.5,0.0
0,46900,VOLCANIC_ROCK_VOUCHER_9750,671.0,18.0,,,,,672,18,,,,,671.5,0.0
0,47000,VOLCANIC_ROCK_VOUCHER_9750,670.0,18.0,,,,,672,18,,,,,671.0,0.0
0,47100,VOLCANIC_ROCK_VOUCHER_9750,668.0,18.0,,,,,670,18,,,,,669.0,0.0
0,47200,VOLCANIC_ROCK_VOUCHER_9750,669.0,19.0,,,,,670,19,,,,,669.5,0.0
0,47300,VOLCANIC_ROCK_VOUCHER_9750,667.0,11.0,,,,,668,11,,,,,667.5,0.0
0,47400,VOLCANIC_ROCK_VOUCHER_9750,668.0,15.0,,,,,669,15,,,,,668.5,0.0
0,47500,VOLCANIC_ROCK_VOUCHER_9750,667.0,19.0,,,,,668,19,,,,,667.5,0.0
0,47600,VOLCANIC_ROCK_VOUCHER_9750,664.0,15.0,,,,,665,15,,,,,664.5,0.0
0,47700,VOLCANIC_ROCK_VOUCHER_9750,667.0,15.0,,,,,668,15,,,,,667.5,0.0
0,47800,VOLCANIC_ROCK_VOUCHER_9750,665.0,11.0,,,,,666,11,,,,,665.5,0.0
0,47900,VOLCANIC_ROCK_VOUCHER_9750,662.0,11.0,,,,,663,11,,,,,662.5,0.0
0,48000,VOLCANIC_ROCK_VOUCHER_9750,663.0,20.0,,,,,664,20,,,,,663.5,0.0
0,48100,VOLCANIC_ROCK_VOUCHER_9750,652.0,12.0,,,,,653,12,,,,,652.5,0.0
0,48200,VOLCANIC_ROCK_VOUCHER_9750,651.0,18.0,,,,,652,18,,,,,651.5,0.0
0,48300,VOLCANIC_ROCK_VOUCHER_9750,,,,,,,656,5,657.0,15.0,,,656.0,0.0
0,48400,VOLCANIC_ROCK_VOUCHER_9750,659.0,10.0,,,,,660,10,,,,,659.5,0.0
0,48500,VOLCANIC_ROCK_VOUCHER_9750,657.0,16.0,,,,,659,16,,,,,658.0,0.0
0,48600,VOLCANIC_ROCK_VOUCHER_9750,,,,,,,655,2,656.0,14.0,,,655.0,0.0
0,48700,VOLCANIC_ROCK_VOUCHER_9750,653.0,11.0,,,,,654,11,,,,,653.5,0.0
0,48800,VOLCANIC_ROCK_VOUCHER_9750,648.0,12.0,,,,,649,12,,,,,648.5,0.0
0,48900,VOLCANIC_ROCK_VOUCHER_9750,645.0,15.0,,,,,646,15,,,,,645.5,0.0
0,49000,VOLCANIC_ROCK_VOUCHER_9750,644.0,11.0,,,,,645,11,,,,,644.5,0.0
0,49100,VOLCANIC_ROCK_VOUCHER_9750,638.0,15.0,,,,,639,15,,,,,638.5,0.0
0,49200,VOLCANIC_ROCK_VOUCHER_9750,650.0,18.0,,,,,651,18,,,,,650.5,0.0
0,49300,VOLCANIC_ROCK_VOUCHER_9750,651.0,16.0,,,,,652,16,,,,,651.5,0.0
0,49400,VOLCANIC_ROCK_VOUCHER_9750,647.0,14.0,,,,,648,14,,,,,647.5,0.0
0,49500,VOLCANIC_ROCK_VOUCHER_9750,644.0,10.0,,,,,645,10,,,,,644.5,0.0
0,49600,VOLCANIC_ROCK_VOUCHER_9750,642.0,20.0,,,,,644,20,,,,,643.0,0.0
0,49700,VOLCANIC_ROCK_VOUCHER_9750,641.0,18.0,,,,,643,18,,,,,642.0,0.0
0,49800,VOLCANIC_ROCK_VOUCHER_9750,632.0,18.0,,,,,633,18,,,,,632.5,0.0
0,49900,VOLCANIC_ROCK_VOUCHER_9750,641.0,15.0,,,,,642,15,,,,,641.5,0.0
0,50000,VOLCANIC_ROCK_VOUCHER_9750,639.0,13.0,,,,,640,13,,,,,639.5,0.0
0,50100,VOLCANIC_ROCK_VOUCHER_9750,635.0,21.0,,,,,636,21,,,,,635.5,0.0
0,50200,VOLCANIC_ROCK_VOUCHER_9750,633.0,12.0,,,,,634,12,,,,,633.5,0.0
0,50300,VOLCANIC_ROCK_VOUCHER_9750,632.0,1.0,631.0,12.0,,,633,13,,,,,632.5,0.0
0,50400,VOLCANIC_ROCK_VOUCHER_9750,637.0,33.0,,,,,638,17,,,,,637.5,0.0
0,50500,VOLCANIC_ROCK_VOUCHER_9750,640.0,20.0,,,,,641,20,,,,,640.5,0.0
0,50600,VOLCANIC_ROCK_VOUCHER_9750,636.0,13.0,,,,,637,13,,,,,636.5,0.0
0,50700,VOLCANIC_ROCK_VOUCHER_9750,642.0,15.0,,,,,643,15,,,,,642.5,0.0
0,50800,VOLCANIC_ROCK_VOUCHER_9750,653.0,16.0,,,,,654,16,,,,,653.5,0.0
0,50900,VOLCANIC_ROCK_VOUCHER_9750,652.0,21.0,,,,,653,21,,,,,652.5,0.0
0,51000,VOLCANIC_ROCK_VOUCHER_9750,653.0,21.0,,,,,654,21,,,,,653.5,0.0
0,51100,VOLCANIC_ROCK_VOUCHER_9750,657.0,19.0,,,,,658,19,,,,,657.5,0.0
0,51200,VOLCANIC_ROCK_VOUCHER_9750,666.0,19.0,,,,,667,19,,,,,666.5,0.0
0,51300,VOLCANIC_ROCK_VOUCHER_9750,662.0,21.0,,,,,663,21,,,,,662.5,0.0
0,51400,VOLCANIC_ROCK_VOUCHER_9750,663.0,17.0,,,,,664,17,,,,,663.5,0.0
0,51500,VOLCANIC_ROCK_VOUCHER_9750,654.0,15.0,,,,,655,15,,,,,654.5,0.0
0,51600,VOLCANIC_ROCK_VOUCHER_9750,655.0,20.0,,,,,656,20,,,,,655.5,0.0
0,51700,VOLCANIC_ROCK_VOUCHER_9750,664.0,1.0,,,,,665,19,,,,,664.5,0.0
0,51800,VOLCANIC_ROCK_VOUCHER_9750,668.0,31.0,,,,,669,17,,,,,668.5,0.0
0,51900,VOLCANIC_ROCK_VOUCHER_9750,665.0,13.0,,,,,667,13,,,,,666.0,0.0
0,52000,VOLCANIC_ROCK_VOUCHER_9750,658.0,21.0,,,,,660,21,,,,,659.0,0.0
0,52100,VOLCANIC_ROCK_VOUCHER_9750,666.0,14.0,,,,,667,14,,,,,666.5,0.0
0,52200,VOLCANIC_ROCK_VOUCHER_9750,669.0,11.0,,,,,670,11,,,,,669.5,0.0
0,52300,VOLCANIC_ROCK_VOUCHER_9750,665.0,16.0,,,,,666,16,,,,,665.5,0.0
0,52400,VOLCANIC_ROCK_VOUCHER_9750,654.0,13.0,,,,,655,13,,,,,654.5,0.0
0,52500,VOLCANIC_ROCK_VOUCHER_9750,657.0,21.0,,,,,658,21,,,,,657.5,0.0
0,52600,VOLCANIC_ROCK_VOUCHER_9750,658.0,19.0,,,,,659,19,,,,,658.5,0.0
0,52700,VOLCANIC_ROCK_VOUCHER_9750,657.0,12.0,,,,,658,12,,,,,657.5,0.0
0,52800,VOLCANIC_ROCK_VOUCHER_9750,659.0,12.0,,,,,660,12,,,,,659.5,0.0
0,52900,VOLCANIC_ROCK_VOUCHER_9750,653.0,15.0,,,,,654,15,,,,,653.5,0.0
0,53000,VOLCANIC_ROCK_VOUCHER_9750,649.0,18.0,,,,,650,18,,,,,649.5,0.0
0,53100,VOLCANIC_ROCK_VOUCHER_9750,646.0,15.0,,,,,647,15,,,,,646.5,0.0
0,53200,VOLCANIC_ROCK_VOUCHER_9750,645.0,17.0,,,,,646,17,,,,,645.5,0.0
0,53300,VOLCANIC_ROCK_VOUCHER_9750,644.0,11.0,,,,,645,11,,,,,644.5,0.0
0,53400,VOLCANIC_ROCK_VOUCHER_9750,643.0,18.0,,,,,644,18,,,,,643.5,0.0
0,53500,VOLCANIC_ROCK_VOUCHER_9750,643.0,14.0,,,,,644,14,,,,,643.5,0.0
0,53600,VOLCANIC_ROCK_VOUCHER_9750,637.0,13.0,,,,,638,13,,,,,637.5,0.0
0,53700,VOLCANIC_ROCK_VOUCHER_9750,640.0,21.0,,,,,641,21,,,,,640.5,0.0
0,53800,VOLCANIC_ROCK_VOUCHER_9750,647.0,13.0,,,,,648,13,,,,,647.5,0.0
0,53900,VOLCANIC_ROCK_VOUCHER_9750,646.0,17.0,,,,,647,17,,,,,646.5,0.0
0,54000,VOLCANIC_ROCK_VOUCHER_9750,646.0,15.0,,,,,647,15,,,,,646.5,0.0
0,54100,VOLCANIC_ROCK_VOUCHER_9750,648.0,23.0,,,,,649,11,,,,,648.5,0.0
0,54200,VOLCANIC_ROCK_VOUCHER_9750,647.0,13.0,,,,,648,13,,,,,647.5,0.0
0,54300,VOLCANIC_ROCK_VOUCHER_9750,657.0,15.0,,,,,658,15,,,,,657.5,0.0
0,54400,VOLCANIC_ROCK_VOUCHER_9750,657.0,17.0,,,,,658,17,,,,,657.5,0.0
0,54500,VOLCANIC_ROCK_VOUCHER_9750,656.0,4.0,,,,,658,15,,,,,657.0,0.0
0,54600,VOLCANIC_ROCK_VOUCHER_9750,654.0,14.0,,,,,655,14,,,,,654.5,0.0
0,54700,VOLCANIC_ROCK_VOUCHER_9750,647.0,17.0,,,,,648,17,,,,,647.5,0.0
0,54800,VOLCANIC_ROCK_VOUCHER_9750,645.0,26.0,,,,,647,14,,,,,646.0,0.0
0,54900,VOLCANIC_ROCK_VOUCHER_9750,644.0,12.0,,,,,645,12,,,,,644.5,0.0
0,55000,VOLCANIC_ROCK_VOUCHER_9750,644.0,13.0,,,,,645,13,,,,,644.5,0.0
0,55100,VOLCANIC_ROCK_VOUCHER_9750,642.0,20.0,,,,,643,20,,,,,642.5,0.0
0,55200,VOLCANIC_ROCK_VOUCHER_9750,642.0,12.0,,,,,643,12,,,,,642.5,0.0
0,55300,VOLCANIC_ROCK_VOUCHER_9750,638.0,16.0,,,,,639,16,,,,,638.5,0.0
0,55400,VOLCANIC_ROCK_VOUCHER_9750,638.0,20.0,,,,,640,20,,,,,639.0,0.0
0,55500,VOLCANIC_ROCK_VOUCHER_9750,645.0,15.0,,,,,646,15,,,,,645.5,0.0
0,55600,VOLCANIC_ROCK_VOUCHER_9750,642.0,17.0,,,,,643,17,,,,,642.5,0.0
0,55700,VOLCANIC_ROCK_VOUCHER_9750,642.0,20.0,,,,,643,20,,,,,642.5,0.0
0,55800,VOLCANIC_ROCK_VOUCHER_9750,639.0,18.0,,,,,641,18,,,,,640.0,0.0
0,55900,VOLCANIC_ROCK_VOUCHER_9750,635.0,13.0,,,,,636,13,,,,,635.5,0.0
0,56000,VOLCANIC_ROCK_VOUCHER_9750,638.0,16.0,,,,,639,16,,,,,638.5,0.0
0,56100,VOLCANIC_ROCK_VOUCHER_9750,639.0,15.0,,,,,640,15,,,,,639.5,0.0
0,56200,VOLCANIC_ROCK_VOUCHER_9750,633.0,18.0,,,,,634,18,,,,,633.5,0.0
0,56300,VOLCANIC_ROCK_VOUCHER_9750,634.0,20.0,,,,,635,20,,,,,634.5,0.0
0,56400,VOLCANIC_ROCK_VOUCHER_9750,635.0,18.0,,,,,636,18,,,,,635.5,0.0
0,56500,VOLCANIC_ROCK_VOUCHER_9750,639.0,16.0,,,,,640,16,,,,,639.5,0.0
0,56600,VOLCANIC_ROCK_VOUCHER_9750,632.0,31.0,,,,,633,17,,,,,632.5,0.0
0,56700,VOLCANIC_ROCK_VOUCHER_9750,628.0,15.0,,,,,629,15,,,,,628.5,0.0
0,56800,VOLCANIC_ROCK_VOUCHER_9750,623.0,14.0,,,,,624,14,,,,,623.5,0.0
0,56900,VOLCANIC_ROCK_VOUCHER_9750,623.0,14.0,,,,,624,14,,,,,623.5,0.0
0,57000,VOLCANIC_ROCK_VOUCHER_9750,624.0,26.0,,,,,625,12,,,,,624.5,0.0
0,57100,VOLCANIC_ROCK_VOUCHER_9750,630.0,20.0,,,,,631,20,,,,,630.5,0.0
0,57200,VOLCANIC_ROCK_VOUCHER_9750,631.0,12.0,,,,,632,12,,,,,631.5,0.0
0,57300,VOLCANIC_ROCK_VOUCHER_9750,631.0,22.0,,,,,632,11,,,,,631.5,0.0
0,57400,VOLCANIC_ROCK_VOUCHER_9750,629.0,16.0,,,,,630,16,,,,,629.5,0.0
0,57500,VOLCANIC_ROCK_VOUCHER_9750,635.0,11.0,,,,,636,11,,,,,635.5,0.0
0,57600,VOLCANIC_ROCK_VOUCHER_9750,643.0,16.0,,,,,644,16,,,,,643.5,0.0
0,57700,VOLCANIC_ROCK_VOUCHER_9750,646.0,17.0,,,,,648,17,,,,,647.0,0.0
0,57800,VOLCANIC_ROCK_VOUCHER_9750,642.0,14.0,,,,,643,14,,,,,642.5,0.0
0,57900,VOLCANIC_ROCK_VOUCHER_9750,643.0,12.0,,,,,644,12,,,,,643.5,0.0
0,58000,VOLCANIC_ROCK_VOUCHER_9750,637.0,14.0,,,,,638,14,,,,,637.5,0.0
0,58100,VOLCANIC_ROCK_VOUCHER_9750,639.0,20.0,,,,,641,20,,,,,640.0,0.0
0,58200,VOLCANIC_ROCK_VOUCHER_9750,640.0,17.0,,,,,641,17,,,,,640.5,0.0
0,58300,VOLCANIC_ROCK_VOUCHER_9750,639.0,17.0,,,,,640,17,,,,,639.5,0.0
0,58400,VOLCANIC_ROCK_VOUCHER_9750,641.0,6.0,,,,,642,20,,,,,641.5,0.0
0,58500,VOLCANIC_ROCK_VOUCHER_9750,638.0,18.0,,,,,640,18,,,,,639.0,0.0
0,58600,VOLCANIC_ROCK_VOUCHER_9750,635.0,20.0,,,,,636,20,,,,,635.5,0.0
0,58700,VOLCANIC_ROCK_VOUCHER_9750,635.0,17.0,,,,,636,17,,,,,635.5,0.0
0,58800,VOLCANIC_ROCK_VOUCHER_9750,639.0,24.0,,,,,640,12,,,,,639.5,0.0
0,58900,VOLCANIC_ROCK_VOUCHER_9750,640.0,16.0,,,,,641,16,,,,,640.5,0.0
0,59000,VOLCANIC_ROCK_VOUCHER_9750,638.0,11.0,,,,,639,11,,,,,638.5,0.0
0,59100,VOLCANIC_ROCK_VOUCHER_9750,642.0,10.0,,,,,644,10,,,,,643.0,0.0
0,59200,VOLCANIC_ROCK_VOUCHER_9750,652.0,19.0,,,,,653,19,,,,,652.5,0.0
0,59300,VOLCANIC_ROCK_VOUCHER_9750,649.0,22.0,,,,,650,22,,,,,649.5,0.0
0,59400,VOLCANIC_ROCK_VOUCHER_9750,647.0,11.0,,,,,648,11,,,,,647.5,0.0
0,59500,VOLCANIC_ROCK_VOUCHER_9750,648.0,19.0,,,,,649,19,,,,,648.5,0.0
0,59600,VOLCANIC_ROCK_VOUCHER_9750,648.0,11.0,,,,,649,11,,,,,648.5,0.0
0,59700,VOLCANIC_ROCK_VOUCHER_9750,648.0,17.0,,,,,649,17,,,,,648.5,0.0
0,59800,VOLCANIC_ROCK_VOUCHER_9750,651.0,1.0,,,,,652,20,,,,,651.5,0.0
0,59900,VOLCANIC_ROCK_VOUCHER_9750,649.0,13.0,,,,,650,13,,,,,649.5,0.0
0,60000,VOLCANIC_ROCK_VOUCHER_9750,646.0,21.0,,,,,647,21,,,,,646.5,0.0
0,60100,VOLCANIC_ROCK_VOUCHER_9750,643.0,19.0,,,,,644,19,,,,,643.5,0.0
0,60200,VOLCANIC_ROCK_VOUCHER_9750,646.0,21.0,,,,,647,21,,,,,646.5,0.0
0,60300,VOLCANIC_ROCK_VOUCHER_9750,653.0,21.0,,,,,654,21,,,,,653.5,0.0
0,60400,VOLCANIC_ROCK_VOUCHER_9750,655.0,16.0,,,,,656,16,,,,,655.5,0.0
0,60500,VOLCANIC_ROCK_VOUCHER_9750,657.0,15.0,,,,,658,15,,,,,657.5,0.0
0,60600,VOLCANIC_ROCK_VOUCHER_9750,659.0,18.0,,,,,660,18,,,,,659.5,0.0
0,60700,VOLCANIC_ROCK_VOUCHER_9750,658.0,13.0,,,,,659,13,,,,,658.5,0.0
0,60800,VOLCANIC_ROCK_VOUCHER_9750,660.0,17.0,,,,,661,17,,,,,660.5,0.0
0,60900,VOLCANIC_ROCK_VOUCHER_9750,665.0,18.0,,,,,666,18,,,,,665.5,0.0
0,61000,VOLCANIC_ROCK_VOUCHER_9750,662.0,14.0,,,,,663,14,,,,,662.5,0.0
0,61100,VOLCANIC_ROCK_VOUCHER_9750,658.0,19.0,,,,,659,13,,,,,658.5,0.0
0,61200,VOLCANIC_ROCK_VOUCHER_9750,654.0,18.0,,,,,655,18,,,,,654.5,0.0
0,61300,VOLCANIC_ROCK_VOUCHER_9750,655.0,18.0,,,,,656,18,,,,,655.5,0.0
0,61400,VOLCANIC_ROCK_VOUCHER_9750,658.0,12.0,,,,,659,12,,,,,658.5,0.0
0,61500,VOLCANIC_ROCK_VOUCHER_9750,664.0,15.0,,,,,665,15,,,,,664.5,0.0
0,61600,VOLCANIC_ROCK_VOUCHER_9750,658.0,11.0,,,,,659,11,,,,,658.5,0.0
0,61700,VOLCANIC_ROCK_VOUCHER_9750,654.0,3.0,,,,,655,13,,,,,654.5,0.0
0,61800,VOLCANIC_ROCK_VOUCHER_9750,656.0,18.0,,,,,657,18,,,,,656.5,0.0
0,61900,VOLCANIC_ROCK_VOUCHER_9750,652.0,15.0,,,,,653,15,,,,,652.5,0.0
0,62000,VOLCANIC_ROCK_VOUCHER_9750,655.0,3.0,,,,,656,20,,,,,655.5,0.0
0,62100,VOLCANIC_ROCK_VOUCHER_9750,658.0,21.0,,,,,659,21,,,,,658.5,0.0
0,62200,VOLCANIC_ROCK_VOUCHER_9750,653.0,19.0,,,,,654,19,,,,,653.5,0.0
0,62300,VOLCANIC_ROCK_VOUCHER_9750,653.0,16.0,,,,,654,16,,,,,653.5,0.0
0,62400,VOLCANIC_ROCK_VOUCHER_9750,649.0,18.0,,,,,650,18,,,,,649.5,0.0
0,62500,VOLCANIC_ROCK_VOUCHER_9750,649.0,22.0,,,,,650,22,,,,,649.5,0.0
0,62600,VOLCANIC_ROCK_VOUCHER_9750,658.0,2.0,,,,,659,12,,,,,658.5,0.0
0,62700,VOLCANIC_ROCK_VOUCHER_9750,665.0,14.0,,,,,666,14,,,,,665.5,0.0
0,62800,VOLCANIC_ROCK_VOUCHER_9750,664.0,14.0,,,,,665,14,,,,,664.5,0.0
0,62900,VOLCANIC_ROCK_VOUCHER_9750,662.0,14.0,,,,,663,14,,,,,662.5,0.0
0,63000,VOLCANIC_ROCK_VOUCHER_9750,654.0,20.0,,,,,656,20,,,,,655.0,0.0
0,63100,VOLCANIC_ROCK_VOUCHER_9750,660.0,19.0,,,,,661,19,,,,,660.5,0.0
0,63200,VOLCANIC_ROCK_VOUCHER_9750,658.0,15.0,,,,,659,15,,,,,658.5,0.0
0,63300,VOLCANIC_ROCK_VOUCHER_9750,660.0,20.0,,,,,661,20,,,,,660.5,0.0
0,63400,VOLCANIC_ROCK_VOUCHER_9750,,,,,,,658,3,659.0,11.0,,,658.0,0.0
0,63500,VOLCANIC_ROCK_VOUCHER_9750,660.0,14.0,,,,,661,14,,,,,660.5,0.0
0,63600,VOLCANIC_ROCK_VOUCHER_9750,656.0,35.0,,,,,657,17,,,,,656.5,0.0
0,63700,VOLCANIC_ROCK_VOUCHER_9750,660.0,18.0,,,,,661,18,,,,,660.5,0.0
0,63800,VOLCANIC_ROCK_VOUCHER_9750,656.0,16.0,,,,,657,16,,,,,656.5,0.0
0,63900,VOLCANIC_ROCK_VOUCHER_9750,658.0,13.0,,,,,659,13,,,,,658.5,0.0
0,64000,VOLCANIC_ROCK_VOUCHER_9750,662.0,18.0,,,,,663,18,,,,,662.5,0.0
0,64100,VOLCANIC_ROCK_VOUCHER_9750,659.0,11.0,,,,,660,11,,,,,659.5,0.0
0,64200,VOLCANIC_ROCK_VOUCHER_9750,645.0,12.0,,,,,646,12,,,,,645.5,0.0
0,64300,VOLCANIC_ROCK_VOUCHER_9750,641.0,18.0,640.0,19.0,,,642,19,,,,,641.5,0.0
0,64400,VOLCANIC_ROCK_VOUCHER_9750,646.0,17.0,,,,,647,17,,,,,646.5,0.0
0,64500,VOLCANIC_ROCK_VOUCHER_9750,647.0,12.0,,,,,648,12,,,,,647.5,0.0
0,64600,VOLCANIC_ROCK_VOUCHER_9750,649.0,20.0,,,,,650,20,,,,,649.5,0.0
0,64700,VOLCANIC_ROCK_VOUCHER_9750,643.0,13.0,,,,,644,13,,,,,643.5,0.0
0,64800,VOLCANIC_ROCK_VOUCHER_9750,639.0,12.0,,,,,640,12,,,,,639.5,0.0
0,64900,VOLCANIC_ROCK_VOUCHER_9750,634.0,15.0,,,,,635,15,,,,,634.5,0.0
0,65000,VOLCANIC_ROCK_VOUCHER_9750,641.0,16.0,,,,,642,16,,,,,641.5,0.0
0,65100,VOLCANIC_ROCK_VOUCHER_9750,638.0,21.0,,,,,639,21,,,,,638.5,0.0
0,65200,VOLCANIC_ROCK_VOUCHER_9750,643.0,12.0,,,,,645,12,,,,,644.0,0.0
0,65300,VOLCANIC_ROCK_VOUCHER_9750,643.0,7.0,,,,,644,21,,,,,643.5,0.0
0,65400,VOLCANIC_ROCK_VOUCHER_9750,637.0,18.0,,,,,638,18,,,,,637.5,0.0
0,65500,VOLCANIC_ROCK_VOUCHER_9750,643.0,20.0,,,,,644,20,,,,,643.5,0.0
0,65600,VOLCANIC_ROCK_VOUCHER_9750,639.0,18.0,,,,,640,18,,,,,639.5,0.0
0,65700,VOLCANIC_ROCK_VOUCHER_9750,637.0,12.0,,,,,638,12,,,,,637.5,0.0
0,65800,VOLCANIC_ROCK_VOUCHER_9750,636.0,10.0,,,,,637,10,,,,,636.5,0.0
0,65900,VOLCANIC_ROCK_VOUCHER_9750,,,,,,,645,4,647.0,12.0,,,645.0,0.0
0,66000,VOLCANIC_ROCK_VOUCHER_9750,644.0,20.0,,,,,645,20,,,,,644.5,0.0
0,66100,VOLCANIC_ROCK_VOUCHER_9750,643.0,12.0,,,,,644,12,,,,,643.5,0.0
0,66200,VOLCANIC_ROCK_VOUCHER_9750,641.0,20.0,,,,,642,20,,,,,641.5,0.0
0,66300,VOLCANIC_ROCK_VOUCHER_9750,639.0,18.0,,,,,641,18,,,,,640.0,0.0
0,66400,VOLCANIC_ROCK_VOUCHER_9750,642.0,17.0,,,,,643,17,,,,,642.5,0.0
0,66500,VOLCANIC_ROCK_VOUCHER_9750,646.0,16.0,,,,,647,16,,,,,646.5,0.0
0,66600,VOLCANIC_ROCK_VOUCHER_9750,646.0,16.0,,,,,647,16,,,,,646.5,0.0
0,66700,VOLCANIC_ROCK_VOUCHER_9750,645.0,21.0,,,,,646,10,,,,,645.5,0.0
0,66800,VOLCANIC_ROCK_VOUCHER_9750,654.0,12.0,,,,,655,12,,,,,654.5,0.0
0,66900,VOLCANIC_ROCK_VOUCHER_9750,657.0,20.0,,,,,658,20,,,,,657.5,0.0
0,67000,VOLCANIC_ROCK_VOUCHER_9750,661.0,12.0,,,,,662,12,,,,,661.5,0.0
0,67100,VOLCANIC_ROCK_VOUCHER_9750,663.0,13.0,,,,,664,1,665.0,12.0,,,663.5,0.0
0,67200,VOLCANIC_ROCK_VOUCHER_9750,669.0,13.0,,,,,670,13,,,,,669.5,0.0
0,67300,VOLCANIC_ROCK_VOUCHER_9750,671.0,33.0,,,,,672,18,,,,,671.5,0.0
0,67400,VOLCANIC_ROCK_VOUCHER_9750,673.0,14.0,,,,,674,14,,,,,673.5,0.0
0,67500,VOLCANIC_ROCK_VOUCHER_9750,670.0,21.0,,,,,671,21,,,,,670.5,0.0
0,67600,VOLCANIC_ROCK_VOUCHER_9750,669.0,21.0,,,,,670,12,,,,,669.5,0.0
0,67700,VOLCANIC_ROCK_VOUCHER_9750,665.0,13.0,,,,,666,13,,,,,665.5,0.0
0,67800,VOLCANIC_ROCK_VOUCHER_9750,662.0,14.0,,,,,663,14,,,,,662.5,0.0
0,67900,VOLCANIC_ROCK_VOUCHER_9750,666.0,21.0,,,,,667,21,,,,,666.5,0.0
0,68000,VOLCANIC_ROCK_VOUCHER_9750,665.0,15.0,,,,,666,15,,,,,665.5,0.0
0,68100,VOLCANIC_ROCK_VOUCHER_9750,661.0,14.0,,,,,662,14,,,,,661.5,0.0
0,68200,VOLCANIC_ROCK_VOUCHER_9750,656.0,21.0,,,,,658,21,,,,,657.0,0.0
0,68300,VOLCANIC_ROCK_VOUCHER_9750,657.0,21.0,,,,,658,21,,,,,657.5,0.0
0,68400,VOLCANIC_ROCK_VOUCHER_9750,662.0,10.0,,,,,663,10,,,,,662.5,0.0
0,68500,VOLCANIC_ROCK_VOUCHER_9750,658.0,12.0,,,,,660,12,,,,,659.0,0.0
0,68600,VOLCANIC_ROCK_VOUCHER_9750,663.0,20.0,,,,,664,20,,,,,663.5,0.0
0,68700,VOLCANIC_ROCK_VOUCHER_9750,664.0,16.0,,,,,665,16,,,,,664.5,0.0
0,68800,VOLCANIC_ROCK_VOUCHER_9750,669.0,14.0,,,,,670,14,,,,,669.5,0.0
0,68900,VOLCANIC_ROCK_VOUCHER_9750,679.0,15.0,,,,,680,15,,,,,679.5,0.0
0,69000,VOLCANIC_ROCK_VOUCHER_9750,677.0,21.0,,,,,678,21,,,,,677.5,0.0
0,69100,VOLCANIC_ROCK_VOUCHER_9750,684.0,12.0,,,,,686,12,,,,,685.0,0.0
0,69200,VOLCANIC_ROCK_VOUCHER_9750,684.0,12.0,,,,,685,12,,,,,684.5,0.0
0,69300,VOLCANIC_ROCK_VOUCHER_9750,680.0,13.0,,,,,681,13,,,,,680.5,0.0
0,69400,VOLCANIC_ROCK_VOUCHER_9750,685.0,20.0,,,,,686,20,,,,,685.5,0.0
0,69500,VOLCANIC_ROCK_VOUCHER_9750,679.0,3.0,,,,,680,14,,,,,679.5,0.0
0,69600,VOLCANIC_ROCK_VOUCHER_9750,680.0,11.0,,,,,681,11,,,,,680.5,0.0
0,69700,VOLCANIC_ROCK_VOUCHER_9750,683.0,22.0,,,,,684,22,,,,,683.5,0.0
0,69800,VOLCANIC_ROCK_VOUCHER_9750,680.0,2.0,,,,,681,17,,,,,680.5,0.0
0,69900,VOLCANIC_ROCK_VOUCHER_9750,691.0,18.0,,,,,692,18,,,,,691.5,0.0
0,70000,VOLCANIC_ROCK_VOUCHER_9750,696.0,19.0,,,,,697,19,,,,,696.5,0.0
0,70100,VOLCANIC_ROCK_VOUCHER_9750,694.0,18.0,,,,,695,18,,,,,694.5,0.0
0,70200,VOLCANIC_ROCK_VOUCHER_9750,692.0,13.0,,,,,694,13,,,,,693.0,0.0
0,70300,VOLCANIC_ROCK_VOUCHER_9750,694.0,20.0,,,,,695,20,,,,,694.5,0.0
0,70400,VOLCANIC_ROCK_VOUCHER_9750,694.0,19.0,,,,,696,19,,,,,695.0,0.0
0,70500,VOLCANIC_ROCK_VOUCHER_9750,693.0,14.0,,,,,694,14,,,,,693.5,0.0
0,70600,VOLCANIC_ROCK_VOUCHER_9750,695.0,13.0,,,,,696,13,,,,,695.5,0.0
0,70700,VOLCANIC_ROCK_VOUCHER_9750,694.0,10.0,,,,,695,10,,,,,694.5,0.0
0,70800,VOLCANIC_ROCK_VOUCHER_9750,698.0,17.0,,,,,699,17,,,,,698.5,0.0
0,70900,VOLCANIC_ROCK_VOUCHER_9750,709.0,13.0,,,,,710,13,,,,,709.5,0.0
0,71000,VOLCANIC_ROCK_VOUCHER_9750,712.0,22.0,,,,,713,22,,,,,712.5,0.0
0,71100,VOLCANIC_ROCK_VOUCHER_9750,722.0,27.0,,,,,723,14,,,,,722.5,0.0
0,71200,VOLCANIC_ROCK_VOUCHER_9750,717.0,12.0,,,,,718,12,,,,,717.5,0.0
0,71300,VOLCANIC_ROCK_VOUCHER_9750,716.0,12.0,,,,,718,12,,,,,717.0,0.0
0,71400,VOLCANIC_ROCK_VOUCHER_9750,715.0,18.0,,,,,716,18,,,,,715.5,0.0
0,71500,VOLCANIC_ROCK_VOUCHER_9750,720.0,19.0,,,,,721,19,,,,,720.5,0.0
0,71600,VOLCANIC_ROCK_VOUCHER_9750,712.0,11.0,,,,,713,11,,,,,712.5,0.0
0,71700,VOLCANIC_ROCK_VOUCHER_9750,715.0,17.0,,,,,716,17,,,,,715.5,0.0
0,71800,VOLCANIC_ROCK_VOUCHER_9750,717.0,14.0,,,,,718,14,,,,,717.5,0.0
0,71900,VOLCANIC_ROCK_VOUCHER_9750,724.0,22.0,,,,,725,22,,,,,724.5,0.0
0,72000,VOLCANIC_ROCK_VOUCHER_9750,715.0,20.0,,,,,716,13,,,,,715.5,0.0
0,72100,VOLCANIC_ROCK_VOUCHER_9750,725.0,13.0,,,,,726,13,,,,,725.5,0.0
0,72200,VOLCANIC_ROCK_VOUCHER_9750,723.0,17.0,,,,,724,17,,,,,723.5,0.0
0,72300,VOLCANIC_ROCK_VOUCHER_9750,722.0,20.0,,,,,723,20,,,,,722.5,0.0
0,72400,VOLCANIC_ROCK_VOUCHER_9750,724.0,19.0,,,,,725,19,,,,,724.5,0.0
0,72500,VOLCANIC_ROCK_VOUCHER_9750,725.0,17.0,,,,,727,17,,,,,726.0,0.0
0,72600,VOLCANIC_ROCK_VOUCHER_9750,722.0,20.0,,,,,723,20,,,,,722.5,0.0
0,72700,VOLCANIC_ROCK_VOUCHER_9750,,,,,,,720,8,721.0,12.0,,,720.0,0.0
0,72800,VOLCANIC_ROCK_VOUCHER_9750,724.0,14.0,,,,,725,14,,,,,724.5,0.0
0,72900,VOLCANIC_ROCK_VOUCHER_9750,719.0,17.0,,,,,720,17,,,,,719.5,0.0
0,73000,VOLCANIC_ROCK_VOUCHER_9750,719.0,22.0,,,,,721,22,,,,,720.0,0.0
0,73100,VOLCANIC_ROCK_VOUCHER_9750,717.0,16.0,,,,,718,16,,,,,717.5,0.0
0,73200,VOLCANIC_ROCK_VOUCHER_9750,717.0,1.0,,,,,718,21,,,,,717.5,0.0
0,73300,VOLCANIC_ROCK_VOUCHER_9750,720.0,15.0,,,,,721,15,,,,,720.5,0.0
0,73400,VOLCANIC_ROCK_VOUCHER_9750,724.0,20.0,,,,,725,20,,,,,724.5,0.0
0,73500,VOLCANIC_ROCK_VOUCHER_9750,730.0,15.0,,,,,731,15,,,,,730.5,0.0
0,73600,VOLCANIC_ROCK_VOUCHER_9750,728.0,10.0,,,,,729,10,,,,,728.5,0.0
0,73700,VOLCANIC_ROCK_VOUCHER_9750,731.0,19.0,,,,,732,19,,,,,731.5,0.0
0,73800,VOLCANIC_ROCK_VOUCHER_9750,722.0,20.0,,,,,723,20,,,,,722.5,0.0
0,73900,VOLCANIC_ROCK_VOUCHER_9750,714.0,20.0,,,,,716,20,,,,,715.0,0.0
0,74000,VOLCANIC_ROCK_VOUCHER_9750,713.0,27.0,,,,,714,15,,,,,713.5,0.0
0,74100,VOLCANIC_ROCK_VOUCHER_9750,713.0,16.0,,,,,714,16,,,,,713.5,0.0
0,74200,VOLCANIC_ROCK_VOUCHER_9750,716.0,18.0,715.0,10.0,,,717,10,,,,,716.5,0.0
0,74300,VOLCANIC_ROCK_VOUCHER_9750,709.0,13.0,,,,,710,13,,,,,709.5,0.0
0,74400,VOLCANIC_ROCK_VOUCHER_9750,708.0,10.0,,,,,709,10,,,,,708.5,0.0
0,74500,VOLCANIC_ROCK_VOUCHER_9750,710.0,27.0,,,,,711,17,,,,,710.5,0.0
0,74600,VOLCANIC_ROCK_VOUCHER_9750,714.0,13.0,,,,,715,13,,,,,714.5,0.0
0,74700,VOLCANIC_ROCK_VOUCHER_9750,712.0,18.0,,,,,713,18,,,,,712.5,0.0
0,74800,VOLCANIC_ROCK_VOUCHER_9750,712.0,17.0,,,,,713,17,,,,,712.5,0.0
0,74900,VOLCANIC_ROCK_VOUCHER_9750,723.0,18.0,,,,,724,18,,,,,723.5,0.0
0,75000,VOLCANIC_ROCK_VOUCHER_9750,719.0,14.0,,,,,720,14,,,,,719.5,0.0
0,75100,VOLCANIC_ROCK_VOUCHER_9750,716.0,31.0,,,,,717,12,,,,,716.5,0.0
0,75200,VOLCANIC_ROCK_VOUCHER_9750,716.0,21.0,,,,,717,21,,,,,716.5,0.0
0,75300,VOLCANIC_ROCK_VOUCHER_9750,722.0,17.0,,,,,723,17,,,,,722.5,0.0
0,75400,VOLCANIC_ROCK_VOUCHER_9750,716.0,21.0,,,,,717,21,,,,,716.5,0.0
0,75500,VOLCANIC_ROCK_VOUCHER_9750,719.0,16.0,,,,,720,16,,,,,719.5,0.0
0,75600,VOLCANIC_ROCK_VOUCHER_9750,717.0,19.0,,,,,718,19,,,,,717.5,0.0
0,75700,VOLCANIC_ROCK_VOUCHER_9750,717.0,24.0,,,,,718,10,,,,,717.5,0.0
0,75800,VOLCANIC_ROCK_VOUCHER_9750,720.0,20.0,,,,,721,20,,,,,720.5,0.0
0,75900,VOLCANIC_ROCK_VOUCHER_9750,722.0,12.0,,,,,723,12,,,,,722.5,0.0
0,76000,VOLCANIC_ROCK_VOUCHER_9750,726.0,20.0,,,,,727,20,,,,,726.5,0.0
0,76100,VOLCANIC_ROCK_VOUCHER_9750,725.0,19.0,,,,,726,19,,,,,725.5,0.0
0,76200,VOLCANIC_ROCK_VOUCHER_9750,737.0,17.0,,,,,738,17,,,,,737.5,0.0
0,76300,VOLCANIC_ROCK_VOUCHER_9750,743.0,20.0,,,,,744,11,745.0,20.0,,,743.5,0.0
0,76400,VOLCANIC_ROCK_VOUCHER_9750,735.0,19.0,,,,,736,19,,,,,735.5,0.0
0,76500,VOLCANIC_ROCK_VOUCHER_9750,734.0,12.0,,,,,735,1,736.0,11.0,,,734.5,0.0
0,76600,VOLCANIC_ROCK_VOUCHER_9750,739.0,16.0,,,,,740,16,,,,,739.5,0.0
0,76700,VOLCANIC_ROCK_VOUCHER_9750,735.0,15.0,,,,,736,15,,,,,735.5,0.0
0,76800,VOLCANIC_ROCK_VOUCHER_9750,731.0,16.0,,,,,732,16,,,,,731.5,0.0
0,76900,VOLCANIC_ROCK_VOUCHER_9750,726.0,15.0,,,,,727,15,,,,,726.5,0.0
0,77000,VOLCANIC_ROCK_VOUCHER_9750,727.0,12.0,,,,,728,12,,,,,727.5,0.0
0,77100,VOLCANIC_ROCK_VOUCHER_9750,726.0,19.0,,,,,727,19,,,,,726.5,0.0
0,77200,VOLCANIC_ROCK_VOUCHER_9750,725.0,21.0,,,,,727,21,,,,,726.0,0.0
0,77300,VOLCANIC_ROCK_VOUCHER_9750,726.0,14.0,,,,,727,14,,,,,726.5,0.0
0,77400,VOLCANIC_ROCK_VOUCHER_9750,728.0,20.0,,,,,729,20,,,,,728.5,0.0
0,77500,VOLCANIC_ROCK_VOUCHER_9750,,,,,,,723,2,724.0,14.0,,,723.0,0.0
0,77600,VOLCANIC_ROCK_VOUCHER_9750,722.0,11.0,,,,,723,11,,,,,722.5,0.0
0,77700,VOLCANIC_ROCK_VOUCHER_9750,726.0,7.0,,,,,728,14,,,,,727.0,0.0
0,77800,VOLCANIC_ROCK_VOUCHER_9750,725.0,15.0,,,,,726,15,,,,,725.5,0.0
0,77900,VOLCANIC_ROCK_VOUCHER_9750,724.0,12.0,,,,,726,12,,,,,725.0,0.0
0,78000,VOLCANIC_ROCK_VOUCHER_9750,720.0,19.0,,,,,721,19,,,,,720.5,0.0
0,78100,VOLCANIC_ROCK_VOUCHER_9750,,,,,,,730,5,732.0,11.0,,,730.0,0.0
0,78200,VOLCANIC_ROCK_VOUCHER_9750,726.0,19.0,,,,,727,19,,,,,726.5,0.0
0,78300,VOLCANIC_ROCK_VOUCHER_9750,725.0,13.0,,,,,727,13,,,,,726.0,0.0
0,78400,VOLCANIC_ROCK_VOUCHER_9750,727.0,16.0,,,,,728,16,,,,,727.5,0.0
0,78500,VOLCANIC_ROCK_VOUCHER_9750,730.0,12.0,,,,,731,12,,,,,730.5,0.0
0,78600,VOLCANIC_ROCK_VOUCHER_9750,723.0,21.0,,,,,725,21,,,,,724.0,0.0
0,78700,VOLCANIC_ROCK_VOUCHER_9750,719.0,11.0,,,,,721,11,,,,,720.0,0.0
0,78800,VOLCANIC_ROCK_VOUCHER_9750,721.0,13.0,,,,,722,13,,,,,721.5,0.0
0,78900,VOLCANIC_ROCK_VOUCHER_9750,715.0,13.0,,,,,717,13,,,,,716.0,0.0
0,79000,VOLCANIC_ROCK_VOUCHER_9750,719.0,20.0,,,,,720,20,,,,,719.5,0.0
0,79100,VOLCANIC_ROCK_VOUCHER_9750,714.0,11.0,,,,,716,11,,,,,715.0,0.0
0,79200,VOLCANIC_ROCK_VOUCHER_9750,709.0,20.0,,,,,711,20,,,,,710.0,0.0
0,79300,VOLCANIC_ROCK_VOUCHER_9750,713.0,13.0,,,,,714,13,,,,,713.5,0.0
0,79400,VOLCANIC_ROCK_VOUCHER_9750,710.0,0.0,,,,,711,19,,,,,710.5,0.0
0,79500,VOLCANIC_ROCK_VOUCHER_9750,719.0,15.0,,,,,720,15,,,,,719.5,0.0
0,79600,VOLCANIC_ROCK_VOUCHER_9750,718.0,16.0,,,,,719,16,,,,,718.5,0.0
0,79700,VOLCANIC_ROCK_VOUCHER_9750,711.0,22.0,,,,,712,22,,,,,711.5,0.0
0,79800,VOLCANIC_ROCK_VOUCHER_9750,710.0,18.0,,,,,711,18,,,,,710.5,0.0
0,79900,VOLCANIC_ROCK_VOUCHER_9750,711.0,14.0,,,,,712,14,,,,,711.5,0.0
0,80000,VOLCANIC_ROCK_VOUCHER_9750,709.0,21.0,,,,,710,21,,,,,709.5,0.0
0,80100,VOLCANIC_ROCK_VOUCHER_9750,709.0,11.0,,,,,710,11,,,,,709.5,0.0
0,80200,VOLCANIC_ROCK_VOUCHER_9750,706.0,19.0,,,,,707,19,,,,,706.5,0.0
0,80300,VOLCANIC_ROCK_VOUCHER_9750,705.0,17.0,,,,,707,17,,,,,706.0,0.0
0,80400,VOLCANIC_ROCK_VOUCHER_9750,704.0,12.0,,,,,705,12,,,,,704.5,0.0
0,80500,VOLCANIC_ROCK_VOUCHER_9750,,,,,,,697,1,698.0,14.0,,,697.0,0.0
0,80600,VOLCANIC_ROCK_VOUCHER_9750,701.0,20.0,,,,,702,20,,,,,701.5,0.0
0,80700,VOLCANIC_ROCK_VOUCHER_9750,697.0,15.0,,,,,698,15,,,,,697.5,0.0
0,80800,VOLCANIC_ROCK_VOUCHER_9750,696.0,12.0,,,,,698,12,,,,,697.0,0.0
0,80900,VOLCANIC_ROCK_VOUCHER_9750,697.0,15.0,,,,,699,15,,,,,698.0,0.0
0,81000,VOLCANIC_ROCK_VOUCHER_9750,703.0,15.0,,,,,704,15,,,,,703.5,0.0
0,81100,VOLCANIC_ROCK_VOUCHER_9750,704.0,16.0,,,,,705,16,,,,,704.5,0.0
0,81200,VOLCANIC_ROCK_VOUCHER_9750,710.0,13.0,,,,,711,13,,,,,710.5,0.0
0,81300,VOLCANIC_ROCK_VOUCHER_9750,711.0,13.0,,,,,712,13,,,,,711.5,0.0
0,81400,VOLCANIC_ROCK_VOUCHER_9750,708.0,20.0,,,,,709,1,710.0,19.0,,,708.5,0.0
0,81500,VOLCANIC_ROCK_VOUCHER_9750,710.0,16.0,,,,,712,16,,,,,711.0,0.0
0,81600,VOLCANIC_ROCK_VOUCHER_9750,715.0,16.0,,,,,716,16,,,,,715.5,0.0
0,81700,VOLCANIC_ROCK_VOUCHER_9750,720.0,3.0,,,,,721,18,,,,,720.5,0.0
0,81800,VOLCANIC_ROCK_VOUCHER_9750,720.0,19.0,,,,,721,19,,,,,720.5,0.0
0,81900,VOLCANIC_ROCK_VOUCHER_9750,721.0,34.0,,,,,722,21,,,,,721.5,0.0
0,82000,VOLCANIC_ROCK_VOUCHER_9750,719.0,19.0,,,,,720,19,,,,,719.5,0.0
0,82100,VOLCANIC_ROCK_VOUCHER_9750,720.0,14.0,,,,,722,14,,,,,721.0,0.0
0,82200,VOLCANIC_ROCK_VOUCHER_9750,720.0,15.0,,,,,721,15,,,,,720.5,0.0
0,82300,VOLCANIC_ROCK_VOUCHER_9750,722.0,19.0,,,,,723,19,,,,,722.5,0.0
0,82400,VOLCANIC_ROCK_VOUCHER_9750,733.0,17.0,,,,,734,17,,,,,733.5,0.0
0,82500,VOLCANIC_ROCK_VOUCHER_9750,730.0,15.0,,,,,731,15,,,,,730.5,0.0
0,82600,VOLCANIC_ROCK_VOUCHER_9750,728.0,13.0,,,,,729,13,,,,,728.5,0.0
0,82700,VOLCANIC_ROCK_VOUCHER_9750,726.0,21.0,,,,,727,21,,,,,726.5,0.0
0,82800,VOLCANIC_ROCK_VOUCHER_9750,729.0,15.0,,,,,730,15,,,,,729.5,0.0
0,82900,VOLCANIC_ROCK_VOUCHER_9750,730.0,18.0,,,,,731,18,,,,,730.5,0.0
0,83000,VOLCANIC_ROCK_VOUCHER_9750,735.0,13.0,,,,,737,13,,,,,736.0,0.0
0,83100,VOLCANIC_ROCK_VOUCHER_9750,739.0,1.0,,,,,740,20,,,,,739.5,0.0
0,83200,VOLCANIC_ROCK_VOUCHER_9750,746.0,12.0,,,,,747,12,,,,,746.5,0.0
0,83300,VOLCANIC_ROCK_VOUCHER_9750,738.0,16.0,,,,,739,16,,,,,738.5,0.0
0,83400,VOLCANIC_ROCK_VOUCHER_9750,741.0,15.0,,,,,742,15,,,,,741.5,0.0
0,83500,VOLCANIC_ROCK_VOUCHER_9750,746.0,18.0,,,,,747,18,,,,,746.5,0.0
0,83600,VOLCANIC_ROCK_VOUCHER_9750,744.0,11.0,,,,,745,11,,,,,744.5,0.0
0,83700,VOLCANIC_ROCK_VOUCHER_9750,741.0,14.0,,,,,742,14,,,,,741.5,0.0
0,83800,VOLCANIC_ROCK_VOUCHER_9750,748.0,12.0,,,,,749,12,,,,,748.5,0.0
0,83900,VOLCANIC_ROCK_VOUCHER_9750,746.0,12.0,,,,,747,12,,,,,746.5,0.0
0,84000,VOLCANIC_ROCK_VOUCHER_9750,743.0,12.0,,,,,744,12,,,,,743.5,0.0
0,84100,VOLCANIC_ROCK_VOUCHER_9750,735.0,18.0,,,,,736,18,,,,,735.5,0.0
0,84200,VOLCANIC_ROCK_VOUCHER_9750,740.0,15.0,,,,,742,15,,,,,741.0,0.0
0,84300,VOLCANIC_ROCK_VOUCHER_9750,737.0,20.0,,,,,738,20,,,,,737.5,0.0
0,84400,VOLCANIC_ROCK_VOUCHER_9750,742.0,16.0,,,,,743,16,,,,,742.5,0.0
0,84500,VOLCANIC_ROCK_VOUCHER_9750,751.0,16.0,,,,,753,16,,,,,752.0,0.0
0,84600,VOLCANIC_ROCK_VOUCHER_9750,748.0,16.0,,,,,749,16,,,,,748.5,0.0
0,84700,VOLCANIC_ROCK_VOUCHER_9750,747.0,20.0,,,,,749,20,,,,,748.0,0.0
0,84800,VOLCANIC_ROCK_VOUCHER_9750,,,,,,,743,4,744.0,14.0,,,743.0,0.0
0,84900,VOLCANIC_ROCK_VOUCHER_9750,743.0,13.0,,,,,744,13,,,,,743.5,0.0
0,85000,VOLCANIC_ROCK_VOUCHER_9750,739.0,14.0,,,,,740,14,,,,,739.5,0.0
0,85100,VOLCANIC_ROCK_VOUCHER_9750,736.0,13.0,,,,,737,13,,,,,736.5,0.0
0,85200,VOLCANIC_ROCK_VOUCHER_9750,740.0,17.0,,,,,741,17,,,,,740.5,0.0
0,85300,VOLCANIC_ROCK_VOUCHER_9750,743.0,15.0,,,,,744,15,,,,,743.5,0.0
0,85400,VOLCANIC_ROCK_VOUCHER_9750,741.0,17.0,,,,,743,17,,,,,742.0,0.0
0,85500,VOLCANIC_ROCK_VOUCHER_9750,742.0,19.0,,,,,743,19,,,,,742.5,0.0
0,85600,VOLCANIC_ROCK_VOUCHER_9750,745.0,21.0,,,,,746,21,,,,,745.5,0.0
0,85700,VOLCANIC_ROCK_VOUCHER_9750,743.0,17.0,,,,,744,17,,,,,743.5,0.0
0,85800,VOLCANIC_ROCK_VOUCHER_9750,744.0,17.0,,,,,745,17,,,,,744.5,0.0
0,85900,VOLCANIC_ROCK_VOUCHER_9750,754.0,28.0,,,,,755,13,,,,,754.5,0.0
0,86000,VOLCANIC_ROCK_VOUCHER_9750,754.0,14.0,,,,,755,14,,,,,754.5,0.0
0,86100,VOLCANIC_ROCK_VOUCHER_9750,749.0,19.0,,,,,750,19,,,,,749.5,0.0
0,86200,VOLCANIC_ROCK_VOUCHER_9750,750.0,10.0,,,,,751,10,,,,,750.5,0.0
0,86300,VOLCANIC_ROCK_VOUCHER_9750,752.0,21.0,,,,,753,21,,,,,752.5,0.0
0,86400,VOLCANIC_ROCK_VOUCHER_9750,757.0,12.0,,,,,758,12,,,,,757.5,0.0
0,86500,VOLCANIC_ROCK_VOUCHER_9750,759.0,12.0,,,,,760,12,,,,,759.5,0.0
0,86600,VOLCANIC_ROCK_VOUCHER_9750,759.0,13.0,,,,,760,13,,,,,759.5,0.0
0,86700,VOLCANIC_ROCK_VOUCHER_9750,762.0,15.0,,,,,763,15,,,,,762.5,0.0
0,86800,VOLCANIC_ROCK_VOUCHER_9750,764.0,12.0,,,,,765,12,,,,,764.5,0.0
0,86900,VOLCANIC_ROCK_VOUCHER_9750,766.0,12.0,,,,,767,12,,,,,766.5,0.0
0,87000,VOLCANIC_ROCK_VOUCHER_9750,761.0,16.0,,,,,762,16,,,,,761.5,0.0
0,87100,VOLCANIC_ROCK_VOUCHER_9750,761.0,13.0,,,,,762,13,,,,,761.5,0.0
0,87200,VOLCANIC_ROCK_VOUCHER_9750,763.0,16.0,,,,,765,16,,,,,764.0,0.0
0,87300,VOLCANIC_ROCK_VOUCHER_9750,762.0,16.0,,,,,763,16,,,,,762.5,0.0
0,87400,VOLCANIC_ROCK_VOUCHER_9750,762.0,10.0,,,,,763,10,,,,,762.5,0.0
0,87500,VOLCANIC_ROCK_VOUCHER_9750,768.0,10.0,,,,,769,10,,,,,768.5,0.0
0,87600,VOLCANIC_ROCK_VOUCHER_9750,767.0,20.0,,,,,768,20,,,,,767.5,0.0
0,87700,VOLCANIC_ROCK_VOUCHER_9750,764.0,12.0,,,,,765,12,,,,,764.5,0.0
0,87800,VOLCANIC_ROCK_VOUCHER_9750,765.0,22.0,,,,,766,22,,,,,765.5,0.0
0,87900,VOLCANIC_ROCK_VOUCHER_9750,763.0,15.0,,,,,764,15,,,,,763.5,0.0
0,88000,VOLCANIC_ROCK_VOUCHER_9750,761.0,20.0,,,,,763,20,,,,,762.0,0.0
0,88100,VOLCANIC_ROCK_VOUCHER_9750,760.0,15.0,,,,,761,15,,,,,760.5,0.0
0,88200,VOLCANIC_ROCK_VOUCHER_9750,756.0,10.0,,,,,757,10,,,,,756.5,0.0
0,88300,VOLCANIC_ROCK_VOUCHER_9750,759.0,12.0,,,,,761,12,,,,,760.0,0.0
0,88400,VOLCANIC_ROCK_VOUCHER_9750,763.0,17.0,,,,,764,17,,,,,763.5,0.0
0,88500,VOLCANIC_ROCK_VOUCHER_9750,766.0,22.0,,,,,767,22,,,,,766.5,0.0
0,88600,VOLCANIC_ROCK_VOUCHER_9750,763.0,20.0,,,,,764,20,,,,,763.5,0.0
0,88700,VOLCANIC_ROCK_VOUCHER_9750,760.0,13.0,,,,,761,13,,,,,760.5,0.0
0,88800,VOLCANIC_ROCK_VOUCHER_9750,756.0,27.0,,,,,757,17,,,,,756.5,0.0
0,88900,VOLCANIC_ROCK_VOUCHER_9750,751.0,20.0,,,,,752,20,,,,,751.5,0.0
0,89000,VOLCANIC_ROCK_VOUCHER_9750,749.0,22.0,,,,,750,22,,,,,749.5,0.0
0,89100,VOLCANIC_ROCK_VOUCHER_9750,748.0,10.0,,,,,749,10,,,,,748.5,0.0
0,89200,VOLCANIC_ROCK_VOUCHER_9750,745.0,18.0,,,,,746,18,,,,,745.5,0.0
0,89300,VOLCANIC_ROCK_VOUCHER_9750,751.0,16.0,,,,,752,16,,,,,751.5,0.0
0,89400,VOLCANIC_ROCK_VOUCHER_9750,750.0,20.0,,,,,751,20,,,,,750.5,0.0
0,89500,VOLCANIC_ROCK_VOUCHER_9750,751.0,14.0,,,,,752,14,,,,,751.5,0.0
0,89600,VOLCANIC_ROCK_VOUCHER_9750,754.0,4.0,,,,,755,19,,,,,754.5,0.0
0,89700,VOLCANIC_ROCK_VOUCHER_9750,751.0,17.0,,,,,753,17,,,,,752.0,0.0
0,89800,VOLCANIC_ROCK_VOUCHER_9750,754.0,21.0,,,,,755,21,,,,,754.5,0.0
0,89900,VOLCANIC_ROCK_VOUCHER_9750,756.0,2.0,755.0,18.0,,,757,20,,,,,756.5,0.0
0,90000,VOLCANIC_ROCK_VOUCHER_9750,752.0,14.0,,,,,753,14,,,,,752.5,0.0
0,90100,VOLCANIC_ROCK_VOUCHER_9750,751.0,23.0,,,,,752,13,,,,,751.5,0.0
0,90200,VOLCANIC_ROCK_VOUCHER_9750,753.0,19.0,,,,,754,19,,,,,753.5,0.0
0,90300,VOLCANIC_ROCK_VOUCHER_9750,752.0,19.0,,,,,753,19,,,,,752.5,0.0
0,90400,VOLCANIC_ROCK_VOUCHER_9750,750.0,11.0,,,,,751,16,752.0,11.0,,,750.5,0.0
0,90500,VOLCANIC_ROCK_VOUCHER_9750,746.0,13.0,,,,,747,13,,,,,746.5,0.0
0,90600,VOLCANIC_ROCK_VOUCHER_9750,740.0,11.0,,,,,741,11,,,,,740.5,0.0
0,90700,VOLCANIC_ROCK_VOUCHER_9750,740.0,19.0,,,,,741,19,,,,,740.5,0.0
0,90800,VOLCANIC_ROCK_VOUCHER_9750,733.0,12.0,,,,,734,18,735.0,12.0,,,733.5,0.0
0,90900,VOLCANIC_ROCK_VOUCHER_9750,731.0,11.0,,,,,732,11,,,,,731.5,0.0
0,91000,VOLCANIC_ROCK_VOUCHER_9750,733.0,20.0,,,,,734,20,,,,,733.5,0.0
0,91100,VOLCANIC_ROCK_VOUCHER_9750,729.0,21.0,,,,,731,21,,,,,730.0,0.0
0,91200,VOLCANIC_ROCK_VOUCHER_9750,727.0,21.0,,,,,728,21,,,,,727.5,0.0
0,91300,VOLCANIC_ROCK_VOUCHER_9750,729.0,13.0,,,,,730,13,,,,,729.5,0.0
0,91400,VOLCANIC_ROCK_VOUCHER_9750,729.0,20.0,,,,,730,20,,,,,729.5,0.0
0,91500,VOLCANIC_ROCK_VOUCHER_9750,732.0,14.0,,,,,733,14,,,,,732.5,0.0
0,91600,VOLCANIC_ROCK_VOUCHER_9750,739.0,16.0,,,,,740,16,,,,,739.5,0.0
0,91700,VOLCANIC_ROCK_VOUCHER_9750,740.0,20.0,,,,,741,20,,,,,740.5,0.0
0,91800,VOLCANIC_ROCK_VOUCHER_9750,735.0,12.0,,,,,736,12,,,,,735.5,0.0
0,91900,VOLCANIC_ROCK_VOUCHER_9750,735.0,14.0,,,,,737,14,,,,,736.0,0.0
0,92000,VOLCANIC_ROCK_VOUCHER_9750,739.0,15.0,,,,,740,15,,,,,739.5,0.0
0,92100,VOLCANIC_ROCK_VOUCHER_9750,740.0,15.0,,,,,741,15,,,,,740.5,0.0
0,92200,VOLCANIC_ROCK_VOUCHER_9750,733.0,18.0,,,,,734,18,,,,,733.5,0.0
0,92300,VOLCANIC_ROCK_VOUCHER_9750,733.0,6.0,,,,,734,16,,,,,733.5,0.0
0,92400,VOLCANIC_ROCK_VOUCHER_9750,,,,,,,738,5,739.0,12.0,,,738.0,0.0
0,92500,VOLCANIC_ROCK_VOUCHER_9750,737.0,12.0,,,,,738,12,,,,,737.5,0.0
0,92600,VOLCANIC_ROCK_VOUCHER_9750,737.0,13.0,,,,,738,13,,,,,737.5,0.0
0,92700,VOLCANIC_ROCK_VOUCHER_9750,737.0,17.0,,,,,738,17,,,,,737.5,0.0
0,92800,VOLCANIC_ROCK_VOUCHER_9750,736.0,11.0,,,,,738,11,,,,,737.0,0.0
0,92900,VOLCANIC_ROCK_VOUCHER_9750,,,,,,,736,1,737.0,18.0,,,736.0,0.0
0,93000,VOLCANIC_ROCK_VOUCHER_9750,737.0,14.0,,,,,738,14,,,,,737.5,0.0
0,93100,VOLCANIC_ROCK_VOUCHER_9750,744.0,22.0,,,,,745,22,,,,,744.5,0.0
0,93200,VOLCANIC_ROCK_VOUCHER_9750,744.0,20.0,,,,,745,20,,,,,744.5,0.0
0,93300,VOLCANIC_ROCK_VOUCHER_9750,739.0,19.0,,,,,740,19,,,,,739.5,0.0
0,93400,VOLCANIC_ROCK_VOUCHER_9750,734.0,14.0,,,,,735,14,,,,,734.5,0.0
0,93500,VOLCANIC_ROCK_VOUCHER_9750,734.0,15.0,,,,,735,15,,,,,734.5,0.0
0,93600,VOLCANIC_ROCK_VOUCHER_9750,736.0,21.0,,,,,737,21,,,,,736.5,0.0
0,93700,VOLCANIC_ROCK_VOUCHER_9750,738.0,11.0,,,,,739,13,,,,,738.5,0.0
0,93800,VOLCANIC_ROCK_VOUCHER_9750,736.0,5.0,,,,,737,20,,,,,736.5,0.0
0,93900,VOLCANIC_ROCK_VOUCHER_9750,,,,,,,741,3,742.0,14.0,,,741.0,0.0
0,94000,VOLCANIC_ROCK_VOUCHER_9750,741.0,21.0,,,,,742,1,743.0,20.0,,,741.5,0.0
0,94100,VOLCANIC_ROCK_VOUCHER_9750,740.0,10.0,,,,,741,10,,,,,740.5,0.0
0,94200,VOLCANIC_ROCK_VOUCHER_9750,740.0,17.0,,,,,741,17,,,,,740.5,0.0
0,94300,VOLCANIC_ROCK_VOUCHER_9750,741.0,15.0,,,,,742,15,,,,,741.5,0.0
0,94400,VOLCANIC_ROCK_VOUCHER_9750,744.0,19.0,,,,,745,19,,,,,744.5,0.0
0,94500,VOLCANIC_ROCK_VOUCHER_9750,743.0,17.0,,,,,744,17,,,,,743.5,0.0
0,94600,VOLCANIC_ROCK_VOUCHER_9750,737.0,11.0,,,,,738,11,,,,,737.5,0.0
0,94700,VOLCANIC_ROCK_VOUCHER_9750,737.0,16.0,,,,,738,16,,,,,737.5,0.0
0,94800,VOLCANIC_ROCK_VOUCHER_9750,739.0,14.0,,,,,740,14,,,,,739.5,0.0
0,94900,VOLCANIC_ROCK_VOUCHER_9750,744.0,21.0,,,,,745,21,,,,,744.5,0.0
0,95000,VOLCANIC_ROCK_VOUCHER_9750,741.0,16.0,,,,,742,16,,,,,741.5,0.0
0,95100,VOLCANIC_ROCK_VOUCHER_9750,746.0,17.0,,,,,747,17,,,,,746.5,0.0
0,95200,VOLCANIC_ROCK_VOUCHER_9750,746.0,12.0,,,,,747,12,,,,,746.5,0.0
0,95300,VOLCANIC_ROCK_VOUCHER_9750,746.0,21.0,,,,,747,21,,,,,746.5,0.0
0,95400,VOLCANIC_ROCK_VOUCHER_9750,747.0,12.0,,,,,748,12,,,,,747.5,0.0
0,95500,VOLCANIC_ROCK_VOUCHER_9750,746.0,17.0,,,,,747,17,,,,,746.5,0.0
0,95600,VOLCANIC_ROCK_VOUCHER_9750,750.0,11.0,,,,,752,11,,,,,751.0,0.0
0,95700,VOLCANIC_ROCK_VOUCHER_9750,744.0,22.0,,,,,745,22,,,,,744.5,0.0
0,95800,VOLCANIC_ROCK_VOUCHER_9750,741.0,15.0,,,,,742,15,,,,,741.5,0.0
0,95900,VOLCANIC_ROCK_VOUCHER_9750,736.0,19.0,,,,,737,19,,,,,736.5,0.0
0,96000,VOLCANIC_ROCK_VOUCHER_9750,733.0,19.0,,,,,734,19,,,,,733.5,0.0
0,96100,VOLCANIC_ROCK_VOUCHER_9750,726.0,19.0,,,,,727,19,,,,,726.5,0.0
0,96200,VOLCANIC_ROCK_VOUCHER_9750,730.0,12.0,,,,,731,12,,,,,730.5,0.0
0,96300,VOLCANIC_ROCK_VOUCHER_9750,727.0,20.0,,,,,729,20,,,,,728.0,0.0
0,96400,VOLCANIC_ROCK_VOUCHER_9750,725.0,19.0,,,,,726,19,,,,,725.5,0.0
0,96500,VOLCANIC_ROCK_VOUCHER_9750,729.0,19.0,,,,,731,19,,,,,730.0,0.0
0,96600,VOLCANIC_ROCK_VOUCHER_9750,730.0,30.0,,,,,731,14,,,,,730.5,0.0
0,96700,VOLCANIC_ROCK_VOUCHER_9750,730.0,16.0,,,,,731,16,,,,,730.5,0.0
0,96800,VOLCANIC_ROCK_VOUCHER_9750,728.0,16.0,,,,,729,16,,,,,728.5,0.0
0,96900,VOLCANIC_ROCK_VOUCHER_9750,731.0,18.0,,,,,732,18,,,,,731.5,0.0
0,97000,VOLCANIC_ROCK_VOUCHER_9750,731.0,22.0,,,,,732,22,,,,,731.5,0.0
0,97100,VOLCANIC_ROCK_VOUCHER_9750,734.0,19.0,,,,,735,19,,,,,734.5,0.0
0,97200,VOLCANIC_ROCK_VOUCHER_9750,728.0,14.0,,,,,729,14,,,,,728.5,0.0
0,97300,VOLCANIC_ROCK_VOUCHER_9750,726.0,17.0,,,,,727,17,,,,,726.5,0.0
0,97400,VOLCANIC_ROCK_VOUCHER_9750,732.0,22.0,,,,,733,22,,,,,732.5,0.0
0,97500,VOLCANIC_ROCK_VOUCHER_9750,732.0,20.0,,,,,733,20,,,,,732.5,0.0
0,97600,VOLCANIC_ROCK_VOUCHER_9750,730.0,10.0,,,,,731,10,,,,,730.5,0.0
0,97700,VOLCANIC_ROCK_VOUCHER_9750,729.0,17.0,,,,,730,17,,,,,729.5,0.0
0,97800,VOLCANIC_ROCK_VOUCHER_9750,730.0,15.0,,,,,731,15,,,,,730.5,0.0
0,97900,VOLCANIC_ROCK_VOUCHER_9750,726.0,18.0,,,,,727,18,,,,,726.5,0.0
0,98000,VOLCANIC_ROCK_VOUCHER_9750,721.0,25.0,,,,,722,13,,,,,721.5,0.0
0,98100,VOLCANIC_ROCK_VOUCHER_9750,719.0,14.0,,,,,720,14,,,,,719.5,0.0
0,98200,VOLCANIC_ROCK_VOUCHER_9750,714.0,17.0,,,,,715,17,,,,,714.5,0.0
0,98300,VOLCANIC_ROCK_VOUCHER_9750,714.0,33.0,,,,,715,20,,,,,714.5,0.0
0,98400,VOLCANIC_ROCK_VOUCHER_9750,713.0,12.0,,,,,714,12,,,,,713.5,0.0
0,98500,VOLCANIC_ROCK_VOUCHER_9750,714.0,17.0,,,,,715,17,,,,,714.5,0.0
0,98600,VOLCANIC_ROCK_VOUCHER_9750,716.0,18.0,,,,,717,18,,,,,716.5,0.0
0,98700,VOLCANIC_ROCK_VOUCHER_9750,719.0,21.0,,,,,720,21,,,,,719.5,0.0
0,98800,VOLCANIC_ROCK_VOUCHER_9750,714.0,16.0,,,,,715,16,,,,,714.5,0.0
0,98900,VOLCANIC_ROCK_VOUCHER_9750,714.0,18.0,,,,,715,18,,,,,714.5,0.0
0,99000,VOLCANIC_ROCK_VOUCHER_9750,710.0,41.0,,,,,711,21,,,,,710.5,0.0
0,99100,VOLCANIC_ROCK_VOUCHER_9750,713.0,22.0,,,,,714,22,,,,,713.5,0.0
0,99200,VOLCANIC_ROCK_VOUCHER_9750,708.0,16.0,,,,,709,16,,,,,708.5,0.0
0,99300,VOLCANIC_ROCK_VOUCHER_9750,703.0,18.0,,,,,704,18,,,,,703.5,0.0
0,99400,VOLCANIC_ROCK_VOUCHER_9750,702.0,20.0,,,,,703,20,,,,,702.5,0.0
0,99500,VOLCANIC_ROCK_VOUCHER_9750,700.0,16.0,,,,,701,16,,,,,700.5,0.0
0,99600,VOLCANIC_ROCK_VOUCHER_9750,700.0,13.0,,,,,701,13,,,,,700.5,0.0
0,99700,VOLCANIC_ROCK_VOUCHER_9750,700.0,15.0,,,,,702,15,,,,,701.0,0.0
0,99800,VOLCANIC_ROCK_VOUCHER_9750,699.0,16.0,,,,,700,16,,,,,699.5,0.0
0,99900,VOLCANIC_ROCK_VOUCHER_9750,699.0,12.0,,,,,700,12,,,,,699.5,0.0
0,100000,VOLCANIC_ROCK_VOUCHER_9750,698.0,20.0,,,,,699,20,,,,,698.5,0.0
0,100100,VOLCANIC_ROCK_VOUCHER_9750,706.0,10.0,,,,,707,19,,,,,706.5,0.0
0,100200,VOLCANIC_ROCK_VOUCHER_9750,706.0,16.0,,,,,707,16,,,,,706.5,0.0
0,100300,VOLCANIC_ROCK_VOUCHER_9750,703.0,16.0,,,,,704,16,,,,,703.5,0.0
0,100400,VOLCANIC_ROCK_VOUCHER_9750,702.0,11.0,,,,,704,11,,,,,703.0,0.0
0,100500,VOLCANIC_ROCK_VOUCHER_9750,705.0,12.0,,,,,706,12,,,,,705.5,0.0
0,100600,VOLCANIC_ROCK_VOUCHER_9750,703.0,13.0,,,,,704,13,,,,,703.5,0.0
0,100700,VOLCANIC_ROCK_VOUCHER_9750,703.0,13.0,,,,,705,13,,,,,704.0,0.0
0,100800,VOLCANIC_ROCK_VOUCHER_9750,705.0,15.0,,,,,706,15,,,,,705.5,0.0
0,100900,VOLCANIC_ROCK_VOUCHER_9750,703.0,13.0,,,,,704,13,,,,,703.5,0.0
0,101000,VOLCANIC_ROCK_VOUCHER_9750,702.0,3.0,,,,,703,21,,,,,702.5,0.0
0,101100,VOLCANIC_ROCK_VOUCHER_9750,704.0,20.0,,,,,705,20,,,,,704.5,0.0
0,101200,VOLCANIC_ROCK_VOUCHER_9750,704.0,19.0,,,,,705,19,,,,,704.5,0.0
0,101300,VOLCANIC_ROCK_VOUCHER_9750,704.0,14.0,,,,,705,14,,,,,704.5,0.0
0,101400,VOLCANIC_ROCK_VOUCHER_9750,707.0,10.0,,,,,708,10,,,,,707.5,0.0
0,101500,VOLCANIC_ROCK_VOUCHER_9750,713.0,12.0,,,,,714,12,,,,,713.5,0.0
0,101600,VOLCANIC_ROCK_VOUCHER_9750,710.0,21.0,,,,,711,21,,,,,710.5,0.0
0,101700,VOLCANIC_ROCK_VOUCHER_9750,713.0,1.0,712.0,19.0,,,714,20,,,,,713.5,0.0
0,101800,VOLCANIC_ROCK_VOUCHER_9750,707.0,18.0,,,,,708,18,,,,,707.5,0.0
0,101900,VOLCANIC_ROCK_VOUCHER_9750,713.0,17.0,,,,,714,17,,,,,713.5,0.0
0,102000,VOLCANIC_ROCK_VOUCHER_9750,712.0,20.0,,,,,713,20,,,,,712.5,0.0
0,102100,VOLCANIC_ROCK_VOUCHER_9750,714.0,12.0,,,,,715,12,,,,,714.5,0.0
0,102200,VOLCANIC_ROCK_VOUCHER_9750,721.0,2.0,,,,,722,21,,,,,721.5,0.0
0,102300,VOLCANIC_ROCK_VOUCHER_9750,728.0,11.0,,,,,729,11,,,,,728.5,0.0
0,102400,VOLCANIC_ROCK_VOUCHER_9750,730.0,12.0,,,,,731,12,,,,,730.5,0.0
0,102500,VOLCANIC_ROCK_VOUCHER_9750,742.0,16.0,,,,,743,16,,,,,742.5,0.0
0,102600,VOLCANIC_ROCK_VOUCHER_9750,738.0,12.0,,,,,739,12,,,,,738.5,0.0
0,102700,VOLCANIC_ROCK_VOUCHER_9750,735.0,11.0,,,,,736,11,,,,,735.5,0.0
0,102800,VOLCANIC_ROCK_VOUCHER_9750,726.0,20.0,,,,,727,20,,,,,726.5,0.0
0,102900,VOLCANIC_ROCK_VOUCHER_9750,720.0,19.0,,,,,721,19,,,,,720.5,0.0
0,103000,VOLCANIC_ROCK_VOUCHER_9750,716.0,4.0,,,,,717,16,,,,,716.5,0.0
0,103100,VOLCANIC_ROCK_VOUCHER_9750,716.0,15.0,,,,,717,15,,,,,716.5,0.0
0,103200,VOLCANIC_ROCK_VOUCHER_9750,717.0,18.0,,,,,718,18,,,,,717.5,0.0
0,103300,VOLCANIC_ROCK_VOUCHER_9750,717.0,14.0,,,,,718,14,,,,,717.5,0.0
0,103400,VOLCANIC_ROCK_VOUCHER_9750,714.0,19.0,,,,,715,19,,,,,714.5,0.0
0,103500,VOLCANIC_ROCK_VOUCHER_9750,713.0,16.0,,,,,715,16,,,,,714.0,0.0
0,103600,VOLCANIC_ROCK_VOUCHER_9750,714.0,15.0,,,,,716,15,,,,,715.0,0.0
0,103700,VOLCANIC_ROCK_VOUCHER_9750,718.0,13.0,,,,,719,13,,,,,718.5,0.0
0,103800,VOLCANIC_ROCK_VOUCHER_9750,719.0,17.0,,,,,720,17,,,,,719.5,0.0
0,103900,VOLCANIC_ROCK_VOUCHER_9750,713.0,17.0,,,,,714,17,,,,,713.5,0.0
0,104000,VOLCANIC_ROCK_VOUCHER_9750,712.0,32.0,,,,,713,18,,,,,712.5,0.0
0,104100,VOLCANIC_ROCK_VOUCHER_9750,718.0,11.0,,,,,719,11,,,,,718.5,0.0
0,104200,VOLCANIC_ROCK_VOUCHER_9750,718.0,17.0,,,,,719,17,,,,,718.5,0.0
0,104300,VOLCANIC_ROCK_VOUCHER_9750,712.0,19.0,,,,,713,19,,,,,712.5,0.0
0,104400,VOLCANIC_ROCK_VOUCHER_9750,711.0,20.0,,,,,712,20,,,,,711.5,0.0
0,104500,VOLCANIC_ROCK_VOUCHER_9750,706.0,20.0,,,,,707,20,,,,,706.5,0.0
0,104600,VOLCANIC_ROCK_VOUCHER_9750,702.0,20.0,,,,,703,20,,,,,702.5,0.0
0,104700,VOLCANIC_ROCK_VOUCHER_9750,700.0,18.0,,,,,701,18,,,,,700.5,0.0
0,104800,VOLCANIC_ROCK_VOUCHER_9750,701.0,11.0,,,,,702,11,,,,,701.5,0.0
0,104900,VOLCANIC_ROCK_VOUCHER_9750,700.0,16.0,,,,,701,16,,,,,700.5,0.0
0,105000,VOLCANIC_ROCK_VOUCHER_9750,702.0,16.0,,,,,703,16,,,,,702.5,0.0
0,105100,VOLCANIC_ROCK_VOUCHER_9750,705.0,19.0,,,,,706,19,,,,,705.5,0.0
0,105200,VOLCANIC_ROCK_VOUCHER_9750,710.0,19.0,,,,,711,19,,,,,710.5,0.0
0,105300,VOLCANIC_ROCK_VOUCHER_9750,708.0,20.0,,,,,709,18,710.0,20.0,,,708.5,0.0
0,105400,VOLCANIC_ROCK_VOUCHER_9750,710.0,17.0,,,,,712,17,,,,,711.0,0.0
0,105500,VOLCANIC_ROCK_VOUCHER_9750,711.0,11.0,,,,,712,19,,,,,711.5,0.0
0,105600,VOLCANIC_ROCK_VOUCHER_9750,706.0,11.0,,,,,707,11,,,,,706.5,0.0
0,105700,VOLCANIC_ROCK_VOUCHER_9750,706.0,15.0,,,,,707,15,,,,,706.5,0.0
0,105800,VOLCANIC_ROCK_VOUCHER_9750,710.0,20.0,,,,,711,20,,,,,710.5,0.0
0,105900,VOLCANIC_ROCK_VOUCHER_9750,709.0,10.0,,,,,710,10,,,,,709.5,0.0
0,106000,VOLCANIC_ROCK_VOUCHER_9750,709.0,21.0,,,,,710,21,,,,,709.5,0.0
0,106100,VOLCANIC_ROCK_VOUCHER_9750,711.0,13.0,,,,,713,13,,,,,712.0,0.0
0,106200,VOLCANIC_ROCK_VOUCHER_9750,711.0,18.0,,,,,712,18,,,,,711.5,0.0
0,106300,VOLCANIC_ROCK_VOUCHER_9750,707.0,12.0,,,,,708,12,,,,,707.5,0.0
0,106400,VOLCANIC_ROCK_VOUCHER_9750,700.0,33.0,,,,,701,13,,,,,700.5,0.0
0,106500,VOLCANIC_ROCK_VOUCHER_9750,702.0,17.0,,,,,703,17,,,,,702.5,0.0
0,106600,VOLCANIC_ROCK_VOUCHER_9750,705.0,13.0,,,,,706,13,,,,,705.5,0.0
0,106700,VOLCANIC_ROCK_VOUCHER_9750,705.0,12.0,,,,,706,12,,,,,705.5,0.0
0,106800,VOLCANIC_ROCK_VOUCHER_9750,704.0,18.0,,,,,705,18,,,,,704.5,0.0
0,106900,VOLCANIC_ROCK_VOUCHER_9750,,,,,,,705,5,706.0,15.0,,,705.0,0.0
0,107000,VOLCANIC_ROCK_VOUCHER_9750,702.0,15.0,,,,,704,15,,,,,703.0,0.0
0,107100,VOLCANIC_ROCK_VOUCHER_9750,705.0,18.0,,,,,706,18,,,,,705.5,0.0
0,107200,VOLCANIC_ROCK_VOUCHER_9750,703.0,17.0,,,,,705,17,,,,,704.0,0.0
0,107300,VOLCANIC_ROCK_VOUCHER_9750,705.0,11.0,,,,,706,11,,,,,705.5,0.0
0,107400,VOLCANIC_ROCK_VOUCHER_9750,701.0,20.0,,,,,702,15,,,,,701.5,0.0
0,107500,VOLCANIC_ROCK_VOUCHER_9750,704.0,13.0,,,,,705,13,,,,,704.5,0.0
0,107600,VOLCANIC_ROCK_VOUCHER_9750,706.0,16.0,,,,,707,16,,,,,706.5,0.0
0,107700,VOLCANIC_ROCK_VOUCHER_9750,702.0,19.0,,,,,703,19,,,,,702.5,0.0
0,107800,VOLCANIC_ROCK_VOUCHER_9750,709.0,27.0,,,,,710,13,,,,,709.5,0.0
0,107900,VOLCANIC_ROCK_VOUCHER_9750,708.0,15.0,,,,,709,15,,,,,708.5,0.0
0,108000,VOLCANIC_ROCK_VOUCHER_9750,708.0,19.0,,,,,709,19,,,,,708.5,0.0
0,108100,VOLCANIC_ROCK_VOUCHER_9750,704.0,20.0,,,,,705,20,,,,,704.5,0.0
0,108200,VOLCANIC_ROCK_VOUCHER_9750,706.0,12.0,,,,,707,12,,,,,706.5,0.0
0,108300,VOLCANIC_ROCK_VOUCHER_9750,704.0,15.0,,,,,705,15,,,,,704.5,0.0
0,108400,VOLCANIC_ROCK_VOUCHER_9750,,,,,,,703,3,704.0,15.0,,,703.0,0.0
0,108500,VOLCANIC_ROCK_VOUCHER_9750,702.0,20.0,701.0,14.0,,,703,14,,,,,702.5,0.0
0,108600,VOLCANIC_ROCK_VOUCHER_9750,704.0,11.0,,,,,705,11,,,,,704.5,0.0
0,108700,VOLCANIC_ROCK_VOUCHER_9750,,,,,,,702,1,703.0,13.0,,,702.0,0.0
0,108800,VOLCANIC_ROCK_VOUCHER_9750,703.0,17.0,,,,,704,17,,,,,703.5,0.0
0,108900,VOLCANIC_ROCK_VOUCHER_9750,706.0,18.0,,,,,707,18,,,,,706.5,0.0
0,109000,VOLCANIC_ROCK_VOUCHER_9750,703.0,11.0,,,,,704,11,,,,,703.5,0.0
0,109100,VOLCANIC_ROCK_VOUCHER_9750,,,,,,,705,7,706.0,13.0,,,705.0,0.0
0,109200,VOLCANIC_ROCK_VOUCHER_9750,709.0,11.0,,,,,710,11,,,,,709.5,0.0
0,109300,VOLCANIC_ROCK_VOUCHER_9750,,,,,,,708,5,709.0,13.0,,,708.0,0.0
0,109400,VOLCANIC_ROCK_VOUCHER_9750,710.0,19.0,,,,,712,19,,,,,711.0,0.0
0,109500,VOLCANIC_ROCK_VOUCHER_9750,715.0,16.0,,,,,716,16,,,,,715.5,0.0
0,109600,VOLCANIC_ROCK_VOUCHER_9750,713.0,15.0,,,,,715,15,,,,,714.0,0.0
0,109700,VOLCANIC_ROCK_VOUCHER_9750,708.0,12.0,,,,,709,12,,,,,708.5,0.0
0,109800,VOLCANIC_ROCK_VOUCHER_9750,708.0,2.0,707.0,13.0,,,709,15,,,,,708.5,0.0
0,109900,VOLCANIC_ROCK_VOUCHER_9750,702.0,16.0,,,,,704,16,,,,,703.0,0.0
0,110000,VOLCANIC_ROCK_VOUCHER_9750,703.0,17.0,,,,,704,17,,,,,703.5,0.0
0,110100,VOLCANIC_ROCK_VOUCHER_9750,705.0,19.0,,,,,706,19,,,,,705.5,0.0
0,110200,VOLCANIC_ROCK_VOUCHER_9750,707.0,18.0,,,,,708,18,,,,,707.5,0.0
0,110300,VOLCANIC_ROCK_VOUCHER_9750,711.0,16.0,,,,,712,16,,,,,711.5,0.0
0,110400,VOLCANIC_ROCK_VOUCHER_9750,709.0,14.0,,,,,710,14,,,,,709.5,0.0
0,110500,VOLCANIC_ROCK_VOUCHER_9750,710.0,14.0,,,,,711,14,,,,,710.5,0.0
0,110600,VOLCANIC_ROCK_VOUCHER_9750,708.0,17.0,,,,,709,17,,,,,708.5,0.0
0,110700,VOLCANIC_ROCK_VOUCHER_9750,708.0,16.0,,,,,709,16,,,,,708.5,0.0
0,110800,VOLCANIC_ROCK_VOUCHER_9750,704.0,32.0,,,,,705,21,,,,,704.5,0.0
0,110900,VOLCANIC_ROCK_VOUCHER_9750,708.0,4.0,,,,,709,15,,,,,708.5,0.0
0,111000,VOLCANIC_ROCK_VOUCHER_9750,708.0,18.0,,,,,709,18,,,,,708.5,0.0
0,111100,VOLCANIC_ROCK_VOUCHER_9750,706.0,11.0,,,,,707,11,,,,,706.5,0.0
0,111200,VOLCANIC_ROCK_VOUCHER_9750,703.0,16.0,,,,,704,16,,,,,703.5,0.0
0,111300,VOLCANIC_ROCK_VOUCHER_9750,707.0,13.0,,,,,708,13,,,,,707.5,0.0
0,111400,VOLCANIC_ROCK_VOUCHER_9750,712.0,11.0,,,,,713,11,,,,,712.5,0.0
0,111500,VOLCANIC_ROCK_VOUCHER_9750,722.0,12.0,,,,,723,12,,,,,722.5,0.0
0,111600,VOLCANIC_ROCK_VOUCHER_9750,719.0,21.0,,,,,721,21,,,,,720.0,0.0
0,111700,VOLCANIC_ROCK_VOUCHER_9750,718.0,4.0,,,,,719,18,,,,,718.5,0.0
0,111800,VOLCANIC_ROCK_VOUCHER_9750,717.0,14.0,,,,,718,14,,,,,717.5,0.0
0,111900,VOLCANIC_ROCK_VOUCHER_9750,717.0,19.0,,,,,718,19,,,,,717.5,0.0
0,112000,VOLCANIC_ROCK_VOUCHER_9750,711.0,21.0,,,,,712,21,,,,,711.5,0.0
0,112100,VOLCANIC_ROCK_VOUCHER_9750,712.0,18.0,,,,,713,18,,,,,712.5,0.0
0,112200,VOLCANIC_ROCK_VOUCHER_9750,713.0,11.0,,,,,714,11,,,,,713.5,0.0
0,112300,VOLCANIC_ROCK_VOUCHER_9750,717.0,20.0,716.0,20.0,,,718,22,,,,,717.5,0.0
0,112400,VOLCANIC_ROCK_VOUCHER_9750,717.0,10.0,,,,,718,10,,,,,717.5,0.0
0,112500,VOLCANIC_ROCK_VOUCHER_9750,718.0,17.0,,,,,719,17,,,,,718.5,0.0
0,112600,VOLCANIC_ROCK_VOUCHER_9750,719.0,19.0,,,,,720,19,,,,,719.5,0.0
0,112700,VOLCANIC_ROCK_VOUCHER_9750,718.0,11.0,,,,,719,11,,,,,718.5,0.0
0,112800,VOLCANIC_ROCK_VOUCHER_9750,715.0,20.0,,,,,716,20,,,,,715.5,0.0
0,112900,VOLCANIC_ROCK_VOUCHER_9750,715.0,15.0,,,,,716,15,,,,,715.5,0.0
0,113000,VOLCANIC_ROCK_VOUCHER_9750,715.0,21.0,,,,,717,21,,,,,716.0,0.0
0,113100,VOLCANIC_ROCK_VOUCHER_9750,718.0,20.0,,,,,719,20,,,,,718.5,0.0
0,113200,VOLCANIC_ROCK_VOUCHER_9750,720.0,21.0,,,,,722,21,,,,,721.0,0.0
0,113300,VOLCANIC_ROCK_VOUCHER_9750,723.0,20.0,,,,,724,20,,,,,723.5,0.0
0,113400,VOLCANIC_ROCK_VOUCHER_9750,722.0,15.0,,,,,723,15,,,,,722.5,0.0
0,113500,VOLCANIC_ROCK_VOUCHER_9750,720.0,13.0,,,,,721,13,,,,,720.5,0.0
0,113600,VOLCANIC_ROCK_VOUCHER_9750,722.0,17.0,,,,,723,17,,,,,722.5,0.0
0,113700,VOLCANIC_ROCK_VOUCHER_9750,723.0,20.0,,,,,724,20,,,,,723.5,0.0
0,113800,VOLCANIC_ROCK_VOUCHER_9750,724.0,20.0,,,,,725,20,,,,,724.5,0.0
0,113900,VOLCANIC_ROCK_VOUCHER_9750,724.0,11.0,,,,,725,11,,,,,724.5,0.0
0,114000,VOLCANIC_ROCK_VOUCHER_9750,723.0,19.0,,,,,724,19,,,,,723.5,0.0
0,114100,VOLCANIC_ROCK_VOUCHER_9750,729.0,21.0,,,,,730,21,,,,,729.5,0.0
0,114200,VOLCANIC_ROCK_VOUCHER_9750,731.0,13.0,,,,,733,13,,,,,732.0,0.0
0,114300,VOLCANIC_ROCK_VOUCHER_9750,729.0,12.0,,,,,731,12,,,,,730.0,0.0
0,114400,VOLCANIC_ROCK_VOUCHER_9750,729.0,14.0,,,,,730,14,,,,,729.5,0.0
0,114500,VOLCANIC_ROCK_VOUCHER_9750,730.0,17.0,,,,,731,17,,,,,730.5,0.0
0,114600,VOLCANIC_ROCK_VOUCHER_9750,728.0,18.0,,,,,729,18,,,,,728.5,0.0
0,114700,VOLCANIC_ROCK_VOUCHER_9750,727.0,19.0,,,,,728,19,,,,,727.5,0.0
0,114800,VOLCANIC_ROCK_VOUCHER_9750,728.0,14.0,,,,,729,14,,,,,728.5,0.0
0,114900,VOLCANIC_ROCK_VOUCHER_9750,732.0,12.0,,,,,733,12,,,,,732.5,0.0
0,115000,VOLCANIC_ROCK_VOUCHER_9750,729.0,15.0,,,,,730,15,,,,,729.5,0.0
0,115100,VOLCANIC_ROCK_VOUCHER_9750,728.0,15.0,,,,,729,15,,,,,728.5,0.0
0,115200,VOLCANIC_ROCK_VOUCHER_9750,729.0,20.0,,,,,731,20,,,,,730.0,0.0
0,115300,VOLCANIC_ROCK_VOUCHER_9750,726.0,14.0,,,,,727,14,,,,,726.5,0.0
0,115400,VOLCANIC_ROCK_VOUCHER_9750,729.0,16.0,,,,,731,16,,,,,730.0,0.0
0,115500,VOLCANIC_ROCK_VOUCHER_9750,729.0,17.0,,,,,731,17,,,,,730.0,0.0
0,115600,VOLCANIC_ROCK_VOUCHER_9750,734.0,18.0,,,,,735,18,,,,,734.5,0.0
0,115700,VOLCANIC_ROCK_VOUCHER_9750,732.0,19.0,,,,,733,19,,,,,732.5,0.0
0,115800,VOLCANIC_ROCK_VOUCHER_9750,733.0,13.0,,,,,734,13,,,,,733.5,0.0
0,115900,VOLCANIC_ROCK_VOUCHER_9750,737.0,11.0,,,,,738,11,,,,,737.5,0.0
0,116000,VOLCANIC_ROCK_VOUCHER_9750,734.0,20.0,,,,,735,20,,,,,734.5,0.0
0,116100,VOLCANIC_ROCK_VOUCHER_9750,733.0,13.0,,,,,734,13,,,,,733.5,0.0
0,116200,VOLCANIC_ROCK_VOUCHER_9750,732.0,13.0,,,,,734,13,,,,,733.0,0.0
0,116300,VOLCANIC_ROCK_VOUCHER_9750,733.0,14.0,,,,,734,14,,,,,733.5,0.0
0,116400,VOLCANIC_ROCK_VOUCHER_9750,732.0,21.0,,,,,733,21,,,,,732.5,0.0
0,116500,VOLCANIC_ROCK_VOUCHER_9750,730.0,12.0,,,,,731,12,,,,,730.5,0.0
0,116600,VOLCANIC_ROCK_VOUCHER_9750,725.0,34.0,,,,,726,16,,,,,725.5,0.0
0,116700,VOLCANIC_ROCK_VOUCHER_9750,727.0,21.0,,,,,729,21,,,,,728.0,0.0
0,116800,VOLCANIC_ROCK_VOUCHER_9750,728.0,18.0,,,,,729,18,,,,,728.5,0.0
0,116900,VOLCANIC_ROCK_VOUCHER_9750,730.0,17.0,,,,,731,17,,,,,730.5,0.0
0,117000,VOLCANIC_ROCK_VOUCHER_9750,727.0,20.0,,,,,728,20,,,,,727.5,0.0
0,117100,VOLCANIC_ROCK_VOUCHER_9750,729.0,14.0,,,,,730,14,,,,,729.5,0.0
0,117200,VOLCANIC_ROCK_VOUCHER_9750,727.0,13.0,,,,,728,13,,,,,727.5,0.0
0,117300,VOLCANIC_ROCK_VOUCHER_9750,725.0,3.0,,,,,726,13,,,,,725.5,0.0
0,117400,VOLCANIC_ROCK_VOUCHER_9750,720.0,21.0,,,,,721,21,,,,,720.5,0.0
0,117500,VOLCANIC_ROCK_VOUCHER_9750,722.0,20.0,,,,,723,20,,,,,722.5,0.0
0,117600,VOLCANIC_ROCK_VOUCHER_9750,721.0,20.0,,,,,722,20,,,,,721.5,0.0
0,117700,VOLCANIC_ROCK_VOUCHER_9750,712.0,16.0,,,,,713,16,,,,,712.5,0.0
0,117800,VOLCANIC_ROCK_VOUCHER_9750,712.0,12.0,,,,,713,12,,,,,712.5,0.0
0,117900,VOLCANIC_ROCK_VOUCHER_9750,714.0,15.0,,,,,715,15,,,,,714.5,0.0
0,118000,VOLCANIC_ROCK_VOUCHER_9750,715.0,11.0,,,,,716,11,,,,,715.5,0.0
0,118100,VOLCANIC_ROCK_VOUCHER_9750,711.0,11.0,,,,,712,11,,,,,711.5,0.0
0,118200,VOLCANIC_ROCK_VOUCHER_9750,711.0,15.0,,,,,712,15,,,,,711.5,0.0
0,118300,VOLCANIC_ROCK_VOUCHER_9750,715.0,11.0,,,,,716,11,,,,,715.5,0.0
0,118400,VOLCANIC_ROCK_VOUCHER_9750,718.0,21.0,,,,,719,21,,,,,718.5,0.0
0,118500,VOLCANIC_ROCK_VOUCHER_9750,715.0,22.0,,,,,716,12,,,,,715.5,0.0
0,118600,VOLCANIC_ROCK_VOUCHER_9750,718.0,4.0,,,,,719,15,,,,,718.5,0.0
0,118700,VOLCANIC_ROCK_VOUCHER_9750,715.0,15.0,,,,,716,15,,,,,715.5,0.0
0,118800,VOLCANIC_ROCK_VOUCHER_9750,725.0,14.0,,,,,726,14,,,,,725.5,0.0
0,118900,VOLCANIC_ROCK_VOUCHER_9750,722.0,11.0,,,,,723,11,,,,,722.5,0.0
0,119000,VOLCANIC_ROCK_VOUCHER_9750,721.0,14.0,,,,,723,14,,,,,722.0,0.0
0,119100,VOLCANIC_ROCK_VOUCHER_9750,723.0,15.0,,,,,725,15,,,,,724.0,0.0
0,119200,VOLCANIC_ROCK_VOUCHER_9750,727.0,21.0,,,,,728,21,,,,,727.5,0.0
0,119300,VOLCANIC_ROCK_VOUCHER_9750,734.0,20.0,,,,,735,20,,,,,734.5,0.0
0,119400,VOLCANIC_ROCK_VOUCHER_9750,731.0,20.0,,,,,732,20,,,,,731.5,0.0
0,119500,VOLCANIC_ROCK_VOUCHER_9750,729.0,35.0,,,,,730,20,,,,,729.5,0.0
0,119600,VOLCANIC_ROCK_VOUCHER_9750,726.0,17.0,,,,,727,17,,,,,726.5,0.0
0,119700,VOLCANIC_ROCK_VOUCHER_9750,724.0,13.0,,,,,725,13,,,,,724.5,0.0
0,119800,VOLCANIC_ROCK_VOUCHER_9750,724.0,17.0,,,,,725,17,,,,,724.5,0.0
0,119900,VOLCANIC_ROCK_VOUCHER_9750,722.0,22.0,,,,,723,22,,,,,722.5,0.0
0,120000,VOLCANIC_ROCK_VOUCHER_9750,721.0,15.0,,,,,722,15,,,,,721.5,0.0
0,120100,VOLCANIC_ROCK_VOUCHER_9750,714.0,22.0,,,,,715,22,,,,,714.5,0.0
0,120200,VOLCANIC_ROCK_VOUCHER_9750,717.0,18.0,,,,,718,18,,,,,717.5,0.0
0,120300,VOLCANIC_ROCK_VOUCHER_9750,713.0,18.0,,,,,715,18,,,,,714.0,0.0
0,120400,VOLCANIC_ROCK_VOUCHER_9750,718.0,15.0,,,,,720,15,,,,,719.0,0.0
0,120500,VOLCANIC_ROCK_VOUCHER_9750,718.0,17.0,,,,,719,17,,,,,718.5,0.0
0,120600,VOLCANIC_ROCK_VOUCHER_9750,716.0,21.0,,,,,717,21,,,,,716.5,0.0
0,120700,VOLCANIC_ROCK_VOUCHER_9750,713.0,13.0,,,,,714,13,,,,,713.5,0.0
0,120800,VOLCANIC_ROCK_VOUCHER_9750,710.0,13.0,,,,,712,13,,,,,711.0,0.0
0,120900,VOLCANIC_ROCK_VOUCHER_9750,710.0,14.0,,,,,711,14,,,,,710.5,0.0
0,121000,VOLCANIC_ROCK_VOUCHER_9750,710.0,21.0,,,,,711,21,,,,,710.5,0.0
0,121100,VOLCANIC_ROCK_VOUCHER_9750,,,,,,,713,1,714.0,13.0,,,713.0,0.0
0,121200,VOLCANIC_ROCK_VOUCHER_9750,712.0,15.0,,,,,713,15,,,,,712.5,0.0
0,121300,VOLCANIC_ROCK_VOUCHER_9750,712.0,12.0,,,,,713,12,,,,,712.5,0.0
0,121400,VOLCANIC_ROCK_VOUCHER_9750,712.0,16.0,,,,,713,16,,,,,712.5,0.0
0,121500,VOLCANIC_ROCK_VOUCHER_9750,714.0,18.0,,,,,715,18,,,,,714.5,0.0
0,121600,VOLCANIC_ROCK_VOUCHER_9750,711.0,7.0,,,,,712,20,,,,,711.5,0.0
0,121700,VOLCANIC_ROCK_VOUCHER_9750,709.0,1.0,,,,,710,21,,,,,709.5,0.0
0,121800,VOLCANIC_ROCK_VOUCHER_9750,712.0,13.0,,,,,713,13,,,,,712.5,0.0
0,121900,VOLCANIC_ROCK_VOUCHER_9750,714.0,12.0,,,,,715,12,,,,,714.5,0.0
0,122000,VOLCANIC_ROCK_VOUCHER_9750,713.0,17.0,,,,,714,17,,,,,713.5,0.0
0,122100,VOLCANIC_ROCK_VOUCHER_9750,713.0,37.0,,,,,714,19,,,,,713.5,0.0
0,122200,VOLCANIC_ROCK_VOUCHER_9750,718.0,20.0,,,,,719,20,,,,,718.5,0.0
0,122300,VOLCANIC_ROCK_VOUCHER_9750,718.0,17.0,,,,,719,17,,,,,718.5,0.0
0,122400,VOLCANIC_ROCK_VOUCHER_9750,721.0,11.0,,,,,722,11,,,,,721.5,0.0
0,122500,VOLCANIC_ROCK_VOUCHER_9750,724.0,12.0,,,,,725,12,,,,,724.5,0.0
0,122600,VOLCANIC_ROCK_VOUCHER_9750,723.0,13.0,,,,,724,13,,,,,723.5,0.0
0,122700,VOLCANIC_ROCK_VOUCHER_9750,730.0,11.0,,,,,731,11,,,,,730.5,0.0
0,122800,VOLCANIC_ROCK_VOUCHER_9750,726.0,12.0,,,,,727,12,,,,,726.5,0.0
0,122900,VOLCANIC_ROCK_VOUCHER_9750,727.0,19.0,,,,,728,19,,,,,727.5,0.0
0,123000,VOLCANIC_ROCK_VOUCHER_9750,721.0,10.0,,,,,722,10,,,,,721.5,0.0
0,123100,VOLCANIC_ROCK_VOUCHER_9750,718.0,18.0,,,,,719,18,,,,,718.5,0.0
0,123200,VOLCANIC_ROCK_VOUCHER_9750,718.0,16.0,,,,,719,16,,,,,718.5,0.0
0,123300,VOLCANIC_ROCK_VOUCHER_9750,,,,,,,718,6,719.0,14.0,,,718.0,0.0
0,123400,VOLCANIC_ROCK_VOUCHER_9750,722.0,15.0,,,,,723,15,,,,,722.5,0.0
0,123500,VOLCANIC_ROCK_VOUCHER_9750,723.0,21.0,,,,,724,21,,,,,723.5,0.0
0,123600,VOLCANIC_ROCK_VOUCHER_9750,728.0,17.0,,,,,729,17,,,,,728.5,0.0
0,123700,VOLCANIC_ROCK_VOUCHER_9750,726.0,12.0,,,,,728,12,,,,,727.0,0.0
0,123800,VOLCANIC_ROCK_VOUCHER_9750,732.0,19.0,,,,,734,19,,,,,733.0,0.0
0,123900,VOLCANIC_ROCK_VOUCHER_9750,730.0,20.0,,,,,731,20,,,,,730.5,0.0
0,124000,VOLCANIC_ROCK_VOUCHER_9750,728.0,10.0,,,,,729,10,,,,,728.5,0.0
0,124100,VOLCANIC_ROCK_VOUCHER_9750,,,,,,,726,18,727.0,10.0,,,726.0,0.0
0,124200,VOLCANIC_ROCK_VOUCHER_9750,731.0,19.0,,,,,733,19,,,,,732.0,0.0
0,124300,VOLCANIC_ROCK_VOUCHER_9750,731.0,13.0,,,,,732,13,,,,,731.5,0.0
0,124400,VOLCANIC_ROCK_VOUCHER_9750,731.0,16.0,,,,,732,16,,,,,731.5,0.0
0,124500,VOLCANIC_ROCK_VOUCHER_9750,732.0,31.0,,,,,733,14,,,,,732.5,0.0
0,124600,VOLCANIC_ROCK_VOUCHER_9750,730.0,15.0,,,,,731,15,,,,,730.5,0.0
0,124700,VOLCANIC_ROCK_VOUCHER_9750,730.0,13.0,,,,,731,13,,,,,730.5,0.0
0,124800,VOLCANIC_ROCK_VOUCHER_9750,731.0,18.0,,,,,732,18,,,,,731.5,0.0
0,124900,VOLCANIC_ROCK_VOUCHER_9750,730.0,24.0,,,,,731,14,,,,,730.5,0.0
0,125000,VOLCANIC_ROCK_VOUCHER_9750,732.0,13.0,,,,,733,13,,,,,732.5,0.0
0,125100,VOLCANIC_ROCK_VOUCHER_9750,733.0,20.0,,,,,734,20,,,,,733.5,0.0
0,125200,VOLCANIC_ROCK_VOUCHER_9750,733.0,15.0,,,,,734,15,,,,,733.5,0.0
0,125300,VOLCANIC_ROCK_VOUCHER_9750,733.0,17.0,,,,,734,17,,,,,733.5,0.0
0,125400,VOLCANIC_ROCK_VOUCHER_9750,734.0,34.0,,,,,735,21,,,,,734.5,0.0
0,125500,VOLCANIC_ROCK_VOUCHER_9750,732.0,10.0,,,,,733,10,,,,,732.5,0.0
0,125600,VOLCANIC_ROCK_VOUCHER_9750,729.0,26.0,,,,,730,11,,,,,729.5,0.0
0,125700,VOLCANIC_ROCK_VOUCHER_9750,725.0,16.0,,,,,726,16,,,,,725.5,0.0
0,125800,VOLCANIC_ROCK_VOUCHER_9750,724.0,16.0,,,,,725,16,,,,,724.5,0.0
0,125900,VOLCANIC_ROCK_VOUCHER_9750,,,,,,,725,8,727.0,12.0,,,725.0,0.0
0,126000,VOLCANIC_ROCK_VOUCHER_9750,728.0,12.0,727.0,2.0,,,729,15,,,,,728.5,0.0
0,126100,VOLCANIC_ROCK_VOUCHER_9750,,,,,,,728,2,729.0,18.0,,,728.0,0.0
0,126200,VOLCANIC_ROCK_VOUCHER_9750,728.0,18.0,,,,,729,18,,,,,728.5,0.0
0,126300,VOLCANIC_ROCK_VOUCHER_9750,726.0,14.0,,,,,727,14,,,,,726.5,0.0
0,126400,VOLCANIC_ROCK_VOUCHER_9750,728.0,18.0,,,,,729,18,,,,,728.5,0.0
0,126500,VOLCANIC_ROCK_VOUCHER_9750,734.0,12.0,,,,,735,12,,,,,734.5,0.0
0,126600,VOLCANIC_ROCK_VOUCHER_9750,734.0,12.0,,,,,735,12,,,,,734.5,0.0
0,126700,VOLCANIC_ROCK_VOUCHER_9750,733.0,12.0,,,,,734,12,,,,,733.5,0.0
0,126800,VOLCANIC_ROCK_VOUCHER_9750,730.0,11.0,,,,,731,11,,,,,730.5,0.0
0,126900,VOLCANIC_ROCK_VOUCHER_9750,728.0,20.0,,,,,729,20,,,,,728.5,0.0
0,127000,VOLCANIC_ROCK_VOUCHER_9750,723.0,14.0,,,,,724,14,,,,,723.5,0.0
0,127100,VOLCANIC_ROCK_VOUCHER_9750,727.0,15.0,,,,,728,15,,,,,727.5,0.0
0,127200,VOLCANIC_ROCK_VOUCHER_9750,729.0,18.0,,,,,730,18,,,,,729.5,0.0
0,127300,VOLCANIC_ROCK_VOUCHER_9750,730.0,20.0,,,,,731,20,,,,,730.5,0.0
0,127400,VOLCANIC_ROCK_VOUCHER_9750,733.0,13.0,,,,,734,13,,,,,733.5,0.0
0,127500,VOLCANIC_ROCK_VOUCHER_9750,731.0,22.0,,,,,732,22,,,,,731.5,0.0
0,127600,VOLCANIC_ROCK_VOUCHER_9750,724.0,21.0,,,,,725,21,,,,,724.5,0.0
0,127700,VOLCANIC_ROCK_VOUCHER_9750,721.0,22.0,,,,,722,22,,,,,721.5,0.0
0,127800,VOLCANIC_ROCK_VOUCHER_9750,722.0,22.0,,,,,723,22,,,,,722.5,0.0
0,127900,VOLCANIC_ROCK_VOUCHER_9750,721.0,10.0,,,,,722,10,,,,,721.5,0.0
0,128000,VOLCANIC_ROCK_VOUCHER_9750,720.0,10.0,,,,,722,10,,,,,721.0,0.0
0,128100,VOLCANIC_ROCK_VOUCHER_9750,718.0,15.0,,,,,719,15,,,,,718.5,0.0
0,128200,VOLCANIC_ROCK_VOUCHER_9750,722.0,21.0,,,,,723,21,,,,,722.5,0.0
0,128300,VOLCANIC_ROCK_VOUCHER_9750,721.0,32.0,,,,,722,21,,,,,721.5,0.0
0,128400,VOLCANIC_ROCK_VOUCHER_9750,721.0,13.0,,,,,722,13,,,,,721.5,0.0
0,128500,VOLCANIC_ROCK_VOUCHER_9750,723.0,21.0,,,,,724,21,,,,,723.5,0.0
0,128600,VOLCANIC_ROCK_VOUCHER_9750,730.0,15.0,,,,,731,15,,,,,730.5,0.0
0,128700,VOLCANIC_ROCK_VOUCHER_9750,730.0,21.0,,,,,731,21,,,,,730.5,0.0
0,128800,VOLCANIC_ROCK_VOUCHER_9750,727.0,15.0,,,,,728,15,,,,,727.5,0.0
0,128900,VOLCANIC_ROCK_VOUCHER_9750,728.0,11.0,,,,,729,11,,,,,728.5,0.0
0,129000,VOLCANIC_ROCK_VOUCHER_9750,732.0,14.0,,,,,733,14,,,,,732.5,0.0
0,129100,VOLCANIC_ROCK_VOUCHER_9750,733.0,16.0,,,,,734,16,,,,,733.5,0.0
0,129200,VOLCANIC_ROCK_VOUCHER_9750,733.0,20.0,,,,,734,20,,,,,733.5,0.0
0,129300,VOLCANIC_ROCK_VOUCHER_9750,734.0,14.0,,,,,735,14,,,,,734.5,0.0
0,129400,VOLCANIC_ROCK_VOUCHER_9750,727.0,18.0,,,,,728,11,,,,,727.5,0.0
0,129500,VOLCANIC_ROCK_VOUCHER_9750,726.0,16.0,,,,,727,16,,,,,726.5,0.0
0,129600,VOLCANIC_ROCK_VOUCHER_9750,725.0,18.0,,,,,726,18,,,,,725.5,0.0
0,129700,VOLCANIC_ROCK_VOUCHER_9750,727.0,22.0,,,,,728,22,,,,,727.5,0.0
0,129800,VOLCANIC_ROCK_VOUCHER_9750,725.0,14.0,,,,,726,14,,,,,725.5,0.0
0,129900,VOLCANIC_ROCK_VOUCHER_9750,724.0,15.0,,,,,725,15,,,,,724.5,0.0
0,130000,VOLCANIC_ROCK_VOUCHER_9750,722.0,15.0,,,,,723,15,,,,,722.5,0.0
0,130100,VOLCANIC_ROCK_VOUCHER_9750,720.0,17.0,,,,,722,17,,,,,721.0,0.0
0,130200,VOLCANIC_ROCK_VOUCHER_9750,714.0,19.0,,,,,715,19,,,,,714.5,0.0
0,130300,VOLCANIC_ROCK_VOUCHER_9750,709.0,14.0,,,,,710,14,,,,,709.5,0.0
0,130400,VOLCANIC_ROCK_VOUCHER_9750,710.0,18.0,,,,,711,18,,,,,710.5,0.0
0,130500,VOLCANIC_ROCK_VOUCHER_9750,713.0,17.0,,,,,714,17,,,,,713.5,0.0
0,130600,VOLCANIC_ROCK_VOUCHER_9750,714.0,16.0,,,,,715,16,,,,,714.5,0.0
0,130700,VOLCANIC_ROCK_VOUCHER_9750,711.0,19.0,,,,,712,19,,,,,711.5,0.0
0,130800,VOLCANIC_ROCK_VOUCHER_9750,714.0,19.0,,,,,715,19,,,,,714.5,0.0
0,130900,VOLCANIC_ROCK_VOUCHER_9750,714.0,12.0,,,,,715,12,,,,,714.5,0.0
0,131000,VOLCANIC_ROCK_VOUCHER_9750,717.0,16.0,,,,,718,16,,,,,717.5,0.0
0,131100,VOLCANIC_ROCK_VOUCHER_9750,717.0,14.0,,,,,718,14,,,,,717.5,0.0
0,131200,VOLCANIC_ROCK_VOUCHER_9750,718.0,15.0,,,,,719,15,,,,,718.5,0.0
0,131300,VOLCANIC_ROCK_VOUCHER_9750,,,,,,,717,7,718.0,10.0,,,717.0,0.0
0,131400,VOLCANIC_ROCK_VOUCHER_9750,719.0,20.0,,,,,720,20,,,,,719.5,0.0
0,131500,VOLCANIC_ROCK_VOUCHER_9750,716.0,18.0,,,,,717,18,,,,,716.5,0.0
0,131600,VOLCANIC_ROCK_VOUCHER_9750,720.0,11.0,,,,,721,11,,,,,720.5,0.0
0,131700,VOLCANIC_ROCK_VOUCHER_9750,725.0,12.0,,,,,726,12,,,,,725.5,0.0
0,131800,VOLCANIC_ROCK_VOUCHER_9750,726.0,14.0,,,,,727,14,,,,,726.5,0.0
0,131900,VOLCANIC_ROCK_VOUCHER_9750,726.0,21.0,,,,,727,21,,,,,726.5,0.0
0,132000,VOLCANIC_ROCK_VOUCHER_9750,727.0,13.0,,,,,729,13,,,,,728.0,0.0
0,132100,VOLCANIC_ROCK_VOUCHER_9750,730.0,18.0,,,,,731,18,,,,,730.5,0.0
0,132200,VOLCANIC_ROCK_VOUCHER_9750,730.0,17.0,,,,,731,17,,,,,730.5,0.0
0,132300,VOLCANIC_ROCK_VOUCHER_9750,727.0,17.0,,,,,729,17,,,,,728.0,0.0
0,132400,VOLCANIC_ROCK_VOUCHER_9750,724.0,20.0,,,,,725,20,,,,,724.5,0.0
0,132500,VOLCANIC_ROCK_VOUCHER_9750,724.0,14.0,,,,,725,14,,,,,724.5,0.0
0,132600,VOLCANIC_ROCK_VOUCHER_9750,722.0,14.0,,,,,723,14,,,,,722.5,0.0
0,132700,VOLCANIC_ROCK_VOUCHER_9750,722.0,21.0,,,,,723,21,,,,,722.5,0.0
0,132800,VOLCANIC_ROCK_VOUCHER_9750,721.0,18.0,,,,,722,18,,,,,721.5,0.0
0,132900,VOLCANIC_ROCK_VOUCHER_9750,723.0,14.0,,,,,724,14,,,,,723.5,0.0
0,133000,VOLCANIC_ROCK_VOUCHER_9750,729.0,13.0,,,,,730,13,,,,,729.5,0.0
0,133100,VOLCANIC_ROCK_VOUCHER_9750,726.0,8.0,,,,,727,20,,,,,726.5,0.0
0,133200,VOLCANIC_ROCK_VOUCHER_9750,723.0,15.0,,,,,724,15,,,,,723.5,0.0
0,133300,VOLCANIC_ROCK_VOUCHER_9750,723.0,14.0,,,,,724,14,,,,,723.5,0.0
0,133400,VOLCANIC_ROCK_VOUCHER_9750,726.0,15.0,,,,,727,15,,,,,726.5,0.0
0,133500,VOLCANIC_ROCK_VOUCHER_9750,723.0,12.0,,,,,725,12,,,,,724.0,0.0
0,133600,VOLCANIC_ROCK_VOUCHER_9750,726.0,15.0,,,,,727,15,,,,,726.5,0.0
0,133700,VOLCANIC_ROCK_VOUCHER_9750,723.0,12.0,,,,,724,12,,,,,723.5,0.0
0,133800,VOLCANIC_ROCK_VOUCHER_9750,726.0,12.0,,,,,727,12,,,,,726.5,0.0
0,133900,VOLCANIC_ROCK_VOUCHER_9750,728.0,31.0,,,,,729,17,,,,,728.5,0.0
0,134000,VOLCANIC_ROCK_VOUCHER_9750,730.0,21.0,,,,,731,21,,,,,730.5,0.0
0,134100,VOLCANIC_ROCK_VOUCHER_9750,730.0,13.0,,,,,731,13,,,,,730.5,0.0
0,134200,VOLCANIC_ROCK_VOUCHER_9750,731.0,17.0,,,,,732,17,,,,,731.5,0.0
0,134300,VOLCANIC_ROCK_VOUCHER_9750,729.0,15.0,,,,,730,15,,,,,729.5,0.0
0,134400,VOLCANIC_ROCK_VOUCHER_9750,728.0,16.0,,,,,729,16,,,,,728.5,0.0
0,134500,VOLCANIC_ROCK_VOUCHER_9750,727.0,11.0,,,,,728,11,,,,,727.5,0.0
0,134600,VOLCANIC_ROCK_VOUCHER_9750,726.0,13.0,,,,,727,13,,,,,726.5,0.0
0,134700,VOLCANIC_ROCK_VOUCHER_9750,727.0,11.0,,,,,728,11,,,,,727.5,0.0
0,134800,VOLCANIC_ROCK_VOUCHER_9750,724.0,22.0,,,,,725,22,,,,,724.5,0.0
0,134900,VOLCANIC_ROCK_VOUCHER_9750,721.0,21.0,,,,,723,21,,,,,722.0,0.0
0,135000,VOLCANIC_ROCK_VOUCHER_9750,721.0,12.0,,,,,722,12,,,,,721.5,0.0
0,135100,VOLCANIC_ROCK_VOUCHER_9750,721.0,16.0,,,,,722,16,,,,,721.5,0.0
0,135200,VOLCANIC_ROCK_VOUCHER_9750,724.0,18.0,,,,,725,18,,,,,724.5,0.0
0,135300,VOLCANIC_ROCK_VOUCHER_9750,723.0,19.0,,,,,724,19,,,,,723.5,0.0
0,135400,VOLCANIC_ROCK_VOUCHER_9750,723.0,12.0,,,,,724,12,,,,,723.5,0.0
0,135500,VOLCANIC_ROCK_VOUCHER_9750,722.0,15.0,,,,,723,15,,,,,722.5,0.0
0,135600,VOLCANIC_ROCK_VOUCHER_9750,721.0,14.0,,,,,722,14,,,,,721.5,0.0
0,135700,VOLCANIC_ROCK_VOUCHER_9750,712.0,15.0,,,,,713,15,,,,,712.5,0.0
0,135800,VOLCANIC_ROCK_VOUCHER_9750,703.0,18.0,,,,,704,18,,,,,703.5,0.0
0,135900,VOLCANIC_ROCK_VOUCHER_9750,701.0,17.0,,,,,702,17,,,,,701.5,0.0
0,136000,VOLCANIC_ROCK_VOUCHER_9750,693.0,14.0,,,,,694,14,,,,,693.5,0.0
0,136100,VOLCANIC_ROCK_VOUCHER_9750,689.0,16.0,,,,,690,16,,,,,689.5,0.0
0,136200,VOLCANIC_ROCK_VOUCHER_9750,694.0,10.0,,,,,695,10,,,,,694.5,0.0
0,136300,VOLCANIC_ROCK_VOUCHER_9750,696.0,11.0,,,,,697,11,,,,,696.5,0.0
0,136400,VOLCANIC_ROCK_VOUCHER_9750,698.0,18.0,,,,,699,18,,,,,698.5,0.0
0,136500,VOLCANIC_ROCK_VOUCHER_9750,702.0,19.0,,,,,703,19,,,,,702.5,0.0
0,136600,VOLCANIC_ROCK_VOUCHER_9750,704.0,11.0,,,,,705,11,,,,,704.5,0.0
0,136700,VOLCANIC_ROCK_VOUCHER_9750,707.0,12.0,,,,,708,12,,,,,707.5,0.0
0,136800,VOLCANIC_ROCK_VOUCHER_9750,712.0,10.0,,,,,713,10,,,,,712.5,0.0
0,136900,VOLCANIC_ROCK_VOUCHER_9750,707.0,20.0,,,,,708,20,,,,,707.5,0.0
0,137000,VOLCANIC_ROCK_VOUCHER_9750,707.0,15.0,,,,,708,15,,,,,707.5,0.0
0,137100,VOLCANIC_ROCK_VOUCHER_9750,709.0,4.0,,,,,710,15,,,,,709.5,0.0
0,137200,VOLCANIC_ROCK_VOUCHER_9750,710.0,20.0,,,,,711,20,,,,,710.5,0.0
0,137300,VOLCANIC_ROCK_VOUCHER_9750,706.0,14.0,,,,,707,14,,,,,706.5,0.0
0,137400,VOLCANIC_ROCK_VOUCHER_9750,704.0,11.0,,,,,705,11,,,,,704.5,0.0
0,137500,VOLCANIC_ROCK_VOUCHER_9750,705.0,19.0,,,,,707,19,,,,,706.0,0.0
0,137600,VOLCANIC_ROCK_VOUCHER_9750,705.0,11.0,,,,,706,11,,,,,705.5,0.0
0,137700,VOLCANIC_ROCK_VOUCHER_9750,707.0,21.0,,,,,708,21,,,,,707.5,0.0
0,137800,VOLCANIC_ROCK_VOUCHER_9750,696.0,22.0,,,,,698,22,,,,,697.0,0.0
0,137900,VOLCANIC_ROCK_VOUCHER_9750,693.0,15.0,,,,,694,15,,,,,693.5,0.0
0,138000,VOLCANIC_ROCK_VOUCHER_9750,686.0,18.0,,,,,688,18,,,,,687.0,0.0
0,138100,VOLCANIC_ROCK_VOUCHER_9750,676.0,21.0,,,,,677,21,,,,,676.5,0.0
0,138200,VOLCANIC_ROCK_VOUCHER_9750,676.0,14.0,,,,,677,14,,,,,676.5,0.0
0,138300,VOLCANIC_ROCK_VOUCHER_9750,674.0,11.0,,,,,675,11,,,,,674.5,0.0
0,138400,VOLCANIC_ROCK_VOUCHER_9750,665.0,22.0,,,,,666,22,,,,,665.5,0.0
0,138500,VOLCANIC_ROCK_VOUCHER_9750,668.0,13.0,,,,,669,13,,,,,668.5,0.0
0,138600,VOLCANIC_ROCK_VOUCHER_9750,671.0,21.0,,,,,672,21,,,,,671.5,0.0
0,138700,VOLCANIC_ROCK_VOUCHER_9750,672.0,20.0,,,,,673,20,,,,,672.5,0.0
0,138800,VOLCANIC_ROCK_VOUCHER_9750,673.0,19.0,,,,,674,19,,,,,673.5,0.0
0,138900,VOLCANIC_ROCK_VOUCHER_9750,678.0,19.0,,,,,679,19,,,,,678.5,0.0
0,139000,VOLCANIC_ROCK_VOUCHER_9750,680.0,20.0,,,,,681,20,,,,,680.5,0.0
0,139100,VOLCANIC_ROCK_VOUCHER_9750,676.0,11.0,,,,,677,11,,,,,676.5,0.0
0,139200,VOLCANIC_ROCK_VOUCHER_9750,679.0,11.0,,,,,680,11,,,,,679.5,0.0
0,139300,VOLCANIC_ROCK_VOUCHER_9750,680.0,16.0,,,,,681,16,,,,,680.5,0.0
0,139400,VOLCANIC_ROCK_VOUCHER_9750,679.0,12.0,,,,,680,12,,,,,679.5,0.0
0,139500,VOLCANIC_ROCK_VOUCHER_9750,677.0,12.0,,,,,678,12,,,,,677.5,0.0
0,139600,VOLCANIC_ROCK_VOUCHER_9750,676.0,19.0,,,,,677,19,,,,,676.5,0.0
0,139700,VOLCANIC_ROCK_VOUCHER_9750,,,,,,,668,2,669.0,19.0,,,668.0,0.0
0,139800,VOLCANIC_ROCK_VOUCHER_9750,676.0,12.0,,,,,677,12,,,,,676.5,0.0
0,139900,VOLCANIC_ROCK_VOUCHER_9750,666.0,13.0,,,,,667,13,,,,,666.5,0.0
