day,timestamp,product,bid_price_1,bid_volume_1,bid_price_2,bid_volume_2,bid_price_3,bid_volume_3,ask_price_1,ask_volume_1,ask_price_2,ask_volume_2,ask_price_3,ask_volume_3,mid_price,profit_and_loss
2,0,VOLCANIC_ROCK,10218.0,150.0,10217.0,64.0,,,10219,150,10220.0,64.0,,,10218.5,0.0
2,100,VOLCANIC_ROCK,10217.0,106.0,10216.0,44.0,,,10218,106,10219.0,44.0,,,10217.5,0.0
2,200,VOLCANIC_ROCK,10221.0,136.0,10220.0,55.0,,,10223,191,,,,,10222.0,0.0
2,300,VOLCANIC_ROCK,10222.0,168.0,,,,,10224,107,10225.0,61.0,,,10223.0,0.0
2,400,VOLCANIC_ROCK,10216.0,181.0,,,,,10218,127,10219.0,54.0,,,10217.0,0.0
2,500,VOLCANIC_ROCK,10216.0,120.0,10215.0,76.0,,,10217,120,10218.0,76.0,,,10216.5,0.0
2,600,VOLCANIC_ROCK,10214.0,199.0,,,,,10216,142,10217.0,57.0,,,10215.0,0.0
2,700,VOLCANIC_ROCK,10219.0,116.0,10218.0,45.0,,,10220,116,10221.0,45.0,,,10219.5,0.0
2,800,VOLCANIC_ROCK,10220.0,191.0,,,,,10222,121,10223.0,70.0,,,10221.0,0.0
2,900,VOLCANIC_ROCK,10217.0,130.0,10216.0,45.0,,,10218,130,10219.0,45.0,,,10217.5,0.0
2,1000,VOLCANIC_ROCK,10216.0,138.0,10215.0,63.0,,,10218,201,,,,,10217.0,0.0
2,1100,VOLCANIC_ROCK,10216.0,112.0,10215.0,50.0,,,10218,162,,,,,10217.0,0.0
2,1200,VOLCANIC_ROCK,10216.0,115.0,10215.0,71.0,,,10217,115,10218.0,71.0,,,10216.5,0.0
2,1300,VOLCANIC_ROCK,10216.0,186.0,,,,,10218,119,10219.0,67.0,,,10217.0,0.0
2,1400,VOLCANIC_ROCK,10217.0,182.0,,,,,10219,139,10220.0,43.0,,,10218.0,0.0
2,1500,VOLCANIC_ROCK,10217.0,111.0,10216.0,73.0,,,10219,184,,,,,10218.0,0.0
2,1600,VOLCANIC_ROCK,10219.0,105.0,10218.0,66.0,,,10220,105,10221.0,66.0,,,10219.5,0.0
2,1700,VOLCANIC_ROCK,10216.0,163.0,,,,,10218,121,10219.0,42.0,,,10217.0,0.0
2,1800,VOLCANIC_ROCK,10219.0,101.0,10218.0,62.0,,,10220,101,10221.0,62.0,,,10219.5,0.0
2,1900,VOLCANIC_ROCK,10224.0,154.0,10223.0,72.0,,,10225,146,10226.0,72.0,,,10224.5,0.0
2,2000,VOLCANIC_ROCK,10222.0,177.0,,,,,10224,135,10225.0,42.0,,,10223.0,0.0
2,2100,VOLCANIC_ROCK,10223.0,153.0,,,,,10225,102,10226.0,51.0,,,10224.0,0.0
2,2200,VOLCANIC_ROCK,10224.0,107.0,10223.0,46.0,,,10225,107,10226.0,46.0,,,10224.5,0.0
2,2300,VOLCANIC_ROCK,10223.0,121.0,10222.0,43.0,,,10225,164,,,,,10224.0,0.0
2,2400,VOLCANIC_ROCK,10219.0,133.0,10218.0,45.0,,,10220,133,10221.0,45.0,,,10219.5,0.0
2,2500,VOLCANIC_ROCK,10221.0,124.0,10220.0,75.0,,,10222,124,10223.0,75.0,,,10221.5,0.0
2,2600,VOLCANIC_ROCK,10220.0,130.0,10219.0,41.0,,,10222,171,,,,,10221.0,0.0
2,2700,VOLCANIC_ROCK,10220.0,108.0,10219.0,71.0,,,10221,108,10222.0,71.0,,,10220.5,0.0
2,2800,VOLCANIC_ROCK,10220.0,215.0,,,,,10222,147,10223.0,68.0,,,10221.0,0.0
2,2900,VOLCANIC_ROCK,10222.0,190.0,,,,,10224,129,10225.0,61.0,,,10223.0,0.0
2,3000,VOLCANIC_ROCK,10227.0,147.0,10226.0,68.0,,,10229,215,,,,,10228.0,0.0
2,3100,VOLCANIC_ROCK,10226.0,127.0,10225.0,60.0,,,10227,127,10228.0,60.0,,,10226.5,0.0
2,3200,VOLCANIC_ROCK,10222.0,146.0,10221.0,60.0,,,10224,206,,,,,10223.0,0.0
2,3300,VOLCANIC_ROCK,10223.0,137.0,10222.0,80.0,,,10225,217,,,,,10224.0,0.0
2,3400,VOLCANIC_ROCK,10219.0,130.0,10218.0,70.0,,,10221,200,,,,,10220.0,0.0
2,3500,VOLCANIC_ROCK,10221.0,103.0,10220.0,40.0,,,10223,143,,,,,10222.0,0.0
2,3600,VOLCANIC_ROCK,10221.0,150.0,10220.0,77.0,,,10222,150,10223.0,77.0,,,10221.5,0.0
2,3700,VOLCANIC_ROCK,10221.0,139.0,10220.0,68.0,,,10222,139,10223.0,68.0,,,10221.5,0.0
2,3800,VOLCANIC_ROCK,10217.0,106.0,10216.0,55.0,,,10218,106,10219.0,55.0,,,10217.5,0.0
2,3900,VOLCANIC_ROCK,10217.0,147.0,10216.0,50.0,,,10218,147,10219.0,50.0,,,10217.5,0.0
2,4000,VOLCANIC_ROCK,10217.0,123.0,10216.0,42.0,,,10219,165,,,,,10218.0,0.0
2,4100,VOLCANIC_ROCK,10217.0,103.0,10216.0,78.0,,,10218,103,10219.0,78.0,,,10217.5,0.0
2,4200,VOLCANIC_ROCK,10214.0,136.0,10213.0,44.0,,,10215,136,10216.0,44.0,,,10214.5,0.0
2,4300,VOLCANIC_ROCK,10213.0,175.0,,,,,10215,129,10216.0,46.0,,,10214.0,0.0
2,4400,VOLCANIC_ROCK,10216.0,114.0,10215.0,80.0,,,10217,114,10218.0,80.0,,,10216.5,0.0
2,4500,VOLCANIC_ROCK,10215.0,103.0,10214.0,43.0,,,10216,103,10217.0,43.0,,,10215.5,0.0
2,4600,VOLCANIC_ROCK,10214.0,125.0,10213.0,59.0,,,10216,184,,,,,10215.0,0.0
2,4700,VOLCANIC_ROCK,10213.0,133.0,10212.0,70.0,,,10215,133,10216.0,70.0,,,10214.0,0.0
2,4800,VOLCANIC_ROCK,10215.0,111.0,10214.0,78.0,,,10217,189,,,,,10216.0,0.0
2,4900,VOLCANIC_ROCK,10215.0,137.0,10214.0,43.0,,,10217,180,,,,,10216.0,0.0
2,5000,VOLCANIC_ROCK,10215.0,146.0,10214.0,42.0,,,10217,188,,,,,10216.0,0.0
2,5100,VOLCANIC_ROCK,10214.0,193.0,,,,,10216,120,10217.0,73.0,,,10215.0,0.0
2,5200,VOLCANIC_ROCK,10217.0,112.0,10216.0,42.0,,,10218,112,10219.0,42.0,,,10217.5,0.0
2,5300,VOLCANIC_ROCK,10217.0,137.0,10216.0,46.0,,,10219,183,,,,,10218.0,0.0
2,5400,VOLCANIC_ROCK,10220.0,102.0,10219.0,45.0,,,10221,109,10222.0,45.0,,,10220.5,0.0
2,5500,VOLCANIC_ROCK,10221.0,108.0,10220.0,80.0,,,10222,108,10223.0,80.0,,,10221.5,0.0
2,5600,VOLCANIC_ROCK,10221.0,100.0,10220.0,70.0,,,10223,170,,,,,10222.0,0.0
2,5700,VOLCANIC_ROCK,10221.0,108.0,10220.0,64.0,,,10222,108,10223.0,64.0,,,10221.5,0.0
2,5800,VOLCANIC_ROCK,10220.0,150.0,,,,,10222,103,10223.0,47.0,,,10221.0,0.0
2,5900,VOLCANIC_ROCK,10222.0,188.0,,,,,10224,116,10225.0,72.0,,,10223.0,0.0
2,6000,VOLCANIC_ROCK,10224.0,106.0,10223.0,55.0,,,10225,106,10226.0,55.0,,,10224.5,0.0
2,6100,VOLCANIC_ROCK,10223.0,102.0,10222.0,59.0,,,10225,171,,,,,10224.0,0.0
2,6200,VOLCANIC_ROCK,10225.0,146.0,10224.0,76.0,,,10226,146,10227.0,76.0,,,10225.5,0.0
2,6300,VOLCANIC_ROCK,10227.0,133.0,10226.0,52.0,,,10229,185,,,,,10228.0,0.0
2,6400,VOLCANIC_ROCK,10225.0,190.0,,,,,10227,112,10228.0,78.0,,,10226.0,0.0
2,6500,VOLCANIC_ROCK,10227.0,171.0,,,,,10229,130,10230.0,41.0,,,10228.0,0.0
2,6600,VOLCANIC_ROCK,10227.0,209.0,,,,,10229,141,10230.0,68.0,,,10228.0,0.0
2,6700,VOLCANIC_ROCK,10225.0,186.0,,,,,10227,109,10228.0,77.0,,,10226.0,0.0
2,6800,VOLCANIC_ROCK,10225.0,142.0,10224.0,51.0,,,10226,142,10227.0,51.0,,,10225.5,0.0
2,6900,VOLCANIC_ROCK,10224.0,105.0,10223.0,43.0,,,10225,105,10226.0,43.0,,,10224.5,0.0
2,7000,VOLCANIC_ROCK,10224.0,120.0,10223.0,76.0,,,10225,120,10226.0,76.0,,,10224.5,0.0
2,7100,VOLCANIC_ROCK,10225.0,189.0,,,,,10227,124,10228.0,65.0,,,10226.0,0.0
2,7200,VOLCANIC_ROCK,10228.0,128.0,10227.0,70.0,,,10229,128,10230.0,70.0,,,10228.5,0.0
2,7300,VOLCANIC_ROCK,10229.0,111.0,10228.0,71.0,,,10230,111,10231.0,71.0,,,10229.5,0.0
2,7400,VOLCANIC_ROCK,10227.0,114.0,10226.0,71.0,,,10228,114,10229.0,71.0,,,10227.5,0.0
2,7500,VOLCANIC_ROCK,10229.0,113.0,10228.0,56.0,,,10230,113,10231.0,56.0,,,10229.5,0.0
2,7600,VOLCANIC_ROCK,10226.0,208.0,,,,,10228,149,10229.0,59.0,,,10227.0,0.0
2,7700,VOLCANIC_ROCK,10228.0,134.0,10227.0,44.0,,,10229,134,10230.0,44.0,,,10228.5,0.0
2,7800,VOLCANIC_ROCK,10228.0,106.0,10227.0,70.0,,,10229,106,10230.0,70.0,,,10228.5,0.0
2,7900,VOLCANIC_ROCK,10231.0,110.0,10230.0,56.0,,,10232,110,10233.0,56.0,,,10231.5,0.0
2,8000,VOLCANIC_ROCK,10230.0,126.0,10229.0,49.0,,,10231,126,10232.0,49.0,,,10230.5,0.0
2,8100,VOLCANIC_ROCK,10231.0,116.0,10230.0,76.0,,,10232,116,10233.0,76.0,,,10231.5,0.0
2,8200,VOLCANIC_ROCK,10231.0,109.0,10230.0,40.0,,,10233,149,,,,,10232.0,0.0
2,8300,VOLCANIC_ROCK,10230.0,138.0,10229.0,62.0,,,10231,131,10232.0,62.0,,,10230.5,0.0
2,8400,VOLCANIC_ROCK,10229.0,143.0,10228.0,58.0,,,10231,201,,,,,10230.0,0.0
2,8500,VOLCANIC_ROCK,10231.0,146.0,10230.0,63.0,,,10232,146,10233.0,63.0,,,10231.5,0.0
2,8600,VOLCANIC_ROCK,10229.0,101.0,10228.0,68.0,,,10230,101,10231.0,68.0,,,10229.5,0.0
2,8700,VOLCANIC_ROCK,10228.0,124.0,10227.0,57.0,,,10229,124,10230.0,57.0,,,10228.5,0.0
2,8800,VOLCANIC_ROCK,10227.0,157.0,,,,,10229,117,10230.0,40.0,,,10228.0,0.0
2,8900,VOLCANIC_ROCK,10227.0,213.0,,,,,10229,140,10230.0,73.0,,,10228.0,0.0
2,9000,VOLCANIC_ROCK,10228.0,101.0,10227.0,57.0,,,10229,101,10230.0,57.0,,,10228.5,0.0
2,9100,VOLCANIC_ROCK,10228.0,143.0,10227.0,78.0,,,10229,143,10230.0,78.0,,,10228.5,0.0
2,9200,VOLCANIC_ROCK,10226.0,140.0,10225.0,61.0,,,10227,139,10228.0,61.0,,,10226.5,0.0
2,9300,VOLCANIC_ROCK,10225.0,140.0,10224.0,52.0,,,10226,135,10227.0,52.0,,,10225.5,0.0
2,9400,VOLCANIC_ROCK,10222.0,144.0,10221.0,48.0,,,10223,144,10224.0,48.0,,,10222.5,0.0
2,9500,VOLCANIC_ROCK,10223.0,199.0,,,,,10225,123,10226.0,76.0,,,10224.0,0.0
2,9600,VOLCANIC_ROCK,10221.0,121.0,10220.0,52.0,,,10223,173,,,,,10222.0,0.0
2,9700,VOLCANIC_ROCK,10225.0,150.0,10224.0,55.0,,,10226,150,10227.0,55.0,,,10225.5,0.0
2,9800,VOLCANIC_ROCK,10222.0,101.0,10221.0,65.0,,,10223,101,10224.0,65.0,,,10222.5,0.0
2,9900,VOLCANIC_ROCK,10224.0,143.0,10223.0,52.0,,,10225,143,10226.0,52.0,,,10224.5,0.0
2,10000,VOLCANIC_ROCK,10223.0,196.0,,,,,10225,135,10226.0,61.0,,,10224.0,0.0
2,10100,VOLCANIC_ROCK,10223.0,126.0,10222.0,77.0,,,10224,126,10225.0,77.0,,,10223.5,0.0
2,10200,VOLCANIC_ROCK,10222.0,145.0,,,,,10224,105,10225.0,40.0,,,10223.0,0.0
2,10300,VOLCANIC_ROCK,10218.0,104.0,10217.0,79.0,,,10219,104,10220.0,79.0,,,10218.5,0.0
2,10400,VOLCANIC_ROCK,10219.0,159.0,10218.0,63.0,,,10220,149,10221.0,63.0,,,10219.5,0.0
2,10500,VOLCANIC_ROCK,10213.0,105.0,10212.0,58.0,,,10215,163,,,,,10214.0,0.0
2,10600,VOLCANIC_ROCK,10213.0,115.0,10212.0,43.0,,,10215,158,,,,,10214.0,0.0
2,10700,VOLCANIC_ROCK,10214.0,112.0,10213.0,78.0,,,10216,190,,,,,10215.0,0.0
2,10800,VOLCANIC_ROCK,10213.0,105.0,10212.0,64.0,,,10215,169,,,,,10214.0,0.0
2,10900,VOLCANIC_ROCK,10213.0,188.0,,,,,10215,148,10216.0,40.0,,,10214.0,0.0
2,11000,VOLCANIC_ROCK,10213.0,169.0,,,,,10215,125,10216.0,44.0,,,10214.0,0.0
2,11100,VOLCANIC_ROCK,10214.0,153.0,10213.0,45.0,,,10215,143,10216.0,45.0,,,10214.5,0.0
2,11200,VOLCANIC_ROCK,10214.0,92.0,10213.0,69.0,,,10216,100,10217.0,69.0,,,10215.0,0.0
2,11300,VOLCANIC_ROCK,10211.0,156.0,,,,,10213,113,10214.0,43.0,,,10212.0,0.0
2,11400,VOLCANIC_ROCK,10211.0,126.0,10210.0,46.0,,,10212,126,10213.0,46.0,,,10211.5,0.0
2,11500,VOLCANIC_ROCK,10209.0,161.0,,,,,10211,108,10212.0,53.0,,,10210.0,0.0
2,11600,VOLCANIC_ROCK,10208.0,107.0,10207.0,51.0,,,10209,107,10210.0,51.0,,,10208.5,0.0
2,11700,VOLCANIC_ROCK,10207.0,126.0,10206.0,73.0,,,10208,133,10209.0,73.0,,,10207.5,0.0
2,11800,VOLCANIC_ROCK,10207.0,180.0,,,,,10209,114,10210.0,66.0,,,10208.0,0.0
2,11900,VOLCANIC_ROCK,10210.0,147.0,10209.0,46.0,,,10211,147,10212.0,46.0,,,10210.5,0.0
2,12000,VOLCANIC_ROCK,10210.0,123.0,10209.0,60.0,,,10212,123,10213.0,60.0,,,10211.0,0.0
2,12100,VOLCANIC_ROCK,10205.0,115.0,10204.0,51.0,,,10206,115,10207.0,51.0,,,10205.5,0.0
2,12200,VOLCANIC_ROCK,10205.0,140.0,10204.0,66.0,,,10207,206,,,,,10206.0,0.0
2,12300,VOLCANIC_ROCK,10201.0,187.0,,,,,10203,146,10204.0,41.0,,,10202.0,0.0
2,12400,VOLCANIC_ROCK,10200.0,117.0,10199.0,49.0,,,10201,117,10202.0,49.0,,,10200.5,0.0
2,12500,VOLCANIC_ROCK,10198.0,183.0,,,,,10200,131,10201.0,52.0,,,10199.0,0.0
2,12600,VOLCANIC_ROCK,10199.0,112.0,10198.0,67.0,,,10200,102,10201.0,67.0,,,10199.5,0.0
2,12700,VOLCANIC_ROCK,10201.0,109.0,10200.0,66.0,,,10202,109,10203.0,66.0,,,10201.5,0.0
2,12800,VOLCANIC_ROCK,10202.0,199.0,,,,,10204,139,10205.0,60.0,,,10203.0,0.0
2,12900,VOLCANIC_ROCK,10203.0,109.0,10202.0,44.0,,,10204,109,10205.0,44.0,,,10203.5,0.0
2,13000,VOLCANIC_ROCK,10202.0,143.0,10201.0,72.0,,,10204,215,,,,,10203.0,0.0
2,13100,VOLCANIC_ROCK,10203.0,149.0,,,,,10205,108,10206.0,41.0,,,10204.0,0.0
2,13200,VOLCANIC_ROCK,10200.0,108.0,10199.0,51.0,,,10201,108,10202.0,51.0,,,10200.5,0.0
2,13300,VOLCANIC_ROCK,10199.0,137.0,10198.0,62.0,,,10201,199,,,,,10200.0,0.0
2,13400,VOLCANIC_ROCK,10199.0,135.0,10198.0,70.0,,,10200,135,10201.0,70.0,,,10199.5,0.0
2,13500,VOLCANIC_ROCK,10198.0,130.0,10197.0,77.0,,,10199,130,10200.0,77.0,,,10198.5,0.0
2,13600,VOLCANIC_ROCK,10201.0,123.0,10200.0,53.0,,,10202,123,10203.0,53.0,,,10201.5,0.0
2,13700,VOLCANIC_ROCK,10199.0,141.0,10198.0,72.0,,,10201,205,,,,,10200.0,0.0
2,13800,VOLCANIC_ROCK,10199.0,139.0,10198.0,75.0,,,10200,139,10201.0,75.0,,,10199.5,0.0
2,13900,VOLCANIC_ROCK,10200.0,123.0,10199.0,58.0,,,10201,123,10202.0,58.0,,,10200.5,0.0
2,14000,VOLCANIC_ROCK,10197.0,147.0,10196.0,52.0,,,10199,199,,,,,10198.0,0.0
2,14100,VOLCANIC_ROCK,10193.0,158.0,,,,,10195,101,10196.0,57.0,,,10194.0,0.0
2,14200,VOLCANIC_ROCK,10193.0,125.0,10192.0,42.0,,,10194,125,10195.0,42.0,,,10193.5,0.0
2,14300,VOLCANIC_ROCK,10191.0,191.0,,,,,10193,138,10194.0,53.0,,,10192.0,0.0
2,14400,VOLCANIC_ROCK,10190.0,131.0,10189.0,44.0,,,10191,131,10192.0,44.0,,,10190.5,0.0
2,14500,VOLCANIC_ROCK,10191.0,106.0,10190.0,80.0,,,10193,186,,,,,10192.0,0.0
2,14600,VOLCANIC_ROCK,10192.0,132.0,10191.0,61.0,,,10193,132,10194.0,61.0,,,10192.5,0.0
2,14700,VOLCANIC_ROCK,10194.0,138.0,10193.0,46.0,,,10196,184,,,,,10195.0,0.0
2,14800,VOLCANIC_ROCK,10196.0,108.0,10195.0,48.0,,,10198,156,,,,,10197.0,0.0
2,14900,VOLCANIC_ROCK,10195.0,107.0,10194.0,60.0,,,10196,107,10197.0,60.0,,,10195.5,0.0
2,15000,VOLCANIC_ROCK,10197.0,97.0,10196.0,71.0,,,10198,103,10199.0,71.0,,,10197.5,0.0
2,15100,VOLCANIC_ROCK,10196.0,143.0,10195.0,40.0,,,10198,175,,,,,10197.0,0.0
2,15200,VOLCANIC_ROCK,10194.0,127.0,10193.0,57.0,,,10196,184,,,,,10195.0,0.0
2,15300,VOLCANIC_ROCK,10194.0,156.0,10193.0,47.0,,,10196,197,,,,,10195.0,0.0
2,15400,VOLCANIC_ROCK,10191.0,132.0,10190.0,58.0,,,10192,132,10193.0,58.0,,,10191.5,0.0
2,15500,VOLCANIC_ROCK,10192.0,149.0,10191.0,45.0,,,10193,149,10194.0,45.0,,,10192.5,0.0
2,15600,VOLCANIC_ROCK,10190.0,110.0,10189.0,46.0,,,10192,156,,,,,10191.0,0.0
2,15700,VOLCANIC_ROCK,10189.0,182.0,,,,,10191,125,10192.0,57.0,,,10190.0,0.0
2,15800,VOLCANIC_ROCK,10190.0,128.0,10189.0,56.0,,,10191,128,10192.0,56.0,,,10190.5,0.0
2,15900,VOLCANIC_ROCK,10191.0,142.0,10190.0,40.0,,,10193,173,,,,,10192.0,0.0
2,16000,VOLCANIC_ROCK,10192.0,148.0,10191.0,58.0,,,10193,140,10194.0,58.0,,,10192.5,0.0
2,16100,VOLCANIC_ROCK,10192.0,141.0,10191.0,64.0,,,10193,141,10194.0,64.0,,,10192.5,0.0
2,16200,VOLCANIC_ROCK,10189.0,193.0,,,,,10191,150,10192.0,43.0,,,10190.0,0.0
2,16300,VOLCANIC_ROCK,10191.0,190.0,,,,,10193,144,10194.0,46.0,,,10192.0,0.0
2,16400,VOLCANIC_ROCK,10191.0,150.0,10190.0,53.0,,,10193,203,,,,,10192.0,0.0
2,16500,VOLCANIC_ROCK,10192.0,127.0,10191.0,56.0,,,10193,127,10194.0,56.0,,,10192.5,0.0
2,16600,VOLCANIC_ROCK,10190.0,121.0,10189.0,48.0,,,10191,121,10192.0,48.0,,,10190.5,0.0
2,16700,VOLCANIC_ROCK,10189.0,189.0,,,,,10191,149,10192.0,40.0,,,10190.0,0.0
2,16800,VOLCANIC_ROCK,10192.0,135.0,10191.0,40.0,,,10194,175,,,,,10193.0,0.0
2,16900,VOLCANIC_ROCK,10193.0,193.0,,,,,10194,6,10195.0,135.0,10196.0,58.0,10193.5,0.0
2,17000,VOLCANIC_ROCK,10195.0,146.0,10194.0,57.0,,,10196,146,10197.0,57.0,,,10195.5,0.0
2,17100,VOLCANIC_ROCK,10194.0,107.0,10193.0,50.0,,,10196,157,,,,,10195.0,0.0
2,17200,VOLCANIC_ROCK,10194.0,112.0,10193.0,50.0,,,10195,112,10196.0,50.0,,,10194.5,0.0
2,17300,VOLCANIC_ROCK,10195.0,7.0,10194.0,184.0,,,10196,115,10197.0,69.0,,,10195.5,0.0
2,17400,VOLCANIC_ROCK,10194.0,118.0,10193.0,64.0,,,10195,118,10196.0,64.0,,,10194.5,0.0
2,17500,VOLCANIC_ROCK,10199.0,149.0,10198.0,52.0,,,10200,149,10201.0,52.0,,,10199.5,0.0
2,17600,VOLCANIC_ROCK,10200.0,134.0,10199.0,71.0,,,10201,134,10202.0,71.0,,,10200.5,0.0
2,17700,VOLCANIC_ROCK,10200.0,139.0,10199.0,69.0,,,10201,139,10202.0,69.0,,,10200.5,0.0
2,17800,VOLCANIC_ROCK,10198.0,129.0,10197.0,80.0,,,10199,120,10200.0,80.0,,,10198.5,0.0
2,17900,VOLCANIC_ROCK,10197.0,199.0,,,,,10199,138,10200.0,61.0,,,10198.0,0.0
2,18000,VOLCANIC_ROCK,10198.0,146.0,10197.0,44.0,,,10200,190,,,,,10199.0,0.0
2,18100,VOLCANIC_ROCK,10201.0,125.0,10200.0,45.0,,,10202,125,10203.0,45.0,,,10201.5,0.0
2,18200,VOLCANIC_ROCK,10203.0,145.0,10202.0,55.0,,,10205,200,,,,,10204.0,0.0
2,18300,VOLCANIC_ROCK,10201.0,106.0,10200.0,46.0,,,10202,106,10203.0,46.0,,,10201.5,0.0
2,18400,VOLCANIC_ROCK,10197.0,148.0,10196.0,73.0,,,10199,221,,,,,10198.0,0.0
2,18500,VOLCANIC_ROCK,10198.0,149.0,10197.0,57.0,,,10199,149,10200.0,57.0,,,10198.5,0.0
2,18600,VOLCANIC_ROCK,10196.0,129.0,10195.0,42.0,,,10197,129,10198.0,42.0,,,10196.5,0.0
2,18700,VOLCANIC_ROCK,10197.0,178.0,,,,,10199,118,10200.0,60.0,,,10198.0,0.0
2,18800,VOLCANIC_ROCK,10202.0,111.0,10201.0,80.0,,,10203,111,10204.0,80.0,,,10202.5,0.0
2,18900,VOLCANIC_ROCK,10200.0,127.0,10199.0,61.0,,,10202,188,,,,,10201.0,0.0
2,19000,VOLCANIC_ROCK,10201.0,108.0,10200.0,53.0,,,10202,108,10203.0,53.0,,,10201.5,0.0
2,19100,VOLCANIC_ROCK,10201.0,135.0,10200.0,54.0,,,10202,135,10203.0,54.0,,,10201.5,0.0
2,19200,VOLCANIC_ROCK,10200.0,112.0,10199.0,74.0,,,10201,112,10202.0,74.0,,,10200.5,0.0
2,19300,VOLCANIC_ROCK,10198.0,116.0,10197.0,80.0,,,10199,116,10200.0,80.0,,,10198.5,0.0
2,19400,VOLCANIC_ROCK,10200.0,145.0,10199.0,63.0,,,10202,208,,,,,10201.0,0.0
2,19500,VOLCANIC_ROCK,10202.0,119.0,10201.0,69.0,,,10204,188,,,,,10203.0,0.0
2,19600,VOLCANIC_ROCK,10203.0,145.0,10202.0,40.0,,,10204,145,10205.0,40.0,,,10203.5,0.0
2,19700,VOLCANIC_ROCK,10202.0,150.0,10201.0,57.0,,,10203,150,10204.0,57.0,,,10202.5,0.0
2,19800,VOLCANIC_ROCK,10204.0,110.0,10203.0,44.0,,,10205,110,10206.0,44.0,,,10204.5,0.0
2,19900,VOLCANIC_ROCK,10203.0,140.0,10202.0,80.0,,,10205,140,10206.0,80.0,,,10204.0,0.0
2,20000,VOLCANIC_ROCK,10203.0,112.0,10202.0,59.0,,,10204,112,10205.0,59.0,,,10203.5,0.0
2,20100,VOLCANIC_ROCK,10202.0,106.0,10201.0,61.0,,,10203,106,10204.0,61.0,,,10202.5,0.0
2,20200,VOLCANIC_ROCK,10202.0,115.0,10201.0,59.0,,,10203,115,10204.0,59.0,,,10202.5,0.0
2,20300,VOLCANIC_ROCK,10201.0,109.0,10200.0,46.0,,,10202,111,10203.0,46.0,,,10201.5,0.0
2,20400,VOLCANIC_ROCK,10200.0,147.0,10199.0,62.0,,,10201,147,10202.0,62.0,,,10200.5,0.0
2,20500,VOLCANIC_ROCK,10203.0,120.0,10202.0,43.0,,,10204,120,10205.0,43.0,,,10203.5,0.0
2,20600,VOLCANIC_ROCK,10202.0,126.0,10201.0,41.0,,,10204,126,10205.0,41.0,,,10203.0,0.0
2,20700,VOLCANIC_ROCK,10201.0,100.0,10200.0,52.0,,,10202,100,10203.0,52.0,,,10201.5,0.0
2,20800,VOLCANIC_ROCK,10201.0,124.0,10200.0,43.0,,,10202,124,10203.0,43.0,,,10201.5,0.0
2,20900,VOLCANIC_ROCK,10201.0,117.0,10200.0,75.0,,,10202,117,10203.0,75.0,,,10201.5,0.0
2,21000,VOLCANIC_ROCK,10200.0,167.0,,,,,10202,124,10203.0,43.0,,,10201.0,0.0
2,21100,VOLCANIC_ROCK,10202.0,143.0,10201.0,67.0,,,10204,210,,,,,10203.0,0.0
2,21200,VOLCANIC_ROCK,10206.0,122.0,10205.0,78.0,,,10207,122,10208.0,78.0,,,10206.5,0.0
2,21300,VOLCANIC_ROCK,10205.0,195.0,,,,,10207,130,10208.0,65.0,,,10206.0,0.0
2,21400,VOLCANIC_ROCK,10203.0,186.0,,,,,10205,114,10206.0,72.0,,,10204.0,0.0
2,21500,VOLCANIC_ROCK,10208.0,128.0,10207.0,46.0,,,10209,128,10210.0,46.0,,,10208.5,0.0
2,21600,VOLCANIC_ROCK,10208.0,143.0,10207.0,73.0,,,10209,143,10210.0,73.0,,,10208.5,0.0
2,21700,VOLCANIC_ROCK,10207.0,119.0,10206.0,77.0,,,10208,119,10209.0,77.0,,,10207.5,0.0
2,21800,VOLCANIC_ROCK,10206.0,130.0,10205.0,49.0,,,10208,130,10209.0,49.0,,,10207.0,0.0
2,21900,VOLCANIC_ROCK,10206.0,150.0,10205.0,76.0,,,10208,220,,,,,10207.0,0.0
2,22000,VOLCANIC_ROCK,10213.0,108.0,10212.0,65.0,,,10214,108,10215.0,65.0,,,10213.5,0.0
2,22100,VOLCANIC_ROCK,10213.0,142.0,10212.0,79.0,,,10214,142,10215.0,79.0,,,10213.5,0.0
2,22200,VOLCANIC_ROCK,10211.0,138.0,10210.0,48.0,,,10213,191,,,,,10212.0,0.0
2,22300,VOLCANIC_ROCK,10213.0,147.0,10212.0,66.0,,,10214,147,10215.0,66.0,,,10213.5,0.0
2,22400,VOLCANIC_ROCK,10211.0,150.0,10210.0,67.0,,,10212,150,10213.0,67.0,,,10211.5,0.0
2,22500,VOLCANIC_ROCK,10212.0,5.0,10211.0,206.0,,,10213,136,10214.0,70.0,,,10212.5,0.0
2,22600,VOLCANIC_ROCK,10210.0,107.0,10209.0,40.0,,,10211,107,10212.0,40.0,,,10210.5,0.0
2,22700,VOLCANIC_ROCK,10210.0,10.0,10209.0,147.0,10208.0,74.0,10211,147,10212.0,74.0,,,10210.5,0.0
2,22800,VOLCANIC_ROCK,10208.0,180.0,,,,,10210,112,10211.0,68.0,,,10209.0,0.0
2,22900,VOLCANIC_ROCK,10210.0,105.0,10209.0,79.0,,,10211,105,10212.0,79.0,,,10210.5,0.0
2,23000,VOLCANIC_ROCK,10210.0,114.0,10209.0,78.0,,,10211,114,10212.0,78.0,,,10210.5,0.0
2,23100,VOLCANIC_ROCK,10210.0,107.0,10209.0,59.0,,,10211,107,10212.0,59.0,,,10210.5,0.0
2,23200,VOLCANIC_ROCK,10209.0,107.0,10208.0,41.0,,,10210,107,10211.0,41.0,,,10209.5,0.0
2,23300,VOLCANIC_ROCK,10210.0,150.0,10209.0,80.0,,,10211,150,10212.0,80.0,,,10210.5,0.0
2,23400,VOLCANIC_ROCK,10209.0,131.0,10208.0,44.0,,,10210,131,10211.0,44.0,,,10209.5,0.0
2,23500,VOLCANIC_ROCK,10206.0,129.0,10205.0,74.0,,,10208,203,,,,,10207.0,0.0
2,23600,VOLCANIC_ROCK,10207.0,110.0,10206.0,71.0,,,10209,187,,,,,10208.0,0.0
2,23700,VOLCANIC_ROCK,10207.0,129.0,10206.0,60.0,,,10209,189,,,,,10208.0,0.0
2,23800,VOLCANIC_ROCK,10208.0,109.0,10207.0,75.0,,,10209,109,10210.0,75.0,,,10208.5,0.0
2,23900,VOLCANIC_ROCK,10206.0,127.0,10205.0,68.0,,,10207,127,10208.0,68.0,,,10206.5,0.0
2,24000,VOLCANIC_ROCK,10206.0,161.0,,,,,10208,102,10209.0,59.0,,,10207.0,0.0
2,24100,VOLCANIC_ROCK,10201.0,123.0,10200.0,62.0,,,10202,123,10203.0,62.0,,,10201.5,0.0
2,24200,VOLCANIC_ROCK,10197.0,126.0,10196.0,73.0,,,10198,126,10199.0,73.0,,,10197.5,0.0
2,24300,VOLCANIC_ROCK,10197.0,114.0,10196.0,71.0,,,10199,185,,,,,10198.0,0.0
2,24400,VOLCANIC_ROCK,10195.0,160.0,,,,,10197,119,10198.0,41.0,,,10196.0,0.0
2,24500,VOLCANIC_ROCK,10197.0,125.0,10196.0,56.0,,,10198,125,10199.0,56.0,,,10197.5,0.0
2,24600,VOLCANIC_ROCK,10195.0,130.0,10194.0,72.0,,,10197,202,,,,,10196.0,0.0
2,24700,VOLCANIC_ROCK,10196.0,128.0,10195.0,59.0,,,10198,187,,,,,10197.0,0.0
2,24800,VOLCANIC_ROCK,10196.0,120.0,10195.0,51.0,,,10197,120,10198.0,51.0,,,10196.5,0.0
2,24900,VOLCANIC_ROCK,10195.0,149.0,10194.0,43.0,,,10197,192,,,,,10196.0,0.0
2,25000,VOLCANIC_ROCK,10197.0,149.0,10196.0,55.0,,,10198,149,10199.0,55.0,,,10197.5,0.0
2,25100,VOLCANIC_ROCK,10196.0,121.0,10195.0,45.0,,,10198,166,,,,,10197.0,0.0
2,25200,VOLCANIC_ROCK,10194.0,120.0,10193.0,59.0,,,10196,120,10197.0,59.0,,,10195.0,0.0
2,25300,VOLCANIC_ROCK,10192.0,149.0,10191.0,64.0,,,10193,149,10194.0,64.0,,,10192.5,0.0
2,25400,VOLCANIC_ROCK,10192.0,139.0,10191.0,75.0,,,10194,214,,,,,10193.0,0.0
2,25500,VOLCANIC_ROCK,10192.0,101.0,10191.0,62.0,,,10194,163,,,,,10193.0,0.0
2,25600,VOLCANIC_ROCK,10194.0,127.0,10193.0,74.0,,,10195,127,10196.0,74.0,,,10194.5,0.0
2,25700,VOLCANIC_ROCK,10192.0,134.0,10191.0,43.0,,,10193,134,10194.0,43.0,,,10192.5,0.0
2,25800,VOLCANIC_ROCK,10193.0,132.0,10192.0,61.0,,,10194,138,10195.0,61.0,,,10193.5,0.0
2,25900,VOLCANIC_ROCK,10195.0,126.0,10194.0,70.0,,,10197,196,,,,,10196.0,0.0
2,26000,VOLCANIC_ROCK,10196.0,149.0,10195.0,58.0,,,10198,207,,,,,10197.0,0.0
2,26100,VOLCANIC_ROCK,10197.0,122.0,10196.0,76.0,,,10198,122,10199.0,76.0,,,10197.5,0.0
2,26200,VOLCANIC_ROCK,10200.0,149.0,10199.0,57.0,,,10202,206,,,,,10201.0,0.0
2,26300,VOLCANIC_ROCK,10198.0,173.0,,,,,10200,127,10201.0,46.0,,,10199.0,0.0
2,26400,VOLCANIC_ROCK,10202.0,100.0,10201.0,77.0,,,10203,100,10204.0,77.0,,,10202.5,0.0
2,26500,VOLCANIC_ROCK,10201.0,120.0,10200.0,70.0,,,10203,120,10204.0,70.0,,,10202.0,0.0
2,26600,VOLCANIC_ROCK,10199.0,110.0,10198.0,71.0,,,10201,181,,,,,10200.0,0.0
2,26700,VOLCANIC_ROCK,10199.0,145.0,10198.0,63.0,,,10201,145,10202.0,63.0,,,10200.0,0.0
2,26800,VOLCANIC_ROCK,10199.0,138.0,10198.0,79.0,,,10201,217,,,,,10200.0,0.0
2,26900,VOLCANIC_ROCK,10200.0,131.0,10199.0,50.0,,,10202,181,,,,,10201.0,0.0
2,27000,VOLCANIC_ROCK,10200.0,205.0,,,,,10202,147,10203.0,58.0,,,10201.0,0.0
2,27100,VOLCANIC_ROCK,10201.0,127.0,10200.0,77.0,,,10202,127,10203.0,77.0,,,10201.5,0.0
2,27200,VOLCANIC_ROCK,10201.0,120.0,10200.0,54.0,,,10202,120,10203.0,54.0,,,10201.5,0.0
2,27300,VOLCANIC_ROCK,10199.0,179.0,,,,,10201,105,10202.0,74.0,,,10200.0,0.0
2,27400,VOLCANIC_ROCK,10201.0,142.0,10200.0,74.0,,,10202,142,10203.0,74.0,,,10201.5,0.0
2,27500,VOLCANIC_ROCK,10202.0,176.0,,,,,10204,129,10205.0,47.0,,,10203.0,0.0
2,27600,VOLCANIC_ROCK,10199.0,141.0,10198.0,65.0,,,10201,141,10202.0,65.0,,,10200.0,0.0
2,27700,VOLCANIC_ROCK,10200.0,123.0,10199.0,40.0,,,10201,123,10202.0,40.0,,,10200.5,0.0
2,27800,VOLCANIC_ROCK,10196.0,115.0,10195.0,47.0,,,10197,115,10198.0,47.0,,,10196.5,0.0
2,27900,VOLCANIC_ROCK,10196.0,151.0,10195.0,42.0,,,10197,141,10198.0,42.0,,,10196.5,0.0
2,28000,VOLCANIC_ROCK,10196.0,126.0,10195.0,69.0,,,10197,133,10198.0,69.0,,,10196.5,0.0
2,28100,VOLCANIC_ROCK,10196.0,143.0,10195.0,72.0,,,10198,215,,,,,10197.0,0.0
2,28200,VOLCANIC_ROCK,10194.0,132.0,10193.0,76.0,,,10195,132,10196.0,76.0,,,10194.5,0.0
2,28300,VOLCANIC_ROCK,10193.0,126.0,10192.0,47.0,,,10195,126,10196.0,47.0,,,10194.0,0.0
2,28400,VOLCANIC_ROCK,10193.0,148.0,10192.0,78.0,,,10194,148,10195.0,78.0,,,10193.5,0.0
2,28500,VOLCANIC_ROCK,10193.0,116.0,10192.0,44.0,,,10195,160,,,,,10194.0,0.0
2,28600,VOLCANIC_ROCK,10190.0,128.0,10189.0,79.0,,,10192,207,,,,,10191.0,0.0
2,28700,VOLCANIC_ROCK,10188.0,137.0,10187.0,70.0,,,10190,207,,,,,10189.0,0.0
2,28800,VOLCANIC_ROCK,10186.0,141.0,10185.0,73.0,,,10187,141,10188.0,73.0,,,10186.5,0.0
2,28900,VOLCANIC_ROCK,10184.0,125.0,10183.0,48.0,,,10186,173,,,,,10185.0,0.0
2,29000,VOLCANIC_ROCK,10187.0,125.0,10186.0,68.0,,,10189,193,,,,,10188.0,0.0
2,29100,VOLCANIC_ROCK,10186.0,126.0,10185.0,43.0,,,10187,126,10188.0,43.0,,,10186.5,0.0
2,29200,VOLCANIC_ROCK,10187.0,130.0,10186.0,74.0,,,10188,130,10189.0,74.0,,,10187.5,0.0
2,29300,VOLCANIC_ROCK,10187.0,97.0,10186.0,48.0,,,10189,150,,,,,10188.0,0.0
2,29400,VOLCANIC_ROCK,10188.0,118.0,10187.0,40.0,,,10189,118,10190.0,40.0,,,10188.5,0.0
2,29500,VOLCANIC_ROCK,10187.0,132.0,10186.0,48.0,,,10189,180,,,,,10188.0,0.0
2,29600,VOLCANIC_ROCK,10186.0,202.0,,,,,10188,129,10189.0,73.0,,,10187.0,0.0
2,29700,VOLCANIC_ROCK,10190.0,120.0,10189.0,48.0,,,10191,120,10192.0,48.0,,,10190.5,0.0
2,29800,VOLCANIC_ROCK,10189.0,119.0,10188.0,71.0,,,10190,119,10191.0,71.0,,,10189.5,0.0
2,29900,VOLCANIC_ROCK,10189.0,120.0,10188.0,78.0,,,10190,128,10191.0,78.0,,,10189.5,0.0
2,30000,VOLCANIC_ROCK,10188.0,117.0,10187.0,61.0,,,10190,117,10191.0,61.0,,,10189.0,0.0
2,30100,VOLCANIC_ROCK,10188.0,132.0,10187.0,79.0,,,10189,132,10190.0,79.0,,,10188.5,0.0
2,30200,VOLCANIC_ROCK,10188.0,108.0,10187.0,46.0,,,10189,116,10190.0,46.0,,,10188.5,0.0
2,30300,VOLCANIC_ROCK,10186.0,200.0,,,,,10188,128,10189.0,72.0,,,10187.0,0.0
2,30400,VOLCANIC_ROCK,10184.0,105.0,10183.0,57.0,,,10185,105,10186.0,57.0,,,10184.5,0.0
2,30500,VOLCANIC_ROCK,10183.0,147.0,10182.0,74.0,,,10184,147,10185.0,74.0,,,10183.5,0.0
2,30600,VOLCANIC_ROCK,10183.0,102.0,10182.0,48.0,,,10185,150,,,,,10184.0,0.0
2,30700,VOLCANIC_ROCK,10183.0,149.0,10182.0,65.0,,,10185,149,10186.0,65.0,,,10184.0,0.0
2,30800,VOLCANIC_ROCK,10183.0,158.0,,,,,10185,105,10186.0,53.0,,,10184.0,0.0
2,30900,VOLCANIC_ROCK,10183.0,137.0,10182.0,49.0,,,10184,137,10185.0,49.0,,,10183.5,0.0
2,31000,VOLCANIC_ROCK,10183.0,196.0,,,,,10185,138,10186.0,58.0,,,10184.0,0.0
2,31100,VOLCANIC_ROCK,10182.0,173.0,,,,,10184,131,10185.0,42.0,,,10183.0,0.0
2,31200,VOLCANIC_ROCK,10181.0,152.0,,,,,10183,106,10184.0,46.0,,,10182.0,0.0
2,31300,VOLCANIC_ROCK,10179.0,132.0,10178.0,57.0,,,10180,132,10181.0,57.0,,,10179.5,0.0
2,31400,VOLCANIC_ROCK,10182.0,139.0,10181.0,67.0,,,10183,139,10184.0,67.0,,,10182.5,0.0
2,31500,VOLCANIC_ROCK,10182.0,135.0,10181.0,79.0,,,10183,135,10184.0,79.0,,,10182.5,0.0
2,31600,VOLCANIC_ROCK,10183.0,148.0,10182.0,62.0,,,10184,148,10185.0,62.0,,,10183.5,0.0
2,31700,VOLCANIC_ROCK,10181.0,186.0,,,,,10183,116,10184.0,70.0,,,10182.0,0.0
2,31800,VOLCANIC_ROCK,10181.0,205.0,,,,,10183,134,10184.0,71.0,,,10182.0,0.0
2,31900,VOLCANIC_ROCK,10180.0,127.0,10179.0,62.0,,,10182,189,,,,,10181.0,0.0
2,32000,VOLCANIC_ROCK,10179.0,136.0,10178.0,65.0,,,10181,201,,,,,10180.0,0.0
2,32100,VOLCANIC_ROCK,10176.0,188.0,,,,,10178,148,10179.0,40.0,,,10177.0,0.0
2,32200,VOLCANIC_ROCK,10177.0,118.0,10176.0,44.0,,,10179,162,,,,,10178.0,0.0
2,32300,VOLCANIC_ROCK,10177.0,148.0,10176.0,70.0,,,10178,148,10179.0,70.0,,,10177.5,0.0
2,32400,VOLCANIC_ROCK,10177.0,9.0,10176.0,166.0,,,10178,104,10179.0,62.0,,,10177.5,0.0
2,32500,VOLCANIC_ROCK,10178.0,161.0,,,,,10180,116,10181.0,45.0,,,10179.0,0.0
2,32600,VOLCANIC_ROCK,10181.0,117.0,10180.0,59.0,,,10182,117,10183.0,59.0,,,10181.5,0.0
2,32700,VOLCANIC_ROCK,10184.0,10.0,10183.0,180.0,,,10185,116,10186.0,64.0,,,10184.5,0.0
2,32800,VOLCANIC_ROCK,10186.0,95.0,10185.0,40.0,,,10187,103,10188.0,40.0,,,10186.5,0.0
2,32900,VOLCANIC_ROCK,10189.0,143.0,10188.0,54.0,,,10190,143,10191.0,54.0,,,10189.5,0.0
2,33000,VOLCANIC_ROCK,10190.0,110.0,10189.0,65.0,,,10192,175,,,,,10191.0,0.0
2,33100,VOLCANIC_ROCK,10190.0,119.0,10189.0,52.0,,,10192,119,10193.0,52.0,,,10191.0,0.0
2,33200,VOLCANIC_ROCK,10192.0,129.0,10191.0,80.0,,,10194,202,,,,,10193.0,0.0
2,33300,VOLCANIC_ROCK,10192.0,9.0,10191.0,180.0,,,10193,114,10194.0,66.0,,,10192.5,0.0
2,33400,VOLCANIC_ROCK,10190.0,144.0,10189.0,79.0,,,10191,144,10192.0,79.0,,,10190.5,0.0
2,33500,VOLCANIC_ROCK,10193.0,100.0,10192.0,40.0,,,10194,100,10195.0,40.0,,,10193.5,0.0
2,33600,VOLCANIC_ROCK,10191.0,114.0,10190.0,69.0,,,10192,114,10193.0,69.0,,,10191.5,0.0
2,33700,VOLCANIC_ROCK,10192.0,129.0,10191.0,54.0,,,10194,183,,,,,10193.0,0.0
2,33800,VOLCANIC_ROCK,10195.0,144.0,10194.0,44.0,,,10197,188,,,,,10196.0,0.0
2,33900,VOLCANIC_ROCK,10196.0,135.0,10195.0,64.0,,,10197,135,10198.0,64.0,,,10196.5,0.0
2,34000,VOLCANIC_ROCK,10194.0,148.0,10193.0,61.0,,,10196,209,,,,,10195.0,0.0
2,34100,VOLCANIC_ROCK,10193.0,111.0,10192.0,46.0,,,10195,150,,,,,10194.0,0.0
2,34200,VOLCANIC_ROCK,10192.0,141.0,10191.0,63.0,,,10194,204,,,,,10193.0,0.0
2,34300,VOLCANIC_ROCK,10192.0,174.0,,,,,10194,102,10195.0,72.0,,,10193.0,0.0
2,34400,VOLCANIC_ROCK,10195.0,104.0,10194.0,60.0,,,10196,104,10197.0,60.0,,,10195.5,0.0
2,34500,VOLCANIC_ROCK,10193.0,125.0,10192.0,79.0,,,10195,204,,,,,10194.0,0.0
2,34600,VOLCANIC_ROCK,10191.0,112.0,10190.0,41.0,,,10192,112,10193.0,41.0,,,10191.5,0.0
2,34700,VOLCANIC_ROCK,10190.0,115.0,10189.0,50.0,,,10192,157,,,,,10191.0,0.0
2,34800,VOLCANIC_ROCK,10191.0,113.0,10190.0,52.0,,,10192,113,10193.0,52.0,,,10191.5,0.0
2,34900,VOLCANIC_ROCK,10192.0,144.0,10191.0,47.0,,,10193,144,10194.0,47.0,,,10192.5,0.0
2,35000,VOLCANIC_ROCK,10190.0,125.0,10189.0,60.0,,,10191,125,10192.0,60.0,,,10190.5,0.0
2,35100,VOLCANIC_ROCK,10190.0,183.0,,,,,10192,122,10193.0,61.0,,,10191.0,0.0
2,35200,VOLCANIC_ROCK,10190.0,131.0,10189.0,44.0,,,10191,124,10192.0,44.0,,,10190.5,0.0
2,35300,VOLCANIC_ROCK,10191.0,123.0,10190.0,40.0,,,10192,123,10193.0,40.0,,,10191.5,0.0
2,35400,VOLCANIC_ROCK,10192.0,124.0,10191.0,74.0,,,10194,205,,,,,10193.0,0.0
2,35500,VOLCANIC_ROCK,10191.0,120.0,10190.0,60.0,,,10193,120,10194.0,60.0,,,10192.0,0.0
2,35600,VOLCANIC_ROCK,10193.0,125.0,10192.0,57.0,,,10194,125,10195.0,57.0,,,10193.5,0.0
2,35700,VOLCANIC_ROCK,10193.0,136.0,10192.0,79.0,,,10195,136,10196.0,79.0,,,10194.0,0.0
2,35800,VOLCANIC_ROCK,10192.0,201.0,,,,,10194,137,10195.0,64.0,,,10193.0,0.0
2,35900,VOLCANIC_ROCK,10190.0,133.0,10189.0,66.0,,,10192,199,,,,,10191.0,0.0
2,36000,VOLCANIC_ROCK,10189.0,176.0,,,,,10191,114,10192.0,62.0,,,10190.0,0.0
2,36100,VOLCANIC_ROCK,10190.0,150.0,10189.0,59.0,,,10191,150,10192.0,59.0,,,10190.5,0.0
2,36200,VOLCANIC_ROCK,10192.0,138.0,10191.0,71.0,,,10193,138,10194.0,71.0,,,10192.5,0.0
2,36300,VOLCANIC_ROCK,10193.0,104.0,10192.0,40.0,,,10194,104,10195.0,40.0,,,10193.5,0.0
2,36400,VOLCANIC_ROCK,10188.0,125.0,10187.0,54.0,,,10190,170,,,,,10189.0,0.0
2,36500,VOLCANIC_ROCK,10190.0,127.0,10189.0,53.0,,,10191,127,10192.0,53.0,,,10190.5,0.0
2,36600,VOLCANIC_ROCK,10188.0,119.0,10187.0,43.0,,,10189,119,10190.0,43.0,,,10188.5,0.0
2,36700,VOLCANIC_ROCK,10189.0,197.0,,,,,10191,144,10192.0,53.0,,,10190.0,0.0
2,36800,VOLCANIC_ROCK,10191.0,126.0,10190.0,46.0,,,10192,116,10193.0,46.0,,,10191.5,0.0
2,36900,VOLCANIC_ROCK,10191.0,118.0,10190.0,63.0,,,10192,118,10193.0,63.0,,,10191.5,0.0
2,37000,VOLCANIC_ROCK,10193.0,111.0,10192.0,65.0,,,10195,176,,,,,10194.0,0.0
2,37100,VOLCANIC_ROCK,10193.0,105.0,10192.0,59.0,,,10195,164,,,,,10194.0,0.0
2,37200,VOLCANIC_ROCK,10193.0,188.0,,,,,10195,140,10196.0,48.0,,,10194.0,0.0
2,37300,VOLCANIC_ROCK,10193.0,136.0,10192.0,56.0,,,10194,136,10195.0,56.0,,,10193.5,0.0
2,37400,VOLCANIC_ROCK,10192.0,114.0,10191.0,68.0,,,10193,114,10194.0,68.0,,,10192.5,0.0
2,37500,VOLCANIC_ROCK,10191.0,162.0,,,,,10193,100,10194.0,62.0,,,10192.0,0.0
2,37600,VOLCANIC_ROCK,10192.0,102.0,10191.0,44.0,,,10193,102,10194.0,44.0,,,10192.5,0.0
2,37700,VOLCANIC_ROCK,10193.0,106.0,10192.0,70.0,,,10194,106,10195.0,70.0,,,10193.5,0.0
2,37800,VOLCANIC_ROCK,10191.0,198.0,,,,,10193,141,10194.0,57.0,,,10192.0,0.0
2,37900,VOLCANIC_ROCK,10192.0,148.0,10191.0,43.0,,,10194,191,,,,,10193.0,0.0
2,38000,VOLCANIC_ROCK,10191.0,139.0,10190.0,44.0,,,10193,139,10194.0,44.0,,,10192.0,0.0
2,38100,VOLCANIC_ROCK,10193.0,118.0,10192.0,79.0,,,10194,118,10195.0,79.0,,,10193.5,0.0
2,38200,VOLCANIC_ROCK,10192.0,119.0,10191.0,41.0,,,10193,119,10194.0,41.0,,,10192.5,0.0
2,38300,VOLCANIC_ROCK,10190.0,147.0,10189.0,72.0,,,10192,219,,,,,10191.0,0.0
2,38400,VOLCANIC_ROCK,10193.0,105.0,10192.0,66.0,,,10194,105,10195.0,66.0,,,10193.5,0.0
2,38500,VOLCANIC_ROCK,10197.0,178.0,,,,,10199,137,10200.0,41.0,,,10198.0,0.0
2,38600,VOLCANIC_ROCK,10199.0,136.0,10198.0,58.0,,,10200,136,10201.0,58.0,,,10199.5,0.0
2,38700,VOLCANIC_ROCK,10198.0,138.0,10197.0,63.0,,,10200,201,,,,,10199.0,0.0
2,38800,VOLCANIC_ROCK,10199.0,176.0,,,,,10201,109,10202.0,67.0,,,10200.0,0.0
2,38900,VOLCANIC_ROCK,10201.0,145.0,10200.0,53.0,,,10203,198,,,,,10202.0,0.0
2,39000,VOLCANIC_ROCK,10202.0,7.0,10201.0,211.0,,,10203,146,10204.0,65.0,,,10202.5,0.0
2,39100,VOLCANIC_ROCK,10201.0,149.0,10200.0,42.0,,,10203,149,10204.0,42.0,,,10202.0,0.0
2,39200,VOLCANIC_ROCK,10205.0,132.0,10204.0,50.0,,,10207,182,,,,,10206.0,0.0
2,39300,VOLCANIC_ROCK,10204.0,118.0,10203.0,53.0,,,10205,118,10206.0,53.0,,,10204.5,0.0
2,39400,VOLCANIC_ROCK,10200.0,141.0,10199.0,64.0,,,10202,205,,,,,10201.0,0.0
2,39500,VOLCANIC_ROCK,10203.0,149.0,10202.0,52.0,,,10205,201,,,,,10204.0,0.0
2,39600,VOLCANIC_ROCK,10203.0,168.0,,,,,10205,104,10206.0,64.0,,,10204.0,0.0
2,39700,VOLCANIC_ROCK,10204.0,116.0,10203.0,44.0,,,10205,118,10206.0,44.0,,,10204.5,0.0
2,39800,VOLCANIC_ROCK,10202.0,124.0,10201.0,51.0,,,10204,175,,,,,10203.0,0.0
2,39900,VOLCANIC_ROCK,10202.0,140.0,10201.0,73.0,,,10203,131,10204.0,73.0,,,10202.5,0.0
2,40000,VOLCANIC_ROCK,10201.0,107.0,10200.0,79.0,,,10202,107,10203.0,79.0,,,10201.5,0.0
2,40100,VOLCANIC_ROCK,10200.0,134.0,10199.0,68.0,,,10201,134,10202.0,68.0,,,10200.5,0.0
2,40200,VOLCANIC_ROCK,10199.0,101.0,10198.0,71.0,,,10200,101,10201.0,71.0,,,10199.5,0.0
2,40300,VOLCANIC_ROCK,10196.0,103.0,10195.0,53.0,,,10198,156,,,,,10197.0,0.0
2,40400,VOLCANIC_ROCK,10194.0,141.0,10193.0,72.0,,,10196,213,,,,,10195.0,0.0
2,40500,VOLCANIC_ROCK,10194.0,144.0,10193.0,57.0,,,10196,201,,,,,10195.0,0.0
2,40600,VOLCANIC_ROCK,10191.0,209.0,,,,,10193,130,10194.0,79.0,,,10192.0,0.0
2,40700,VOLCANIC_ROCK,10191.0,108.0,10190.0,54.0,,,10192,108,10193.0,54.0,,,10191.5,0.0
2,40800,VOLCANIC_ROCK,10191.0,115.0,10190.0,45.0,,,10192,115,10193.0,45.0,,,10191.5,0.0
2,40900,VOLCANIC_ROCK,10194.0,125.0,10193.0,78.0,,,10196,203,,,,,10195.0,0.0
2,41000,VOLCANIC_ROCK,10192.0,113.0,10191.0,66.0,,,10193,113,10194.0,66.0,,,10192.5,0.0
2,41100,VOLCANIC_ROCK,10192.0,126.0,10191.0,40.0,,,10193,126,10194.0,40.0,,,10192.5,0.0
2,41200,VOLCANIC_ROCK,10193.0,125.0,10192.0,43.0,,,10194,125,10195.0,43.0,,,10193.5,0.0
2,41300,VOLCANIC_ROCK,10191.0,109.0,10190.0,52.0,,,10192,109,10193.0,52.0,,,10191.5,0.0
2,41400,VOLCANIC_ROCK,10191.0,165.0,,,,,10193,100,10194.0,65.0,,,10192.0,0.0
2,41500,VOLCANIC_ROCK,10192.0,107.0,10191.0,52.0,,,10194,107,10195.0,52.0,,,10193.0,0.0
2,41600,VOLCANIC_ROCK,10192.0,135.0,10191.0,80.0,,,10193,135,10194.0,80.0,,,10192.5,0.0
2,41700,VOLCANIC_ROCK,10190.0,101.0,10189.0,57.0,,,10191,101,10192.0,57.0,,,10190.5,0.0
2,41800,VOLCANIC_ROCK,10192.0,122.0,10191.0,49.0,,,10193,122,10194.0,49.0,,,10192.5,0.0
2,41900,VOLCANIC_ROCK,10194.0,109.0,10193.0,70.0,,,10196,171,,,,,10195.0,0.0
2,42000,VOLCANIC_ROCK,10193.0,116.0,10192.0,54.0,,,10195,170,,,,,10194.0,0.0
2,42100,VOLCANIC_ROCK,10195.0,158.0,,,,,10197,112,10198.0,46.0,,,10196.0,0.0
2,42200,VOLCANIC_ROCK,10194.0,183.0,,,,,10196,129,10197.0,54.0,,,10195.0,0.0
2,42300,VOLCANIC_ROCK,10191.0,119.0,10190.0,58.0,,,10193,177,,,,,10192.0,0.0
2,42400,VOLCANIC_ROCK,10187.0,116.0,10186.0,74.0,,,10188,116,10189.0,74.0,,,10187.5,0.0
2,42500,VOLCANIC_ROCK,10188.0,102.0,10187.0,41.0,,,10190,143,,,,,10189.0,0.0
2,42600,VOLCANIC_ROCK,10187.0,188.0,,,,,10189,124,10190.0,64.0,,,10188.0,0.0
2,42700,VOLCANIC_ROCK,10190.0,147.0,10189.0,58.0,,,10191,147,10192.0,58.0,,,10190.5,0.0
2,42800,VOLCANIC_ROCK,10187.0,165.0,,,,,10189,117,10190.0,48.0,,,10188.0,0.0
2,42900,VOLCANIC_ROCK,10189.0,116.0,10188.0,51.0,,,10190,116,10191.0,51.0,,,10189.5,0.0
2,43000,VOLCANIC_ROCK,10190.0,182.0,,,,,10192,135,10193.0,47.0,,,10191.0,0.0
2,43100,VOLCANIC_ROCK,10187.0,149.0,10186.0,47.0,,,10188,149,10189.0,47.0,,,10187.5,0.0
2,43200,VOLCANIC_ROCK,10183.0,114.0,10182.0,63.0,,,10184,114,10185.0,63.0,,,10183.5,0.0
2,43300,VOLCANIC_ROCK,10182.0,107.0,10181.0,70.0,,,10183,107,10184.0,70.0,,,10182.5,0.0
2,43400,VOLCANIC_ROCK,10181.0,171.0,,,,,10182,8,10183.0,119.0,10184.0,52.0,10181.5,0.0
2,43500,VOLCANIC_ROCK,10183.0,126.0,10182.0,71.0,,,10184,133,10185.0,71.0,,,10183.5,0.0
2,43600,VOLCANIC_ROCK,10182.0,150.0,10181.0,61.0,,,10183,150,10184.0,61.0,,,10182.5,0.0
2,43700,VOLCANIC_ROCK,10182.0,108.0,10181.0,73.0,,,10184,181,,,,,10183.0,0.0
2,43800,VOLCANIC_ROCK,10182.0,146.0,10181.0,66.0,,,10184,212,,,,,10183.0,0.0
2,43900,VOLCANIC_ROCK,10183.0,207.0,,,,,10185,133,10186.0,74.0,,,10184.0,0.0
2,44000,VOLCANIC_ROCK,10184.0,213.0,,,,,10186,140,10187.0,73.0,,,10185.0,0.0
2,44100,VOLCANIC_ROCK,10184.0,105.0,10183.0,69.0,,,10185,105,10186.0,69.0,,,10184.5,0.0
2,44200,VOLCANIC_ROCK,10184.0,138.0,10183.0,48.0,,,10186,186,,,,,10185.0,0.0
2,44300,VOLCANIC_ROCK,10184.0,123.0,10183.0,51.0,,,10186,174,,,,,10185.0,0.0
2,44400,VOLCANIC_ROCK,10187.0,117.0,10186.0,77.0,,,10188,108,10189.0,77.0,,,10187.5,0.0
2,44500,VOLCANIC_ROCK,10187.0,145.0,10186.0,48.0,,,10188,145,10189.0,48.0,,,10187.5,0.0
2,44600,VOLCANIC_ROCK,10186.0,196.0,,,,,10188,150,10189.0,46.0,,,10187.0,0.0
2,44700,VOLCANIC_ROCK,10187.0,131.0,10186.0,48.0,,,10188,131,10189.0,48.0,,,10187.5,0.0
2,44800,VOLCANIC_ROCK,10189.0,124.0,10188.0,54.0,,,10190,121,10191.0,54.0,,,10189.5,0.0
2,44900,VOLCANIC_ROCK,10186.0,153.0,,,,,10188,104,10189.0,49.0,,,10187.0,0.0
2,45000,VOLCANIC_ROCK,10189.0,109.0,10188.0,62.0,,,10191,171,,,,,10190.0,0.0
2,45100,VOLCANIC_ROCK,10187.0,118.0,10186.0,78.0,,,10189,196,,,,,10188.0,0.0
2,45200,VOLCANIC_ROCK,10188.0,118.0,10187.0,48.0,,,10190,166,,,,,10189.0,0.0
2,45300,VOLCANIC_ROCK,10189.0,211.0,,,,,10191,146,10192.0,65.0,,,10190.0,0.0
2,45400,VOLCANIC_ROCK,10184.0,218.0,,,,,10186,148,10187.0,70.0,,,10185.0,0.0
2,45500,VOLCANIC_ROCK,10187.0,131.0,10186.0,40.0,,,10188,131,10189.0,40.0,,,10187.5,0.0
2,45600,VOLCANIC_ROCK,10186.0,156.0,10185.0,55.0,,,10187,146,10188.0,55.0,,,10186.5,0.0
2,45700,VOLCANIC_ROCK,10185.0,101.0,10184.0,46.0,,,10187,147,,,,,10186.0,0.0
2,45800,VOLCANIC_ROCK,10185.0,115.0,10184.0,52.0,,,10187,167,,,,,10186.0,0.0
2,45900,VOLCANIC_ROCK,10187.0,131.0,10186.0,77.0,,,10189,131,10190.0,77.0,,,10188.0,0.0
2,46000,VOLCANIC_ROCK,10185.0,144.0,10184.0,57.0,,,10186,144,10187.0,57.0,,,10185.5,0.0
2,46100,VOLCANIC_ROCK,10186.0,110.0,10185.0,77.0,,,10187,110,10188.0,77.0,,,10186.5,0.0
2,46200,VOLCANIC_ROCK,10183.0,140.0,10182.0,47.0,,,10185,187,,,,,10184.0,0.0
2,46300,VOLCANIC_ROCK,10183.0,146.0,10182.0,61.0,,,10184,146,10185.0,61.0,,,10183.5,0.0
2,46400,VOLCANIC_ROCK,10183.0,137.0,10182.0,44.0,,,10184,137,10185.0,44.0,,,10183.5,0.0
2,46500,VOLCANIC_ROCK,10182.0,167.0,,,,,10184,119,10185.0,48.0,,,10183.0,0.0
2,46600,VOLCANIC_ROCK,10180.0,116.0,10179.0,53.0,,,10181,116,10182.0,53.0,,,10180.5,0.0
2,46700,VOLCANIC_ROCK,10179.0,154.0,,,,,10181,114,10182.0,40.0,,,10180.0,0.0
2,46800,VOLCANIC_ROCK,10180.0,128.0,10179.0,77.0,,,10181,128,10182.0,77.0,,,10180.5,0.0
2,46900,VOLCANIC_ROCK,10178.0,113.0,10177.0,79.0,,,10179,113,10180.0,79.0,,,10178.5,0.0
2,47000,VOLCANIC_ROCK,10178.0,108.0,10177.0,78.0,,,10179,108,10180.0,78.0,,,10178.5,0.0
2,47100,VOLCANIC_ROCK,10180.0,138.0,10179.0,80.0,,,10181,138,10182.0,80.0,,,10180.5,0.0
2,47200,VOLCANIC_ROCK,10178.0,109.0,10177.0,58.0,,,10180,167,,,,,10179.0,0.0
2,47300,VOLCANIC_ROCK,10179.0,101.0,10178.0,46.0,,,10180,101,10181.0,46.0,,,10179.5,0.0
2,47400,VOLCANIC_ROCK,10179.0,9.0,10178.0,175.0,,,10180,102,10181.0,73.0,,,10179.5,0.0
2,47500,VOLCANIC_ROCK,10180.0,118.0,10179.0,65.0,,,10181,118,10182.0,65.0,,,10180.5,0.0
2,47600,VOLCANIC_ROCK,10181.0,147.0,,,,,10183,101,10184.0,46.0,,,10182.0,0.0
2,47700,VOLCANIC_ROCK,10180.0,187.0,,,,,10182,122,10183.0,65.0,,,10181.0,0.0
2,47800,VOLCANIC_ROCK,10181.0,136.0,10180.0,75.0,,,10182,136,10183.0,75.0,,,10181.5,0.0
2,47900,VOLCANIC_ROCK,10183.0,110.0,10182.0,70.0,,,10185,180,,,,,10184.0,0.0
2,48000,VOLCANIC_ROCK,10180.0,205.0,,,,,10182,129,10183.0,76.0,,,10181.0,0.0
2,48100,VOLCANIC_ROCK,10179.0,133.0,10178.0,63.0,,,10181,196,,,,,10180.0,0.0
2,48200,VOLCANIC_ROCK,10177.0,186.0,,,,,10179,116,10180.0,70.0,,,10178.0,0.0
2,48300,VOLCANIC_ROCK,10177.0,133.0,10176.0,43.0,,,10178,141,10179.0,43.0,,,10177.5,0.0
2,48400,VOLCANIC_ROCK,10175.0,142.0,10174.0,64.0,,,10177,206,,,,,10176.0,0.0
2,48500,VOLCANIC_ROCK,10177.0,1.0,10176.0,144.0,10175.0,66.0,10178,210,,,,,10177.5,0.0
2,48600,VOLCANIC_ROCK,10173.0,129.0,10172.0,79.0,,,10174,129,10175.0,79.0,,,10173.5,0.0
2,48700,VOLCANIC_ROCK,10173.0,104.0,10172.0,51.0,,,10174,104,10175.0,51.0,,,10173.5,0.0
2,48800,VOLCANIC_ROCK,10169.0,128.0,10168.0,54.0,,,10171,189,,,,,10170.0,0.0
2,48900,VOLCANIC_ROCK,10173.0,114.0,10172.0,49.0,,,10174,114,10175.0,49.0,,,10173.5,0.0
2,49000,VOLCANIC_ROCK,10174.0,139.0,10173.0,48.0,,,10175,139,10176.0,48.0,,,10174.5,0.0
2,49100,VOLCANIC_ROCK,10175.0,101.0,10174.0,47.0,,,10176,101,10177.0,47.0,,,10175.5,0.0
2,49200,VOLCANIC_ROCK,10173.0,117.0,10172.0,45.0,,,10174,117,10175.0,45.0,,,10173.5,0.0
2,49300,VOLCANIC_ROCK,10173.0,95.0,10172.0,43.0,,,10174,100,10175.0,43.0,,,10173.5,0.0
2,49400,VOLCANIC_ROCK,10174.0,101.0,10173.0,52.0,,,10175,101,10176.0,52.0,,,10174.5,0.0
2,49500,VOLCANIC_ROCK,10173.0,133.0,10172.0,64.0,,,10175,191,,,,,10174.0,0.0
2,49600,VOLCANIC_ROCK,10173.0,133.0,10172.0,64.0,,,10174,140,10175.0,64.0,,,10173.5,0.0
2,49700,VOLCANIC_ROCK,10173.0,175.0,,,,,10175,113,10176.0,62.0,,,10174.0,0.0
2,49800,VOLCANIC_ROCK,10172.0,101.0,10171.0,50.0,,,10174,101,10175.0,50.0,,,10173.0,0.0
2,49900,VOLCANIC_ROCK,10172.0,148.0,10171.0,71.0,,,10173,148,10174.0,71.0,,,10172.5,0.0
2,50000,VOLCANIC_ROCK,10171.0,108.0,10170.0,69.0,,,10172,111,10173.0,69.0,,,10171.5,0.0
2,50100,VOLCANIC_ROCK,10170.0,141.0,10169.0,58.0,,,10172,199,,,,,10171.0,0.0
2,50200,VOLCANIC_ROCK,10166.0,106.0,10165.0,46.0,,,10168,152,,,,,10167.0,0.0
2,50300,VOLCANIC_ROCK,10166.0,137.0,10165.0,44.0,,,10167,137,10168.0,44.0,,,10166.5,0.0
2,50400,VOLCANIC_ROCK,10168.0,118.0,10167.0,61.0,,,10169,118,10170.0,61.0,,,10168.5,0.0
2,50500,VOLCANIC_ROCK,10168.0,227.0,,,,,10170,148,10171.0,79.0,,,10169.0,0.0
2,50600,VOLCANIC_ROCK,10168.0,133.0,10167.0,40.0,,,10169,128,10170.0,40.0,,,10168.5,0.0
2,50700,VOLCANIC_ROCK,10168.0,149.0,10167.0,40.0,,,10170,189,,,,,10169.0,0.0
2,50800,VOLCANIC_ROCK,10168.0,142.0,10167.0,67.0,,,10169,150,10170.0,67.0,,,10168.5,0.0
2,50900,VOLCANIC_ROCK,10170.0,215.0,,,,,10172,149,10173.0,66.0,,,10171.0,0.0
2,51000,VOLCANIC_ROCK,10170.0,183.0,,,,,10172,139,10173.0,44.0,,,10171.0,0.0
2,51100,VOLCANIC_ROCK,10171.0,203.0,,,,,10173,140,10174.0,63.0,,,10172.0,0.0
2,51200,VOLCANIC_ROCK,10173.0,150.0,10172.0,79.0,,,10175,229,,,,,10174.0,0.0
2,51300,VOLCANIC_ROCK,10171.0,104.0,10170.0,76.0,,,10172,104,10173.0,76.0,,,10171.5,0.0
2,51400,VOLCANIC_ROCK,10169.0,116.0,10168.0,50.0,,,10171,160,,,,,10170.0,0.0
2,51500,VOLCANIC_ROCK,10169.0,180.0,,,,,10171,138,10172.0,42.0,,,10170.0,0.0
2,51600,VOLCANIC_ROCK,10169.0,103.0,10168.0,74.0,,,10171,177,,,,,10170.0,0.0
2,51700,VOLCANIC_ROCK,10169.0,144.0,10168.0,51.0,,,10171,195,,,,,10170.0,0.0
2,51800,VOLCANIC_ROCK,10168.0,131.0,10167.0,50.0,,,10169,131,10170.0,50.0,,,10168.5,0.0
2,51900,VOLCANIC_ROCK,10169.0,110.0,10168.0,70.0,,,10170,110,10171.0,70.0,,,10169.5,0.0
2,52000,VOLCANIC_ROCK,10169.0,153.0,10168.0,74.0,,,10170,147,10171.0,74.0,,,10169.5,0.0
2,52100,VOLCANIC_ROCK,10169.0,122.0,10168.0,59.0,,,10170,122,10171.0,59.0,,,10169.5,0.0
2,52200,VOLCANIC_ROCK,10166.0,142.0,10165.0,49.0,,,10168,191,,,,,10167.0,0.0
2,52300,VOLCANIC_ROCK,10164.0,103.0,10163.0,62.0,,,10165,103,10166.0,62.0,,,10164.5,0.0
2,52400,VOLCANIC_ROCK,10167.0,124.0,10166.0,79.0,,,10168,124,10169.0,79.0,,,10167.5,0.0
2,52500,VOLCANIC_ROCK,10168.0,110.0,10167.0,78.0,,,10170,178,,,,,10169.0,0.0
2,52600,VOLCANIC_ROCK,10166.0,132.0,10165.0,74.0,,,10168,206,,,,,10167.0,0.0
2,52700,VOLCANIC_ROCK,10165.0,126.0,10164.0,59.0,,,10166,126,10167.0,59.0,,,10165.5,0.0
2,52800,VOLCANIC_ROCK,10164.0,138.0,10163.0,75.0,,,10165,138,10166.0,75.0,,,10164.5,0.0
2,52900,VOLCANIC_ROCK,10162.0,105.0,10161.0,78.0,,,10163,105,10164.0,78.0,,,10162.5,0.0
2,53000,VOLCANIC_ROCK,10161.0,149.0,,,,,10163,109,10164.0,40.0,,,10162.0,0.0
2,53100,VOLCANIC_ROCK,10164.0,100.0,10163.0,54.0,,,10166,154,,,,,10165.0,0.0
2,53200,VOLCANIC_ROCK,10165.0,103.0,10164.0,60.0,,,10166,103,10167.0,60.0,,,10165.5,0.0
2,53300,VOLCANIC_ROCK,10164.0,103.0,10163.0,80.0,,,10166,183,,,,,10165.0,0.0
2,53400,VOLCANIC_ROCK,10165.0,130.0,10164.0,70.0,,,10167,200,,,,,10166.0,0.0
2,53500,VOLCANIC_ROCK,10165.0,111.0,10164.0,53.0,,,10166,111,10167.0,53.0,,,10165.5,0.0
2,53600,VOLCANIC_ROCK,10164.0,149.0,10163.0,64.0,,,10165,149,10166.0,64.0,,,10164.5,0.0
2,53700,VOLCANIC_ROCK,10164.0,114.0,10163.0,40.0,,,10166,114,10167.0,40.0,,,10165.0,0.0
2,53800,VOLCANIC_ROCK,10164.0,110.0,10163.0,50.0,,,10165,110,10166.0,50.0,,,10164.5,0.0
2,53900,VOLCANIC_ROCK,10164.0,125.0,10163.0,80.0,,,10165,125,10166.0,80.0,,,10164.5,0.0
2,54000,VOLCANIC_ROCK,10164.0,111.0,10163.0,41.0,,,10165,111,10166.0,41.0,,,10164.5,0.0
2,54100,VOLCANIC_ROCK,10164.0,108.0,10163.0,48.0,,,10165,108,10166.0,48.0,,,10164.5,0.0
2,54200,VOLCANIC_ROCK,10161.0,146.0,10160.0,62.0,,,10162,146,10163.0,62.0,,,10161.5,0.0
2,54300,VOLCANIC_ROCK,10162.0,143.0,10161.0,56.0,,,10163,143,10164.0,56.0,,,10162.5,0.0
2,54400,VOLCANIC_ROCK,10159.0,143.0,10158.0,58.0,,,10161,201,,,,,10160.0,0.0
2,54500,VOLCANIC_ROCK,10158.0,130.0,10157.0,46.0,,,10160,176,,,,,10159.0,0.0
2,54600,VOLCANIC_ROCK,10156.0,216.0,,,,,10158,149,10159.0,67.0,,,10157.0,0.0
2,54700,VOLCANIC_ROCK,10154.0,123.0,10153.0,67.0,,,10155,123,10156.0,67.0,,,10154.5,0.0
2,54800,VOLCANIC_ROCK,10156.0,148.0,10155.0,68.0,,,10157,148,10158.0,68.0,,,10156.5,0.0
2,54900,VOLCANIC_ROCK,10155.0,121.0,10154.0,72.0,,,10157,193,,,,,10156.0,0.0
2,55000,VOLCANIC_ROCK,10155.0,114.0,10154.0,43.0,,,10156,114,10157.0,43.0,,,10155.5,0.0
2,55100,VOLCANIC_ROCK,10153.0,176.0,,,,,10155,113,10156.0,63.0,,,10154.0,0.0
2,55200,VOLCANIC_ROCK,10155.0,136.0,10154.0,52.0,,,10156,136,10157.0,52.0,,,10155.5,0.0
2,55300,VOLCANIC_ROCK,10154.0,138.0,10153.0,50.0,,,10155,138,10156.0,50.0,,,10154.5,0.0
2,55400,VOLCANIC_ROCK,10153.0,114.0,10152.0,64.0,,,10154,114,10155.0,64.0,,,10153.5,0.0
2,55500,VOLCANIC_ROCK,10151.0,108.0,10150.0,60.0,,,10153,168,,,,,10152.0,0.0
2,55600,VOLCANIC_ROCK,10150.0,102.0,10149.0,78.0,,,10152,102,10153.0,78.0,,,10151.0,0.0
2,55700,VOLCANIC_ROCK,10151.0,134.0,10150.0,68.0,,,10152,134,10153.0,68.0,,,10151.5,0.0
2,55800,VOLCANIC_ROCK,10151.0,192.0,,,,,10152,8,10153.0,114.0,10154.0,78.0,10151.5,0.0
2,55900,VOLCANIC_ROCK,10151.0,132.0,10150.0,57.0,,,10153,189,,,,,10152.0,0.0
2,56000,VOLCANIC_ROCK,10151.0,142.0,10150.0,75.0,,,10152,142,10153.0,75.0,,,10151.5,0.0
2,56100,VOLCANIC_ROCK,10152.0,188.0,,,,,10154,116,10155.0,72.0,,,10153.0,0.0
2,56200,VOLCANIC_ROCK,10152.0,131.0,10151.0,49.0,,,10153,131,10154.0,49.0,,,10152.5,0.0
2,56300,VOLCANIC_ROCK,10154.0,128.0,10153.0,73.0,,,10155,128,10156.0,73.0,,,10154.5,0.0
2,56400,VOLCANIC_ROCK,10156.0,120.0,10155.0,63.0,,,10158,183,,,,,10157.0,0.0
2,56500,VOLCANIC_ROCK,10158.0,147.0,10157.0,40.0,,,10159,147,10160.0,40.0,,,10158.5,0.0
2,56600,VOLCANIC_ROCK,10156.0,146.0,10155.0,72.0,,,10157,146,10158.0,72.0,,,10156.5,0.0
2,56700,VOLCANIC_ROCK,10157.0,218.0,,,,,10159,142,10160.0,76.0,,,10158.0,0.0
2,56800,VOLCANIC_ROCK,10158.0,139.0,10157.0,79.0,,,10160,218,,,,,10159.0,0.0
2,56900,VOLCANIC_ROCK,10162.0,137.0,10161.0,74.0,,,10163,137,10164.0,74.0,,,10162.5,0.0
2,57000,VOLCANIC_ROCK,10161.0,127.0,10160.0,72.0,,,10162,127,10163.0,72.0,,,10161.5,0.0
2,57100,VOLCANIC_ROCK,10161.0,139.0,10160.0,41.0,,,10162,139,10163.0,41.0,,,10161.5,0.0
2,57200,VOLCANIC_ROCK,10160.0,148.0,10159.0,73.0,,,10161,148,10162.0,73.0,,,10160.5,0.0
2,57300,VOLCANIC_ROCK,10161.0,132.0,10160.0,41.0,,,10162,139,10163.0,41.0,,,10161.5,0.0
2,57400,VOLCANIC_ROCK,10157.0,142.0,10156.0,60.0,,,10158,142,10159.0,60.0,,,10157.5,0.0
2,57500,VOLCANIC_ROCK,10160.0,106.0,10159.0,52.0,,,10161,106,10162.0,52.0,,,10160.5,0.0
2,57600,VOLCANIC_ROCK,10161.0,100.0,10160.0,70.0,,,10163,170,,,,,10162.0,0.0
2,57700,VOLCANIC_ROCK,10161.0,133.0,10160.0,40.0,,,10162,133,10163.0,40.0,,,10161.5,0.0
2,57800,VOLCANIC_ROCK,10159.0,108.0,10158.0,57.0,,,10161,165,,,,,10160.0,0.0
2,57900,VOLCANIC_ROCK,10160.0,201.0,,,,,10162,145,10163.0,56.0,,,10161.0,0.0
2,58000,VOLCANIC_ROCK,10161.0,116.0,10160.0,49.0,,,10162,116,10163.0,49.0,,,10161.5,0.0
2,58100,VOLCANIC_ROCK,10160.0,138.0,10159.0,69.0,,,10162,207,,,,,10161.0,0.0
2,58200,VOLCANIC_ROCK,10158.0,113.0,10157.0,52.0,,,10159,107,10160.0,52.0,,,10158.5,0.0
2,58300,VOLCANIC_ROCK,10157.0,113.0,10156.0,51.0,,,10159,164,,,,,10158.0,0.0
2,58400,VOLCANIC_ROCK,10158.0,117.0,10157.0,68.0,,,10160,185,,,,,10159.0,0.0
2,58500,VOLCANIC_ROCK,10158.0,129.0,10157.0,74.0,,,10159,129,10160.0,74.0,,,10158.5,0.0
2,58600,VOLCANIC_ROCK,10156.0,212.0,,,,,10158,135,10159.0,77.0,,,10157.0,0.0
2,58700,VOLCANIC_ROCK,10156.0,122.0,10155.0,42.0,,,10158,164,,,,,10157.0,0.0
2,58800,VOLCANIC_ROCK,10156.0,150.0,,,,,10158,100,10159.0,50.0,,,10157.0,0.0
2,58900,VOLCANIC_ROCK,10157.0,102.0,10156.0,50.0,,,10158,102,10159.0,50.0,,,10157.5,0.0
2,59000,VOLCANIC_ROCK,10160.0,142.0,10159.0,68.0,,,10161,142,10162.0,68.0,,,10160.5,0.0
2,59100,VOLCANIC_ROCK,10159.0,201.0,,,,,10161,138,10162.0,63.0,,,10160.0,0.0
2,59200,VOLCANIC_ROCK,10160.0,106.0,10159.0,73.0,,,10161,111,10162.0,73.0,,,10160.5,0.0
2,59300,VOLCANIC_ROCK,10159.0,112.0,10158.0,51.0,,,10160,112,10161.0,51.0,,,10159.5,0.0
2,59400,VOLCANIC_ROCK,10158.0,135.0,10157.0,43.0,,,10160,178,,,,,10159.0,0.0
2,59500,VOLCANIC_ROCK,10159.0,135.0,10158.0,72.0,,,10161,213,,,,,10160.0,0.0
2,59600,VOLCANIC_ROCK,10160.0,206.0,,,,,10162,132,10163.0,74.0,,,10161.0,0.0
2,59700,VOLCANIC_ROCK,10160.0,129.0,10159.0,70.0,,,10161,129,10162.0,70.0,,,10160.5,0.0
2,59800,VOLCANIC_ROCK,10163.0,147.0,10162.0,74.0,,,10164,147,10165.0,74.0,,,10163.5,0.0
2,59900,VOLCANIC_ROCK,10163.0,155.0,,,,,10165,103,10166.0,52.0,,,10164.0,0.0
2,60000,VOLCANIC_ROCK,10162.0,106.0,10161.0,55.0,,,10164,161,,,,,10163.0,0.0
2,60100,VOLCANIC_ROCK,10161.0,133.0,10160.0,55.0,,,10163,188,,,,,10162.0,0.0
2,60200,VOLCANIC_ROCK,10162.0,147.0,10161.0,53.0,,,10163,147,10164.0,53.0,,,10162.5,0.0
2,60300,VOLCANIC_ROCK,10167.0,141.0,10166.0,60.0,,,10168,141,10169.0,60.0,,,10167.5,0.0
2,60400,VOLCANIC_ROCK,10165.0,107.0,10164.0,80.0,,,10166,107,10167.0,80.0,,,10165.5,0.0
2,60500,VOLCANIC_ROCK,10166.0,207.0,,,,,10168,131,10169.0,76.0,,,10167.0,0.0
2,60600,VOLCANIC_ROCK,10165.0,148.0,,,,,10167,103,10168.0,45.0,,,10166.0,0.0
2,60700,VOLCANIC_ROCK,10167.0,146.0,10166.0,42.0,,,10169,188,,,,,10168.0,0.0
2,60800,VOLCANIC_ROCK,10167.0,105.0,10166.0,52.0,,,10168,105,10169.0,52.0,,,10167.5,0.0
2,60900,VOLCANIC_ROCK,10168.0,115.0,10167.0,78.0,,,10170,193,,,,,10169.0,0.0
2,61000,VOLCANIC_ROCK,10172.0,118.0,10171.0,45.0,,,10174,163,,,,,10173.0,0.0
2,61100,VOLCANIC_ROCK,10172.0,114.0,10171.0,71.0,,,10173,114,10174.0,71.0,,,10172.5,0.0
2,61200,VOLCANIC_ROCK,10172.0,125.0,10171.0,70.0,,,10173,125,10174.0,70.0,,,10172.5,0.0
2,61300,VOLCANIC_ROCK,10174.0,166.0,,,,,10176,112,10177.0,54.0,,,10175.0,0.0
2,61400,VOLCANIC_ROCK,10176.0,136.0,10175.0,45.0,,,10178,181,,,,,10177.0,0.0
2,61500,VOLCANIC_ROCK,10176.0,113.0,10175.0,59.0,,,10177,113,10178.0,59.0,,,10176.5,0.0
2,61600,VOLCANIC_ROCK,10174.0,221.0,,,,,10176,148,10177.0,73.0,,,10175.0,0.0
2,61700,VOLCANIC_ROCK,10175.0,111.0,10174.0,42.0,,,10177,153,,,,,10176.0,0.0
2,61800,VOLCANIC_ROCK,10175.0,106.0,10174.0,63.0,,,10176,106,10177.0,63.0,,,10175.5,0.0
2,61900,VOLCANIC_ROCK,10177.0,132.0,10176.0,64.0,,,10178,132,10179.0,64.0,,,10177.5,0.0
2,62000,VOLCANIC_ROCK,10180.0,122.0,10179.0,48.0,,,10181,122,10182.0,48.0,,,10180.5,0.0
2,62100,VOLCANIC_ROCK,10186.0,134.0,10185.0,80.0,,,10187,134,10188.0,80.0,,,10186.5,0.0
2,62200,VOLCANIC_ROCK,10184.0,124.0,10183.0,62.0,,,10186,186,,,,,10185.0,0.0
2,62300,VOLCANIC_ROCK,10184.0,132.0,10183.0,68.0,,,10186,190,,,,,10185.0,0.0
2,62400,VOLCANIC_ROCK,10185.0,112.0,10184.0,79.0,,,10186,112,10187.0,79.0,,,10185.5,0.0
2,62500,VOLCANIC_ROCK,10184.0,104.0,10183.0,75.0,,,10186,104,10187.0,75.0,,,10185.0,0.0
2,62600,VOLCANIC_ROCK,10185.0,206.0,,,,,10187,149,10188.0,57.0,,,10186.0,0.0
2,62700,VOLCANIC_ROCK,10184.0,135.0,10183.0,41.0,,,10186,176,,,,,10185.0,0.0
2,62800,VOLCANIC_ROCK,10179.0,162.0,,,,,10181,112,10182.0,50.0,,,10180.0,0.0
2,62900,VOLCANIC_ROCK,10179.0,150.0,10178.0,44.0,,,10180,150,10181.0,44.0,,,10179.5,0.0
2,63000,VOLCANIC_ROCK,10181.0,144.0,10180.0,65.0,,,10183,209,,,,,10182.0,0.0
2,63100,VOLCANIC_ROCK,10182.0,113.0,10181.0,72.0,,,10183,113,10184.0,72.0,,,10182.5,0.0
2,63200,VOLCANIC_ROCK,10181.0,130.0,10180.0,64.0,,,10182,130,10183.0,64.0,,,10181.5,0.0
2,63300,VOLCANIC_ROCK,10182.0,193.0,,,,,10184,126,10185.0,67.0,,,10183.0,0.0
2,63400,VOLCANIC_ROCK,10180.0,131.0,10179.0,77.0,,,10181,131,10182.0,77.0,,,10180.5,0.0
2,63500,VOLCANIC_ROCK,10183.0,127.0,10182.0,60.0,,,10185,187,,,,,10184.0,0.0
2,63600,VOLCANIC_ROCK,10183.0,103.0,10182.0,58.0,,,10185,161,,,,,10184.0,0.0
2,63700,VOLCANIC_ROCK,10183.0,190.0,,,,,10185,133,10186.0,57.0,,,10184.0,0.0
2,63800,VOLCANIC_ROCK,10186.0,119.0,10185.0,51.0,,,10188,119,10189.0,51.0,,,10187.0,0.0
2,63900,VOLCANIC_ROCK,10185.0,94.0,10184.0,49.0,,,10187,151,,,,,10186.0,0.0
2,64000,VOLCANIC_ROCK,10184.0,114.0,10183.0,63.0,,,10185,114,10186.0,63.0,,,10184.5,0.0
2,64100,VOLCANIC_ROCK,10183.0,145.0,10182.0,63.0,,,10184,145,10185.0,63.0,,,10183.5,0.0
2,64200,VOLCANIC_ROCK,10184.0,126.0,10183.0,71.0,,,10185,126,10186.0,71.0,,,10184.5,0.0
2,64300,VOLCANIC_ROCK,10184.0,133.0,10183.0,42.0,,,10185,133,10186.0,42.0,,,10184.5,0.0
2,64400,VOLCANIC_ROCK,10186.0,129.0,10185.0,51.0,,,10187,129,10188.0,51.0,,,10186.5,0.0
2,64500,VOLCANIC_ROCK,10189.0,114.0,10188.0,45.0,,,10190,114,10191.0,45.0,,,10189.5,0.0
2,64600,VOLCANIC_ROCK,10189.0,113.0,10188.0,70.0,,,10191,183,,,,,10190.0,0.0
2,64700,VOLCANIC_ROCK,10189.0,127.0,10188.0,52.0,,,10191,185,,,,,10190.0,0.0
2,64800,VOLCANIC_ROCK,10192.0,112.0,10191.0,55.0,,,10193,112,10194.0,55.0,,,10192.5,0.0
2,64900,VOLCANIC_ROCK,10193.0,8.0,10192.0,193.0,,,10194,140,10195.0,53.0,,,10193.5,0.0
2,65000,VOLCANIC_ROCK,10191.0,129.0,10190.0,45.0,,,10193,174,,,,,10192.0,0.0
2,65100,VOLCANIC_ROCK,10191.0,123.0,10190.0,45.0,,,10192,123,10193.0,45.0,,,10191.5,0.0
2,65200,VOLCANIC_ROCK,10188.0,107.0,10187.0,53.0,,,10190,160,,,,,10189.0,0.0
2,65300,VOLCANIC_ROCK,10190.0,193.0,,,,,10192,144,10193.0,49.0,,,10191.0,0.0
2,65400,VOLCANIC_ROCK,10191.0,110.0,10190.0,75.0,,,10192,110,10193.0,75.0,,,10191.5,0.0
2,65500,VOLCANIC_ROCK,10190.0,123.0,10189.0,62.0,,,10191,123,10192.0,62.0,,,10190.5,0.0
2,65600,VOLCANIC_ROCK,10191.0,102.0,10190.0,77.0,,,10193,179,,,,,10192.0,0.0
2,65700,VOLCANIC_ROCK,10191.0,108.0,10190.0,77.0,,,10192,118,10193.0,77.0,,,10191.5,0.0
2,65800,VOLCANIC_ROCK,10190.0,173.0,,,,,10191,10,10192.0,106.0,10193.0,67.0,10190.5,0.0
2,65900,VOLCANIC_ROCK,10190.0,139.0,10189.0,51.0,,,10192,190,,,,,10191.0,0.0
2,66000,VOLCANIC_ROCK,10188.0,110.0,10187.0,53.0,,,10190,163,,,,,10189.0,0.0
2,66100,VOLCANIC_ROCK,10184.0,208.0,,,,,10186,134,10187.0,74.0,,,10185.0,0.0
2,66200,VOLCANIC_ROCK,10186.0,107.0,10185.0,57.0,,,10187,107,10188.0,57.0,,,10186.5,0.0
2,66300,VOLCANIC_ROCK,10187.0,107.0,10186.0,65.0,,,10188,107,10189.0,65.0,,,10187.5,0.0
2,66400,VOLCANIC_ROCK,10182.0,137.0,10181.0,69.0,,,10184,206,,,,,10183.0,0.0
2,66500,VOLCANIC_ROCK,10182.0,201.0,,,,,10184,128,10185.0,73.0,,,10183.0,0.0
2,66600,VOLCANIC_ROCK,10181.0,131.0,10180.0,57.0,,,10182,131,10183.0,57.0,,,10181.5,0.0
2,66700,VOLCANIC_ROCK,10180.0,137.0,10179.0,52.0,,,10181,137,10182.0,52.0,,,10180.5,0.0
2,66800,VOLCANIC_ROCK,10180.0,132.0,10179.0,53.0,,,10181,132,10182.0,53.0,,,10180.5,0.0
2,66900,VOLCANIC_ROCK,10182.0,167.0,,,,,10184,117,10185.0,50.0,,,10183.0,0.0
2,67000,VOLCANIC_ROCK,10183.0,148.0,10182.0,45.0,,,10184,148,10185.0,45.0,,,10183.5,0.0
2,67100,VOLCANIC_ROCK,10183.0,107.0,10182.0,57.0,,,10184,107,10185.0,57.0,,,10183.5,0.0
2,67200,VOLCANIC_ROCK,10179.0,179.0,,,,,10181,136,10182.0,43.0,,,10180.0,0.0
2,67300,VOLCANIC_ROCK,10180.0,133.0,10179.0,60.0,,,10181,133,10182.0,60.0,,,10180.5,0.0
2,67400,VOLCANIC_ROCK,10180.0,192.0,,,,,10181,10,10182.0,147.0,10183.0,45.0,10180.5,0.0
2,67500,VOLCANIC_ROCK,10180.0,109.0,10179.0,63.0,,,10182,181,,,,,10181.0,0.0
2,67600,VOLCANIC_ROCK,10179.0,192.0,,,,,10180,7,10181.0,112.0,10182.0,80.0,10179.5,0.0
2,67700,VOLCANIC_ROCK,10181.0,184.0,,,,,10183,136,10184.0,48.0,,,10182.0,0.0
2,67800,VOLCANIC_ROCK,10183.0,127.0,10182.0,47.0,,,10184,127,10185.0,47.0,,,10183.5,0.0
2,67900,VOLCANIC_ROCK,10182.0,117.0,10181.0,56.0,,,10183,117,10184.0,56.0,,,10182.5,0.0
2,68000,VOLCANIC_ROCK,10180.0,194.0,,,,,10182,121,10183.0,73.0,,,10181.0,0.0
2,68100,VOLCANIC_ROCK,10180.0,115.0,10179.0,50.0,,,10182,165,,,,,10181.0,0.0
2,68200,VOLCANIC_ROCK,10180.0,126.0,10179.0,76.0,,,10182,202,,,,,10181.0,0.0
2,68300,VOLCANIC_ROCK,10182.0,125.0,10181.0,55.0,,,10183,125,10184.0,55.0,,,10182.5,0.0
2,68400,VOLCANIC_ROCK,10183.0,121.0,10182.0,64.0,,,10184,121,10185.0,64.0,,,10183.5,0.0
2,68500,VOLCANIC_ROCK,10189.0,126.0,10188.0,59.0,,,10190,126,10191.0,59.0,,,10189.5,0.0
2,68600,VOLCANIC_ROCK,10188.0,131.0,10187.0,43.0,,,10190,131,10191.0,43.0,,,10189.0,0.0
2,68700,VOLCANIC_ROCK,10194.0,186.0,,,,,10196,129,10197.0,57.0,,,10195.0,0.0
2,68800,VOLCANIC_ROCK,10190.0,103.0,10189.0,59.0,,,10192,103,10193.0,59.0,,,10191.0,0.0
2,68900,VOLCANIC_ROCK,10192.0,137.0,10191.0,43.0,,,10194,180,,,,,10193.0,0.0
2,69000,VOLCANIC_ROCK,10192.0,139.0,10191.0,66.0,,,10193,133,10194.0,66.0,,,10192.5,0.0
2,69100,VOLCANIC_ROCK,10191.0,120.0,10190.0,67.0,,,10192,120,10193.0,67.0,,,10191.5,0.0
2,69200,VOLCANIC_ROCK,10192.0,120.0,10191.0,76.0,,,10193,120,10194.0,76.0,,,10192.5,0.0
2,69300,VOLCANIC_ROCK,10191.0,138.0,10190.0,74.0,,,10193,138,10194.0,74.0,,,10192.0,0.0
2,69400,VOLCANIC_ROCK,10187.0,185.0,,,,,10189,128,10190.0,57.0,,,10188.0,0.0
2,69500,VOLCANIC_ROCK,10187.0,152.0,10186.0,50.0,,,10188,147,10189.0,50.0,,,10187.5,0.0
2,69600,VOLCANIC_ROCK,10188.0,179.0,,,,,10190,114,10191.0,65.0,,,10189.0,0.0
2,69700,VOLCANIC_ROCK,10188.0,111.0,10187.0,56.0,,,10189,111,10190.0,56.0,,,10188.5,0.0
2,69800,VOLCANIC_ROCK,10187.0,127.0,10186.0,66.0,,,10188,127,10189.0,66.0,,,10187.5,0.0
2,69900,VOLCANIC_ROCK,10187.0,128.0,10186.0,51.0,,,10188,128,10189.0,51.0,,,10187.5,0.0
2,70000,VOLCANIC_ROCK,10186.0,132.0,10185.0,52.0,,,10187,132,10188.0,52.0,,,10186.5,0.0
2,70100,VOLCANIC_ROCK,10186.0,111.0,10185.0,42.0,,,10188,153,,,,,10187.0,0.0
2,70200,VOLCANIC_ROCK,10185.0,215.0,,,,,10187,137,10188.0,78.0,,,10186.0,0.0
2,70300,VOLCANIC_ROCK,10185.0,110.0,10184.0,50.0,,,10186,110,10187.0,50.0,,,10185.5,0.0
2,70400,VOLCANIC_ROCK,10188.0,136.0,10187.0,64.0,,,10190,200,,,,,10189.0,0.0
2,70500,VOLCANIC_ROCK,10187.0,104.0,10186.0,68.0,,,10189,172,,,,,10188.0,0.0
2,70600,VOLCANIC_ROCK,10186.0,142.0,10185.0,80.0,,,10187,142,10188.0,80.0,,,10186.5,0.0
2,70700,VOLCANIC_ROCK,10186.0,126.0,10185.0,69.0,,,10187,126,10188.0,69.0,,,10186.5,0.0
2,70800,VOLCANIC_ROCK,10186.0,139.0,10185.0,40.0,,,10187,139,10188.0,40.0,,,10186.5,0.0
2,70900,VOLCANIC_ROCK,10186.0,171.0,,,,,10188,131,10189.0,40.0,,,10187.0,0.0
2,71000,VOLCANIC_ROCK,10186.0,134.0,10185.0,49.0,,,10187,134,10188.0,49.0,,,10186.5,0.0
2,71100,VOLCANIC_ROCK,10187.0,127.0,10186.0,62.0,,,10189,189,,,,,10188.0,0.0
2,71200,VOLCANIC_ROCK,10188.0,149.0,10187.0,59.0,,,10189,149,10190.0,59.0,,,10188.5,0.0
2,71300,VOLCANIC_ROCK,10189.0,124.0,10188.0,59.0,,,10191,124,10192.0,59.0,,,10190.0,0.0
2,71400,VOLCANIC_ROCK,10190.0,185.0,,,,,10192,110,10193.0,75.0,,,10191.0,0.0
2,71500,VOLCANIC_ROCK,10190.0,122.0,10189.0,68.0,,,10192,190,,,,,10191.0,0.0
2,71600,VOLCANIC_ROCK,10190.0,135.0,10189.0,43.0,,,10191,135,10192.0,43.0,,,10190.5,0.0
2,71700,VOLCANIC_ROCK,10190.0,114.0,10189.0,73.0,,,10191,114,10192.0,73.0,,,10190.5,0.0
2,71800,VOLCANIC_ROCK,10189.0,107.0,10188.0,76.0,,,10191,183,,,,,10190.0,0.0
2,71900,VOLCANIC_ROCK,10188.0,100.0,10187.0,60.0,,,10189,100,10190.0,60.0,,,10188.5,0.0
2,72000,VOLCANIC_ROCK,10186.0,127.0,10185.0,61.0,,,10188,188,,,,,10187.0,0.0
2,72100,VOLCANIC_ROCK,10187.0,149.0,10186.0,77.0,,,10188,149,10189.0,77.0,,,10187.5,0.0
2,72200,VOLCANIC_ROCK,10187.0,141.0,10186.0,58.0,,,10189,141,10190.0,58.0,,,10188.0,0.0
2,72300,VOLCANIC_ROCK,10191.0,150.0,10190.0,75.0,,,10192,150,10193.0,75.0,,,10191.5,0.0
2,72400,VOLCANIC_ROCK,10185.0,134.0,10184.0,57.0,,,10186,139,10187.0,57.0,,,10185.5,0.0
2,72500,VOLCANIC_ROCK,10182.0,107.0,10181.0,49.0,,,10184,156,,,,,10183.0,0.0
2,72600,VOLCANIC_ROCK,10179.0,147.0,10178.0,56.0,,,10180,147,10181.0,56.0,,,10179.5,0.0
2,72700,VOLCANIC_ROCK,10179.0,203.0,,,,,10181,134,10182.0,69.0,,,10180.0,0.0
2,72800,VOLCANIC_ROCK,10180.0,209.0,,,,,10182,133,10183.0,76.0,,,10181.0,0.0
2,72900,VOLCANIC_ROCK,10183.0,145.0,10182.0,71.0,,,10185,216,,,,,10184.0,0.0
2,73000,VOLCANIC_ROCK,10184.0,123.0,10183.0,43.0,,,10186,166,,,,,10185.0,0.0
2,73100,VOLCANIC_ROCK,10184.0,130.0,10183.0,49.0,,,10185,130,10186.0,49.0,,,10184.5,0.0
2,73200,VOLCANIC_ROCK,10184.0,115.0,10183.0,53.0,,,10185,115,10186.0,53.0,,,10184.5,0.0
2,73300,VOLCANIC_ROCK,10182.0,122.0,10181.0,64.0,,,10183,122,10184.0,64.0,,,10182.5,0.0
2,73400,VOLCANIC_ROCK,10180.0,113.0,10179.0,45.0,,,10181,113,10182.0,45.0,,,10180.5,0.0
2,73500,VOLCANIC_ROCK,10181.0,115.0,10180.0,52.0,,,10182,115,10183.0,52.0,,,10181.5,0.0
2,73600,VOLCANIC_ROCK,10182.0,175.0,,,,,10184,118,10185.0,57.0,,,10183.0,0.0
2,73700,VOLCANIC_ROCK,10181.0,138.0,10180.0,56.0,,,10183,138,10184.0,56.0,,,10182.0,0.0
2,73800,VOLCANIC_ROCK,10181.0,130.0,10180.0,46.0,,,10182,130,10183.0,46.0,,,10181.5,0.0
2,73900,VOLCANIC_ROCK,10182.0,137.0,10181.0,41.0,,,10183,137,10184.0,41.0,,,10182.5,0.0
2,74000,VOLCANIC_ROCK,10182.0,113.0,10181.0,63.0,,,10184,176,,,,,10183.0,0.0
2,74100,VOLCANIC_ROCK,10188.0,133.0,10187.0,43.0,,,10190,176,,,,,10189.0,0.0
2,74200,VOLCANIC_ROCK,10188.0,122.0,10187.0,63.0,,,10189,122,10190.0,63.0,,,10188.5,0.0
2,74300,VOLCANIC_ROCK,10186.0,133.0,10185.0,80.0,,,10187,124,10188.0,80.0,,,10186.5,0.0
2,74400,VOLCANIC_ROCK,10188.0,109.0,10187.0,41.0,,,10189,109,10190.0,41.0,,,10188.5,0.0
2,74500,VOLCANIC_ROCK,10188.0,152.0,,,,,10190,108,10191.0,44.0,,,10189.0,0.0
2,74600,VOLCANIC_ROCK,10187.0,179.0,,,,,10189,106,10190.0,73.0,,,10188.0,0.0
2,74700,VOLCANIC_ROCK,10187.0,181.0,,,,,10188,5,10189.0,104.0,10190.0,77.0,10187.5,0.0
2,74800,VOLCANIC_ROCK,10186.0,158.0,,,,,10188,105,10189.0,53.0,,,10187.0,0.0
2,74900,VOLCANIC_ROCK,10185.0,114.0,10184.0,68.0,,,10186,114,10187.0,68.0,,,10185.5,0.0
2,75000,VOLCANIC_ROCK,10186.0,129.0,10185.0,44.0,,,10188,173,,,,,10187.0,0.0
2,75100,VOLCANIC_ROCK,10186.0,156.0,,,,,10188,115,10189.0,41.0,,,10187.0,0.0
2,75200,VOLCANIC_ROCK,10186.0,126.0,10185.0,44.0,,,10188,170,,,,,10187.0,0.0
2,75300,VOLCANIC_ROCK,10186.0,111.0,10185.0,80.0,,,10187,111,10188.0,80.0,,,10186.5,0.0
2,75400,VOLCANIC_ROCK,10183.0,138.0,10182.0,40.0,,,10184,138,10185.0,40.0,,,10183.5,0.0
2,75500,VOLCANIC_ROCK,10186.0,129.0,10185.0,66.0,,,10188,200,,,,,10187.0,0.0
2,75600,VOLCANIC_ROCK,10184.0,210.0,,,,,10186,134,10187.0,76.0,,,10185.0,0.0
2,75700,VOLCANIC_ROCK,10185.0,112.0,10184.0,79.0,,,10186,112,10187.0,79.0,,,10185.5,0.0
2,75800,VOLCANIC_ROCK,10184.0,183.0,,,,,10186,129,10187.0,54.0,,,10185.0,0.0
2,75900,VOLCANIC_ROCK,10184.0,147.0,10183.0,79.0,,,10185,147,10186.0,79.0,,,10184.5,0.0
2,76000,VOLCANIC_ROCK,10183.0,124.0,10182.0,51.0,,,10184,124,10185.0,51.0,,,10183.5,0.0
2,76100,VOLCANIC_ROCK,10183.0,103.0,10182.0,47.0,,,10185,150,,,,,10184.0,0.0
2,76200,VOLCANIC_ROCK,10182.0,158.0,10181.0,63.0,,,10184,212,,,,,10183.0,0.0
2,76300,VOLCANIC_ROCK,10184.0,165.0,,,,,10186,114,10187.0,51.0,,,10185.0,0.0
2,76400,VOLCANIC_ROCK,10184.0,101.0,10183.0,70.0,,,10186,171,,,,,10185.0,0.0
2,76500,VOLCANIC_ROCK,10185.0,129.0,10184.0,72.0,,,10187,201,,,,,10186.0,0.0
2,76600,VOLCANIC_ROCK,10183.0,151.0,10182.0,65.0,,,10185,206,,,,,10184.0,0.0
2,76700,VOLCANIC_ROCK,10184.0,158.0,10183.0,41.0,,,10186,190,,,,,10185.0,0.0
2,76800,VOLCANIC_ROCK,10183.0,201.0,,,,,10185,127,10186.0,74.0,,,10184.0,0.0
2,76900,VOLCANIC_ROCK,10183.0,146.0,10182.0,54.0,,,10185,200,,,,,10184.0,0.0
2,77000,VOLCANIC_ROCK,10183.0,126.0,10182.0,72.0,,,10184,132,10185.0,72.0,,,10183.5,0.0
2,77100,VOLCANIC_ROCK,10182.0,110.0,10181.0,70.0,,,10183,110,10184.0,70.0,,,10182.5,0.0
2,77200,VOLCANIC_ROCK,10182.0,119.0,10181.0,57.0,,,10184,176,,,,,10183.0,0.0
2,77300,VOLCANIC_ROCK,10184.0,121.0,10183.0,76.0,,,10186,197,,,,,10185.0,0.0
2,77400,VOLCANIC_ROCK,10183.0,137.0,10182.0,53.0,,,10185,137,10186.0,53.0,,,10184.0,0.0
2,77500,VOLCANIC_ROCK,10184.0,149.0,10183.0,55.0,,,10185,149,10186.0,55.0,,,10184.5,0.0
2,77600,VOLCANIC_ROCK,10183.0,109.0,10182.0,57.0,,,10185,109,10186.0,57.0,,,10184.0,0.0
2,77700,VOLCANIC_ROCK,10184.0,120.0,10183.0,52.0,,,10185,120,10186.0,52.0,,,10184.5,0.0
2,77800,VOLCANIC_ROCK,10184.0,198.0,,,,,10186,139,10187.0,59.0,,,10185.0,0.0
2,77900,VOLCANIC_ROCK,10185.0,133.0,10184.0,61.0,,,10186,133,10187.0,61.0,,,10185.5,0.0
2,78000,VOLCANIC_ROCK,10183.0,181.0,,,,,10185,132,10186.0,49.0,,,10184.0,0.0
2,78100,VOLCANIC_ROCK,10182.0,184.0,,,,,10184,140,10185.0,44.0,,,10183.0,0.0
2,78200,VOLCANIC_ROCK,10183.0,119.0,10182.0,56.0,,,10184,119,10185.0,56.0,,,10183.5,0.0
2,78300,VOLCANIC_ROCK,10184.0,144.0,10183.0,72.0,,,10185,144,10186.0,72.0,,,10184.5,0.0
2,78400,VOLCANIC_ROCK,10178.0,160.0,,,,,10180,111,10181.0,49.0,,,10179.0,0.0
2,78500,VOLCANIC_ROCK,10179.0,122.0,10178.0,70.0,,,10180,122,10181.0,70.0,,,10179.5,0.0
2,78600,VOLCANIC_ROCK,10179.0,7.0,10178.0,177.0,,,10180,129,10181.0,48.0,,,10179.5,0.0
2,78700,VOLCANIC_ROCK,10179.0,140.0,10178.0,74.0,,,10180,130,10181.0,74.0,,,10179.5,0.0
2,78800,VOLCANIC_ROCK,10179.0,136.0,10178.0,78.0,,,10181,205,,,,,10180.0,0.0
2,78900,VOLCANIC_ROCK,10181.0,132.0,10180.0,54.0,,,10183,186,,,,,10182.0,0.0
2,79000,VOLCANIC_ROCK,10182.0,119.0,10181.0,80.0,,,10183,119,10184.0,80.0,,,10182.5,0.0
2,79100,VOLCANIC_ROCK,10182.0,119.0,10181.0,79.0,,,10183,119,10184.0,79.0,,,10182.5,0.0
2,79200,VOLCANIC_ROCK,10181.0,103.0,10180.0,49.0,,,10182,103,10183.0,49.0,,,10181.5,0.0
2,79300,VOLCANIC_ROCK,10180.0,127.0,10179.0,40.0,,,10181,127,10182.0,40.0,,,10180.5,0.0
2,79400,VOLCANIC_ROCK,10180.0,135.0,10179.0,50.0,,,10181,135,10182.0,50.0,,,10180.5,0.0
2,79500,VOLCANIC_ROCK,10180.0,107.0,10179.0,80.0,,,10181,107,10182.0,80.0,,,10180.5,0.0
2,79600,VOLCANIC_ROCK,10179.0,120.0,10178.0,75.0,,,10180,120,10181.0,75.0,,,10179.5,0.0
2,79700,VOLCANIC_ROCK,10179.0,113.0,10178.0,80.0,,,10180,113,10181.0,80.0,,,10179.5,0.0
2,79800,VOLCANIC_ROCK,10179.0,107.0,10178.0,78.0,,,10180,108,10181.0,78.0,,,10179.5,0.0
2,79900,VOLCANIC_ROCK,10177.0,141.0,10176.0,57.0,,,10178,135,10179.0,57.0,,,10177.5,0.0
2,80000,VOLCANIC_ROCK,10179.0,132.0,10178.0,72.0,,,10180,132,10181.0,72.0,,,10179.5,0.0
2,80100,VOLCANIC_ROCK,10181.0,125.0,10180.0,59.0,,,10182,125,10183.0,59.0,,,10181.5,0.0
2,80200,VOLCANIC_ROCK,10181.0,189.0,,,,,10183,143,10184.0,46.0,,,10182.0,0.0
2,80300,VOLCANIC_ROCK,10182.0,170.0,,,,,10184,107,10185.0,63.0,,,10183.0,0.0
2,80400,VOLCANIC_ROCK,10182.0,200.0,,,,,10184,146,10185.0,54.0,,,10183.0,0.0
2,80500,VOLCANIC_ROCK,10183.0,195.0,,,,,10185,134,10186.0,61.0,,,10184.0,0.0
2,80600,VOLCANIC_ROCK,10185.0,149.0,10184.0,78.0,,,10186,149,10187.0,78.0,,,10185.5,0.0
2,80700,VOLCANIC_ROCK,10186.0,126.0,10185.0,66.0,,,10187,134,10188.0,66.0,,,10186.5,0.0
2,80800,VOLCANIC_ROCK,10186.0,143.0,10185.0,40.0,,,10187,143,10188.0,40.0,,,10186.5,0.0
2,80900,VOLCANIC_ROCK,10184.0,202.0,,,,,10186,143,10187.0,59.0,,,10185.0,0.0
2,81000,VOLCANIC_ROCK,10184.0,123.0,10183.0,44.0,,,10186,167,,,,,10185.0,0.0
2,81100,VOLCANIC_ROCK,10185.0,112.0,10184.0,57.0,,,10186,107,10187.0,57.0,,,10185.5,0.0
2,81200,VOLCANIC_ROCK,10184.0,183.0,,,,,10186,132,10187.0,51.0,,,10185.0,0.0
2,81300,VOLCANIC_ROCK,10183.0,154.0,,,,,10185,113,10186.0,41.0,,,10184.0,0.0
2,81400,VOLCANIC_ROCK,10180.0,196.0,,,,,10182,129,10183.0,67.0,,,10181.0,0.0
2,81500,VOLCANIC_ROCK,10180.0,200.0,,,,,10182,123,10183.0,77.0,,,10181.0,0.0
2,81600,VOLCANIC_ROCK,10179.0,144.0,10178.0,65.0,,,10181,144,10182.0,65.0,,,10180.0,0.0
2,81700,VOLCANIC_ROCK,10181.0,110.0,10180.0,59.0,,,10183,169,,,,,10182.0,0.0
2,81800,VOLCANIC_ROCK,10181.0,150.0,10180.0,80.0,,,10183,230,,,,,10182.0,0.0
2,81900,VOLCANIC_ROCK,10182.0,8.0,10181.0,160.0,,,10183,117,10184.0,43.0,,,10182.5,0.0
2,82000,VOLCANIC_ROCK,10184.0,119.0,10183.0,48.0,,,10185,119,10186.0,48.0,,,10184.5,0.0
2,82100,VOLCANIC_ROCK,10187.0,112.0,10186.0,63.0,,,10188,112,10189.0,63.0,,,10187.5,0.0
2,82200,VOLCANIC_ROCK,10185.0,101.0,10184.0,79.0,,,10186,101,10187.0,79.0,,,10185.5,0.0
2,82300,VOLCANIC_ROCK,10185.0,173.0,,,,,10187,133,10188.0,43.0,,,10186.0,0.0
2,82400,VOLCANIC_ROCK,10185.0,110.0,10184.0,79.0,,,10186,110,10187.0,79.0,,,10185.5,0.0
2,82500,VOLCANIC_ROCK,10185.0,112.0,10184.0,75.0,,,10186,112,10187.0,75.0,,,10185.5,0.0
2,82600,VOLCANIC_ROCK,10185.0,188.0,,,,,10186,6,10187.0,148.0,10188.0,40.0,10185.5,0.0
2,82700,VOLCANIC_ROCK,10187.0,123.0,10186.0,40.0,,,10189,163,,,,,10188.0,0.0
2,82800,VOLCANIC_ROCK,10187.0,203.0,,,,,10189,145,10190.0,58.0,,,10188.0,0.0
2,82900,VOLCANIC_ROCK,10187.0,112.0,10186.0,79.0,,,10188,112,10189.0,79.0,,,10187.5,0.0
2,83000,VOLCANIC_ROCK,10186.0,141.0,10185.0,73.0,,,10188,214,,,,,10187.0,0.0
2,83100,VOLCANIC_ROCK,10186.0,105.0,10185.0,74.0,,,10187,105,10188.0,74.0,,,10186.5,0.0
2,83200,VOLCANIC_ROCK,10186.0,122.0,10185.0,49.0,,,10188,171,,,,,10187.0,0.0
2,83300,VOLCANIC_ROCK,10185.0,104.0,10184.0,57.0,,,10186,104,10187.0,57.0,,,10185.5,0.0
2,83400,VOLCANIC_ROCK,10184.0,195.0,,,,,10186,116,10187.0,79.0,,,10185.0,0.0
2,83500,VOLCANIC_ROCK,10184.0,136.0,10183.0,55.0,,,10185,136,10186.0,55.0,,,10184.5,0.0
2,83600,VOLCANIC_ROCK,10184.0,213.0,,,,,10186,139,10187.0,74.0,,,10185.0,0.0
2,83700,VOLCANIC_ROCK,10186.0,102.0,10185.0,51.0,,,10188,153,,,,,10187.0,0.0
2,83800,VOLCANIC_ROCK,10187.0,108.0,10186.0,59.0,,,10188,108,10189.0,59.0,,,10187.5,0.0
2,83900,VOLCANIC_ROCK,10186.0,127.0,10185.0,47.0,,,10188,174,,,,,10187.0,0.0
2,84000,VOLCANIC_ROCK,10184.0,161.0,,,,,10186,105,10187.0,56.0,,,10185.0,0.0
2,84100,VOLCANIC_ROCK,10183.0,101.0,10182.0,69.0,,,10185,101,10186.0,69.0,,,10184.0,0.0
2,84200,VOLCANIC_ROCK,10182.0,143.0,10181.0,73.0,,,10184,216,,,,,10183.0,0.0
2,84300,VOLCANIC_ROCK,10180.0,107.0,10179.0,55.0,,,10182,162,,,,,10181.0,0.0
2,84400,VOLCANIC_ROCK,10180.0,117.0,10179.0,60.0,,,10181,117,10182.0,60.0,,,10180.5,0.0
2,84500,VOLCANIC_ROCK,10180.0,203.0,,,,,10181,8,10182.0,146.0,10183.0,57.0,10180.5,0.0
2,84600,VOLCANIC_ROCK,10180.0,136.0,10179.0,67.0,,,10181,136,10182.0,67.0,,,10180.5,0.0
2,84700,VOLCANIC_ROCK,10181.0,139.0,10180.0,41.0,,,10182,139,10183.0,41.0,,,10181.5,0.0
2,84800,VOLCANIC_ROCK,10182.0,109.0,10181.0,67.0,,,10183,109,10184.0,67.0,,,10182.5,0.0
2,84900,VOLCANIC_ROCK,10180.0,127.0,10179.0,42.0,,,10181,127,10182.0,42.0,,,10180.5,0.0
2,85000,VOLCANIC_ROCK,10180.0,115.0,10179.0,62.0,,,10181,115,10182.0,62.0,,,10180.5,0.0
2,85100,VOLCANIC_ROCK,10179.0,225.0,,,,,10181,145,10182.0,80.0,,,10180.0,0.0
2,85200,VOLCANIC_ROCK,10181.0,121.0,10180.0,76.0,,,10182,121,10183.0,76.0,,,10181.5,0.0
2,85300,VOLCANIC_ROCK,10181.0,135.0,10180.0,58.0,,,10182,135,10183.0,58.0,,,10181.5,0.0
2,85400,VOLCANIC_ROCK,10181.0,122.0,10180.0,47.0,,,10182,122,10183.0,47.0,,,10181.5,0.0
2,85500,VOLCANIC_ROCK,10183.0,127.0,10182.0,68.0,,,10184,132,10185.0,68.0,,,10183.5,0.0
2,85600,VOLCANIC_ROCK,10182.0,126.0,10181.0,43.0,,,10184,169,,,,,10183.0,0.0
2,85700,VOLCANIC_ROCK,10180.0,179.0,,,,,10182,103,10183.0,76.0,,,10181.0,0.0
2,85800,VOLCANIC_ROCK,10179.0,124.0,10178.0,59.0,,,10180,124,10181.0,59.0,,,10179.5,0.0
2,85900,VOLCANIC_ROCK,10177.0,214.0,,,,,10178,9,10179.0,138.0,10180.0,76.0,10177.5,0.0
2,86000,VOLCANIC_ROCK,10175.0,103.0,10174.0,43.0,,,10176,103,10177.0,43.0,,,10175.5,0.0
2,86100,VOLCANIC_ROCK,10171.0,124.0,10170.0,78.0,,,10173,202,,,,,10172.0,0.0
2,86200,VOLCANIC_ROCK,10172.0,131.0,10171.0,41.0,,,10174,172,,,,,10173.0,0.0
2,86300,VOLCANIC_ROCK,10173.0,181.0,,,,,10174,10,10175.0,120.0,10176.0,61.0,10173.5,0.0
2,86400,VOLCANIC_ROCK,10174.0,181.0,,,,,10176,118,10177.0,63.0,,,10175.0,0.0
2,86500,VOLCANIC_ROCK,10173.0,223.0,,,,,10175,149,10176.0,74.0,,,10174.0,0.0
2,86600,VOLCANIC_ROCK,10173.0,205.0,,,,,10175,125,10176.0,80.0,,,10174.0,0.0
2,86700,VOLCANIC_ROCK,10173.0,176.0,,,,,10175,124,10176.0,52.0,,,10174.0,0.0
2,86800,VOLCANIC_ROCK,10172.0,204.0,,,,,10174,143,10175.0,61.0,,,10173.0,0.0
2,86900,VOLCANIC_ROCK,10172.0,149.0,10171.0,51.0,,,10173,149,10174.0,51.0,,,10172.5,0.0
2,87000,VOLCANIC_ROCK,10172.0,103.0,10171.0,72.0,,,10173,112,10174.0,72.0,,,10172.5,0.0
2,87100,VOLCANIC_ROCK,10172.0,196.0,,,,,10174,129,10175.0,67.0,,,10173.0,0.0
2,87200,VOLCANIC_ROCK,10172.0,200.0,,,,,10174,148,10175.0,52.0,,,10173.0,0.0
2,87300,VOLCANIC_ROCK,10171.0,176.0,,,,,10173,112,10174.0,64.0,,,10172.0,0.0
2,87400,VOLCANIC_ROCK,10172.0,145.0,10171.0,74.0,,,10173,145,10174.0,74.0,,,10172.5,0.0
2,87500,VOLCANIC_ROCK,10174.0,126.0,10173.0,67.0,,,10175,118,10176.0,67.0,,,10174.5,0.0
2,87600,VOLCANIC_ROCK,10173.0,200.0,,,,,10175,141,10176.0,59.0,,,10174.0,0.0
2,87700,VOLCANIC_ROCK,10172.0,133.0,10171.0,45.0,,,10173,133,10174.0,45.0,,,10172.5,0.0
2,87800,VOLCANIC_ROCK,10172.0,146.0,10171.0,78.0,,,10174,224,,,,,10173.0,0.0
2,87900,VOLCANIC_ROCK,10173.0,193.0,,,,,10175,146,10176.0,47.0,,,10174.0,0.0
2,88000,VOLCANIC_ROCK,10173.0,168.0,,,,,10175,120,10176.0,48.0,,,10174.0,0.0
2,88100,VOLCANIC_ROCK,10174.0,178.0,,,,,10176,136,10177.0,42.0,,,10175.0,0.0
2,88200,VOLCANIC_ROCK,10177.0,134.0,10176.0,50.0,,,10178,134,10179.0,50.0,,,10177.5,0.0
2,88300,VOLCANIC_ROCK,10177.0,176.0,,,,,10179,102,10180.0,74.0,,,10178.0,0.0
2,88400,VOLCANIC_ROCK,10178.0,112.0,10177.0,69.0,,,10179,112,10180.0,69.0,,,10178.5,0.0
2,88500,VOLCANIC_ROCK,10178.0,117.0,10177.0,46.0,,,10179,117,10180.0,46.0,,,10178.5,0.0
2,88600,VOLCANIC_ROCK,10178.0,190.0,,,,,10180,142,10181.0,48.0,,,10179.0,0.0
2,88700,VOLCANIC_ROCK,10177.0,128.0,10176.0,70.0,,,10179,198,,,,,10178.0,0.0
2,88800,VOLCANIC_ROCK,10177.0,110.0,10176.0,48.0,,,10178,110,10179.0,48.0,,,10177.5,0.0
2,88900,VOLCANIC_ROCK,10177.0,135.0,10176.0,63.0,,,10178,135,10179.0,63.0,,,10177.5,0.0
2,89000,VOLCANIC_ROCK,10177.0,134.0,10176.0,71.0,,,10178,134,10179.0,71.0,,,10177.5,0.0
2,89100,VOLCANIC_ROCK,10177.0,112.0,10176.0,57.0,,,10178,112,10179.0,57.0,,,10177.5,0.0
2,89200,VOLCANIC_ROCK,10177.0,197.0,,,,,10179,130,10180.0,67.0,,,10178.0,0.0
2,89300,VOLCANIC_ROCK,10177.0,130.0,10176.0,44.0,,,10179,174,,,,,10178.0,0.0
2,89400,VOLCANIC_ROCK,10178.0,102.0,10177.0,69.0,,,10180,171,,,,,10179.0,0.0
2,89500,VOLCANIC_ROCK,10179.0,148.0,,,,,10181,108,10182.0,40.0,,,10180.0,0.0
2,89600,VOLCANIC_ROCK,10180.0,229.0,,,,,10181,6,10182.0,150.0,10183.0,79.0,10180.5,0.0
2,89700,VOLCANIC_ROCK,10183.0,143.0,10182.0,48.0,,,10184,143,10185.0,48.0,,,10183.5,0.0
2,89800,VOLCANIC_ROCK,10182.0,158.0,,,,,10184,108,10185.0,50.0,,,10183.0,0.0
2,89900,VOLCANIC_ROCK,10180.0,108.0,10179.0,42.0,,,10182,108,10183.0,42.0,,,10181.0,0.0
2,90000,VOLCANIC_ROCK,10178.0,123.0,10177.0,56.0,,,10180,123,10181.0,56.0,,,10179.0,0.0
2,90100,VOLCANIC_ROCK,10178.0,132.0,10177.0,77.0,,,10180,209,,,,,10179.0,0.0
2,90200,VOLCANIC_ROCK,10179.0,120.0,10178.0,43.0,,,10180,120,10181.0,43.0,,,10179.5,0.0
2,90300,VOLCANIC_ROCK,10179.0,136.0,10178.0,43.0,,,10180,136,10181.0,43.0,,,10179.5,0.0
2,90400,VOLCANIC_ROCK,10175.0,191.0,,,,,10177,113,10178.0,78.0,,,10176.0,0.0
2,90500,VOLCANIC_ROCK,10176.0,129.0,10175.0,67.0,,,10177,129,10178.0,67.0,,,10176.5,0.0
2,90600,VOLCANIC_ROCK,10175.0,130.0,10174.0,50.0,,,10177,180,,,,,10176.0,0.0
2,90700,VOLCANIC_ROCK,10174.0,142.0,10173.0,75.0,,,10176,217,,,,,10175.0,0.0
2,90800,VOLCANIC_ROCK,10174.0,136.0,10173.0,66.0,,,10175,145,10176.0,66.0,,,10174.5,0.0
2,90900,VOLCANIC_ROCK,10174.0,111.0,10173.0,73.0,,,10175,111,10176.0,73.0,,,10174.5,0.0
2,91000,VOLCANIC_ROCK,10176.0,147.0,,,,,10178,103,10179.0,44.0,,,10177.0,0.0
2,91100,VOLCANIC_ROCK,10179.0,174.0,,,,,10181,106,10182.0,68.0,,,10180.0,0.0
2,91200,VOLCANIC_ROCK,10176.0,129.0,10175.0,44.0,,,10177,129,10178.0,44.0,,,10176.5,0.0
2,91300,VOLCANIC_ROCK,10177.0,130.0,10176.0,40.0,,,10178,130,10179.0,40.0,,,10177.5,0.0
2,91400,VOLCANIC_ROCK,10178.0,105.0,10177.0,64.0,,,10179,105,10180.0,64.0,,,10178.5,0.0
2,91500,VOLCANIC_ROCK,10178.0,128.0,10177.0,69.0,,,10180,197,,,,,10179.0,0.0
2,91600,VOLCANIC_ROCK,10177.0,146.0,10176.0,77.0,,,10178,146,10179.0,77.0,,,10177.5,0.0
2,91700,VOLCANIC_ROCK,10177.0,116.0,10176.0,57.0,,,10178,118,10179.0,57.0,,,10177.5,0.0
2,91800,VOLCANIC_ROCK,10177.0,149.0,10176.0,74.0,,,10179,223,,,,,10178.0,0.0
2,91900,VOLCANIC_ROCK,10174.0,119.0,10173.0,68.0,,,10175,119,10176.0,68.0,,,10174.5,0.0
2,92000,VOLCANIC_ROCK,10176.0,131.0,10175.0,63.0,,,10177,131,10178.0,63.0,,,10176.5,0.0
2,92100,VOLCANIC_ROCK,10177.0,127.0,10176.0,61.0,,,10178,127,10179.0,61.0,,,10177.5,0.0
2,92200,VOLCANIC_ROCK,10180.0,149.0,10179.0,48.0,,,10182,197,,,,,10181.0,0.0
2,92300,VOLCANIC_ROCK,10183.0,107.0,10182.0,54.0,,,10184,107,10185.0,54.0,,,10183.5,0.0
2,92400,VOLCANIC_ROCK,10184.0,201.0,,,,,10186,124,10187.0,77.0,,,10185.0,0.0
2,92500,VOLCANIC_ROCK,10189.0,166.0,,,,,10191,101,10192.0,65.0,,,10190.0,0.0
2,92600,VOLCANIC_ROCK,10192.0,124.0,10191.0,69.0,,,10193,133,10194.0,69.0,,,10192.5,0.0
2,92700,VOLCANIC_ROCK,10189.0,135.0,10188.0,79.0,,,10190,135,10191.0,79.0,,,10189.5,0.0
2,92800,VOLCANIC_ROCK,10190.0,127.0,10189.0,76.0,,,10191,127,10192.0,76.0,,,10190.5,0.0
2,92900,VOLCANIC_ROCK,10188.0,213.0,,,,,10189,7,10190.0,140.0,10191.0,76.0,10188.5,0.0
2,93000,VOLCANIC_ROCK,10185.0,122.0,10184.0,63.0,,,10186,122,10187.0,63.0,,,10185.5,0.0
2,93100,VOLCANIC_ROCK,10184.0,147.0,10183.0,62.0,,,10186,209,,,,,10185.0,0.0
2,93200,VOLCANIC_ROCK,10184.0,114.0,10183.0,57.0,,,10186,171,,,,,10185.0,0.0
2,93300,VOLCANIC_ROCK,10183.0,138.0,10182.0,53.0,,,10185,191,,,,,10184.0,0.0
2,93400,VOLCANIC_ROCK,10180.0,222.0,,,,,10182,149,10183.0,73.0,,,10181.0,0.0
2,93500,VOLCANIC_ROCK,10183.0,124.0,10182.0,67.0,,,10184,124,10185.0,67.0,,,10183.5,0.0
2,93600,VOLCANIC_ROCK,10183.0,102.0,10182.0,44.0,,,10184,102,10185.0,44.0,,,10183.5,0.0
2,93700,VOLCANIC_ROCK,10184.0,108.0,10183.0,41.0,,,10185,108,10186.0,41.0,,,10184.5,0.0
2,93800,VOLCANIC_ROCK,10183.0,120.0,10182.0,51.0,,,10184,120,10185.0,51.0,,,10183.5,0.0
2,93900,VOLCANIC_ROCK,10183.0,119.0,10182.0,79.0,,,10185,198,,,,,10184.0,0.0
2,94000,VOLCANIC_ROCK,10182.0,132.0,10181.0,51.0,,,10183,132,10184.0,51.0,,,10182.5,0.0
2,94100,VOLCANIC_ROCK,10182.0,208.0,,,,,10184,145,10185.0,63.0,,,10183.0,0.0
2,94200,VOLCANIC_ROCK,10181.0,106.0,10180.0,53.0,,,10182,106,10183.0,53.0,,,10181.5,0.0
2,94300,VOLCANIC_ROCK,10177.0,141.0,10176.0,40.0,,,10179,181,,,,,10178.0,0.0
2,94400,VOLCANIC_ROCK,10178.0,168.0,,,,,10180,121,10181.0,47.0,,,10179.0,0.0
2,94500,VOLCANIC_ROCK,10178.0,118.0,10177.0,41.0,,,10179,118,10180.0,41.0,,,10178.5,0.0
2,94600,VOLCANIC_ROCK,10178.0,109.0,10177.0,58.0,,,10179,109,10180.0,58.0,,,10178.5,0.0
2,94700,VOLCANIC_ROCK,10177.0,114.0,10176.0,66.0,,,10178,114,10179.0,66.0,,,10177.5,0.0
2,94800,VOLCANIC_ROCK,10177.0,139.0,10176.0,73.0,,,10179,204,,,,,10178.0,0.0
2,94900,VOLCANIC_ROCK,10177.0,135.0,10176.0,50.0,,,10179,185,,,,,10178.0,0.0
2,95000,VOLCANIC_ROCK,10178.0,128.0,10177.0,57.0,,,10180,128,10181.0,57.0,,,10179.0,0.0
2,95100,VOLCANIC_ROCK,10176.0,133.0,10175.0,60.0,,,10178,193,,,,,10177.0,0.0
2,95200,VOLCANIC_ROCK,10176.0,126.0,10175.0,43.0,,,10178,169,,,,,10177.0,0.0
2,95300,VOLCANIC_ROCK,10173.0,168.0,,,,,10175,117,10176.0,51.0,,,10174.0,0.0
2,95400,VOLCANIC_ROCK,10175.0,113.0,10174.0,51.0,,,10176,113,10177.0,51.0,,,10175.5,0.0
2,95500,VOLCANIC_ROCK,10177.0,111.0,10176.0,62.0,,,10178,111,10179.0,62.0,,,10177.5,0.0
2,95600,VOLCANIC_ROCK,10174.0,115.0,10173.0,72.0,,,10176,187,,,,,10175.0,0.0
2,95700,VOLCANIC_ROCK,10175.0,129.0,10174.0,62.0,,,10176,129,10177.0,62.0,,,10175.5,0.0
2,95800,VOLCANIC_ROCK,10175.0,125.0,10174.0,73.0,,,10177,191,,,,,10176.0,0.0
2,95900,VOLCANIC_ROCK,10176.0,218.0,,,,,10178,140,10179.0,78.0,,,10177.0,0.0
2,96000,VOLCANIC_ROCK,10175.0,102.0,10174.0,52.0,,,10176,102,10177.0,52.0,,,10175.5,0.0
2,96100,VOLCANIC_ROCK,10174.0,147.0,10173.0,70.0,,,10175,147,10176.0,70.0,,,10174.5,0.0
2,96200,VOLCANIC_ROCK,10175.0,216.0,,,,,10177,149,10178.0,67.0,,,10176.0,0.0
2,96300,VOLCANIC_ROCK,10177.0,125.0,10176.0,42.0,,,10178,125,10179.0,42.0,,,10177.5,0.0
2,96400,VOLCANIC_ROCK,10172.0,195.0,,,,,10174,136,10175.0,59.0,,,10173.0,0.0
2,96500,VOLCANIC_ROCK,10173.0,149.0,10172.0,64.0,,,10175,208,,,,,10174.0,0.0
2,96600,VOLCANIC_ROCK,10173.0,137.0,10172.0,69.0,,,10174,137,10175.0,69.0,,,10173.5,0.0
2,96700,VOLCANIC_ROCK,10173.0,141.0,10172.0,51.0,,,10174,141,10175.0,51.0,,,10173.5,0.0
2,96800,VOLCANIC_ROCK,10169.0,152.0,10168.0,75.0,,,10170,142,10171.0,75.0,,,10169.5,0.0
2,96900,VOLCANIC_ROCK,10168.0,131.0,10167.0,45.0,,,10170,176,,,,,10169.0,0.0
2,97000,VOLCANIC_ROCK,10170.0,116.0,10169.0,70.0,,,10172,186,,,,,10171.0,0.0
2,97100,VOLCANIC_ROCK,10170.0,149.0,10169.0,49.0,,,10172,198,,,,,10171.0,0.0
2,97200,VOLCANIC_ROCK,10168.0,163.0,,,,,10170,102,10171.0,61.0,,,10169.0,0.0
2,97300,VOLCANIC_ROCK,10168.0,177.0,,,,,10170,126,10171.0,51.0,,,10169.0,0.0
2,97400,VOLCANIC_ROCK,10168.0,100.0,10167.0,51.0,,,10169,100,10170.0,51.0,,,10168.5,0.0
2,97500,VOLCANIC_ROCK,10168.0,143.0,10167.0,47.0,,,10169,143,10170.0,47.0,,,10168.5,0.0
2,97600,VOLCANIC_ROCK,10170.0,137.0,10169.0,74.0,,,10171,137,10172.0,74.0,,,10170.5,0.0
2,97700,VOLCANIC_ROCK,10167.0,115.0,10166.0,72.0,,,10169,115,10170.0,72.0,,,10168.0,0.0
2,97800,VOLCANIC_ROCK,10168.0,132.0,10167.0,61.0,,,10170,193,,,,,10169.0,0.0
2,97900,VOLCANIC_ROCK,10167.0,202.0,,,,,10169,140,10170.0,62.0,,,10168.0,0.0
2,98000,VOLCANIC_ROCK,10168.0,148.0,10167.0,44.0,,,10169,149,10170.0,44.0,,,10168.5,0.0
2,98100,VOLCANIC_ROCK,10165.0,151.0,,,,,10166,8,10167.0,104.0,10168.0,47.0,10165.5,0.0
2,98200,VOLCANIC_ROCK,10165.0,138.0,10164.0,78.0,,,10167,221,,,,,10166.0,0.0
2,98300,VOLCANIC_ROCK,10165.0,129.0,10164.0,76.0,,,10166,129,10167.0,76.0,,,10165.5,0.0
2,98400,VOLCANIC_ROCK,10163.0,219.0,,,,,10165,145,10166.0,74.0,,,10164.0,0.0
2,98500,VOLCANIC_ROCK,10162.0,149.0,10161.0,46.0,,,10163,149,10164.0,46.0,,,10162.5,0.0
2,98600,VOLCANIC_ROCK,10161.0,192.0,,,,,10163,120,10164.0,72.0,,,10162.0,0.0
2,98700,VOLCANIC_ROCK,10161.0,121.0,10160.0,70.0,,,10163,191,,,,,10162.0,0.0
2,98800,VOLCANIC_ROCK,10163.0,134.0,10162.0,41.0,,,10164,134,10165.0,41.0,,,10163.5,0.0
2,98900,VOLCANIC_ROCK,10161.0,143.0,10160.0,68.0,,,10163,211,,,,,10162.0,0.0
2,99000,VOLCANIC_ROCK,10162.0,123.0,10161.0,54.0,,,10164,177,,,,,10163.0,0.0
2,99100,VOLCANIC_ROCK,10162.0,103.0,10161.0,50.0,,,10164,153,,,,,10163.0,0.0
2,99200,VOLCANIC_ROCK,10161.0,214.0,,,,,10162,7,10163.0,139.0,10164.0,75.0,10161.5,0.0
2,99300,VOLCANIC_ROCK,10161.0,114.0,10160.0,61.0,,,10162,114,10163.0,61.0,,,10161.5,0.0
2,99400,VOLCANIC_ROCK,10158.0,136.0,10157.0,60.0,,,10159,136,10160.0,60.0,,,10158.5,0.0
2,99500,VOLCANIC_ROCK,10154.0,124.0,10153.0,79.0,,,10155,124,10156.0,79.0,,,10154.5,0.0
2,99600,VOLCANIC_ROCK,10153.0,108.0,10152.0,55.0,,,10155,163,,,,,10154.0,0.0
2,99700,VOLCANIC_ROCK,10150.0,122.0,10149.0,61.0,,,10151,117,10152.0,61.0,,,10150.5,0.0
2,99800,VOLCANIC_ROCK,10155.0,148.0,10154.0,76.0,,,10156,148,10157.0,76.0,,,10155.5,0.0
2,99900,VOLCANIC_ROCK,10155.0,118.0,10154.0,64.0,,,10157,174,,,,,10156.0,0.0
2,100000,VOLCANIC_ROCK,10155.0,100.0,10154.0,68.0,,,10157,168,,,,,10156.0,0.0
2,100100,VOLCANIC_ROCK,10153.0,174.0,,,,,10155,103,10156.0,71.0,,,10154.0,0.0
2,100200,VOLCANIC_ROCK,10152.0,114.0,10151.0,68.0,,,10154,182,,,,,10153.0,0.0
2,100300,VOLCANIC_ROCK,10153.0,131.0,10152.0,59.0,,,10155,190,,,,,10154.0,0.0
2,100400,VOLCANIC_ROCK,10152.0,196.0,,,,,10154,131,10155.0,65.0,,,10153.0,0.0
2,100500,VOLCANIC_ROCK,10153.0,158.0,,,,,10155,108,10156.0,50.0,,,10154.0,0.0
2,100600,VOLCANIC_ROCK,10154.0,180.0,,,,,10156,126,10157.0,54.0,,,10155.0,0.0
2,100700,VOLCANIC_ROCK,10155.0,109.0,10154.0,62.0,,,10156,109,10157.0,62.0,,,10155.5,0.0
2,100800,VOLCANIC_ROCK,10155.0,123.0,10154.0,59.0,,,10156,123,10157.0,59.0,,,10155.5,0.0
2,100900,VOLCANIC_ROCK,10152.0,116.0,10151.0,76.0,,,10153,106,10154.0,76.0,,,10152.5,0.0
2,101000,VOLCANIC_ROCK,10153.0,130.0,10152.0,60.0,,,10155,190,,,,,10154.0,0.0
2,101100,VOLCANIC_ROCK,10155.0,185.0,,,,,10157,135,10158.0,50.0,,,10156.0,0.0
2,101200,VOLCANIC_ROCK,10155.0,104.0,10154.0,52.0,,,10156,104,10157.0,52.0,,,10155.5,0.0
2,101300,VOLCANIC_ROCK,10155.0,117.0,10154.0,61.0,,,10157,178,,,,,10156.0,0.0
2,101400,VOLCANIC_ROCK,10155.0,144.0,10154.0,43.0,,,10156,144,10157.0,43.0,,,10155.5,0.0
2,101500,VOLCANIC_ROCK,10154.0,186.0,,,,,10156,124,10157.0,62.0,,,10155.0,0.0
2,101600,VOLCANIC_ROCK,10155.0,130.0,10154.0,46.0,,,10156,130,10157.0,46.0,,,10155.5,0.0
2,101700,VOLCANIC_ROCK,10154.0,111.0,10153.0,47.0,,,10156,158,,,,,10155.0,0.0
2,101800,VOLCANIC_ROCK,10154.0,138.0,10153.0,49.0,,,10155,138,10156.0,49.0,,,10154.5,0.0
2,101900,VOLCANIC_ROCK,10155.0,205.0,,,,,10157,137,10158.0,68.0,,,10156.0,0.0
2,102000,VOLCANIC_ROCK,10155.0,172.0,,,,,10157,106,10158.0,66.0,,,10156.0,0.0
2,102100,VOLCANIC_ROCK,10154.0,113.0,10153.0,49.0,,,10155,119,10156.0,49.0,,,10154.5,0.0
2,102200,VOLCANIC_ROCK,10154.0,109.0,10153.0,51.0,,,10155,109,10156.0,51.0,,,10154.5,0.0
2,102300,VOLCANIC_ROCK,10152.0,116.0,10151.0,65.0,,,10153,116,10154.0,65.0,,,10152.5,0.0
2,102400,VOLCANIC_ROCK,10148.0,146.0,10147.0,59.0,,,10150,205,,,,,10149.0,0.0
2,102500,VOLCANIC_ROCK,10146.0,107.0,10145.0,45.0,,,10147,107,10148.0,45.0,,,10146.5,0.0
2,102600,VOLCANIC_ROCK,10148.0,194.0,,,,,10150,144,10151.0,50.0,,,10149.0,0.0
2,102700,VOLCANIC_ROCK,10147.0,136.0,10146.0,41.0,,,10149,177,,,,,10148.0,0.0
2,102800,VOLCANIC_ROCK,10146.0,117.0,10145.0,57.0,,,10147,107,10148.0,57.0,,,10146.5,0.0
2,102900,VOLCANIC_ROCK,10148.0,143.0,10147.0,48.0,,,10149,143,10150.0,48.0,,,10148.5,0.0
2,103000,VOLCANIC_ROCK,10149.0,114.0,10148.0,75.0,,,10150,114,10151.0,75.0,,,10149.5,0.0
2,103100,VOLCANIC_ROCK,10146.0,100.0,10145.0,71.0,,,10147,100,10148.0,71.0,,,10146.5,0.0
2,103200,VOLCANIC_ROCK,10148.0,142.0,10147.0,76.0,,,10150,142,10151.0,76.0,,,10149.0,0.0
2,103300,VOLCANIC_ROCK,10151.0,148.0,10150.0,58.0,,,10153,148,10154.0,58.0,,,10152.0,0.0
2,103400,VOLCANIC_ROCK,10150.0,140.0,10149.0,45.0,,,10151,130,10152.0,45.0,,,10150.5,0.0
2,103500,VOLCANIC_ROCK,10151.0,118.0,10150.0,62.0,,,10152,109,10153.0,62.0,,,10151.5,0.0
2,103600,VOLCANIC_ROCK,10155.0,108.0,10154.0,41.0,,,10156,117,10157.0,41.0,,,10155.5,0.0
2,103700,VOLCANIC_ROCK,10158.0,107.0,10157.0,44.0,,,10159,107,10160.0,44.0,,,10158.5,0.0
2,103800,VOLCANIC_ROCK,10159.0,126.0,10158.0,44.0,,,10160,126,10161.0,44.0,,,10159.5,0.0
2,103900,VOLCANIC_ROCK,10159.0,107.0,10158.0,56.0,,,10160,107,10161.0,56.0,,,10159.5,0.0
2,104000,VOLCANIC_ROCK,10157.0,121.0,10156.0,54.0,,,10158,121,10159.0,54.0,,,10157.5,0.0
2,104100,VOLCANIC_ROCK,10155.0,106.0,10154.0,40.0,,,10156,106,10157.0,40.0,,,10155.5,0.0
2,104200,VOLCANIC_ROCK,10155.0,129.0,10154.0,58.0,,,10156,129,10157.0,58.0,,,10155.5,0.0
2,104300,VOLCANIC_ROCK,10153.0,189.0,,,,,10155,149,10156.0,40.0,,,10154.0,0.0
2,104400,VOLCANIC_ROCK,10155.0,101.0,10154.0,53.0,,,10156,101,10157.0,53.0,,,10155.5,0.0
2,104500,VOLCANIC_ROCK,10157.0,105.0,10156.0,72.0,,,10158,105,10159.0,72.0,,,10157.5,0.0
2,104600,VOLCANIC_ROCK,10161.0,142.0,10160.0,68.0,,,10162,142,10163.0,68.0,,,10161.5,0.0
2,104700,VOLCANIC_ROCK,10162.0,214.0,,,,,10164,137,10165.0,77.0,,,10163.0,0.0
2,104800,VOLCANIC_ROCK,10163.0,106.0,10162.0,61.0,,,10164,106,10165.0,61.0,,,10163.5,0.0
2,104900,VOLCANIC_ROCK,10164.0,115.0,10163.0,59.0,,,10165,115,10166.0,59.0,,,10164.5,0.0
2,105000,VOLCANIC_ROCK,10165.0,144.0,10164.0,45.0,,,10166,144,10167.0,45.0,,,10165.5,0.0
2,105100,VOLCANIC_ROCK,10163.0,101.0,10162.0,54.0,,,10164,101,10165.0,54.0,,,10163.5,0.0
2,105200,VOLCANIC_ROCK,10162.0,134.0,10161.0,51.0,,,10163,134,10164.0,51.0,,,10162.5,0.0
2,105300,VOLCANIC_ROCK,10160.0,111.0,10159.0,53.0,,,10161,111,10162.0,53.0,,,10160.5,0.0
2,105400,VOLCANIC_ROCK,10158.0,116.0,10157.0,65.0,,,10159,116,10160.0,65.0,,,10158.5,0.0
2,105500,VOLCANIC_ROCK,10159.0,108.0,10158.0,64.0,,,10160,108,10161.0,64.0,,,10159.5,0.0
2,105600,VOLCANIC_ROCK,10157.0,150.0,10156.0,41.0,,,10159,191,,,,,10158.0,0.0
2,105700,VOLCANIC_ROCK,10157.0,104.0,10156.0,46.0,,,10158,104,10159.0,46.0,,,10157.5,0.0
2,105800,VOLCANIC_ROCK,10155.0,150.0,10154.0,71.0,,,10156,150,10157.0,71.0,,,10155.5,0.0
2,105900,VOLCANIC_ROCK,10157.0,147.0,10156.0,48.0,,,10158,147,10159.0,48.0,,,10157.5,0.0
2,106000,VOLCANIC_ROCK,10155.0,184.0,,,,,10157,141,10158.0,43.0,,,10156.0,0.0
2,106100,VOLCANIC_ROCK,10156.0,142.0,10155.0,64.0,,,10157,142,10158.0,64.0,,,10156.5,0.0
2,106200,VOLCANIC_ROCK,10154.0,144.0,10153.0,70.0,,,10156,214,,,,,10155.0,0.0
2,106300,VOLCANIC_ROCK,10155.0,108.0,10154.0,53.0,,,10156,117,10157.0,53.0,,,10155.5,0.0
2,106400,VOLCANIC_ROCK,10151.0,150.0,10150.0,47.0,,,10152,144,10153.0,47.0,,,10151.5,0.0
2,106500,VOLCANIC_ROCK,10149.0,131.0,10148.0,74.0,,,10150,121,10151.0,74.0,,,10149.5,0.0
2,106600,VOLCANIC_ROCK,10147.0,149.0,,,,,10149,106,10150.0,43.0,,,10148.0,0.0
2,106700,VOLCANIC_ROCK,10145.0,138.0,10144.0,51.0,,,10147,196,,,,,10146.0,0.0
2,106800,VOLCANIC_ROCK,10144.0,135.0,10143.0,61.0,,,10145,135,10146.0,61.0,,,10144.5,0.0
2,106900,VOLCANIC_ROCK,10145.0,171.0,,,,,10147,124,10148.0,47.0,,,10146.0,0.0
2,107000,VOLCANIC_ROCK,10147.0,103.0,10146.0,51.0,,,10148,103,10149.0,51.0,,,10147.5,0.0
2,107100,VOLCANIC_ROCK,10146.0,104.0,10145.0,48.0,,,10147,104,10148.0,48.0,,,10146.5,0.0
2,107200,VOLCANIC_ROCK,10145.0,155.0,,,,,10147,106,10148.0,49.0,,,10146.0,0.0
2,107300,VOLCANIC_ROCK,10141.0,147.0,10140.0,53.0,,,10143,200,,,,,10142.0,0.0
2,107400,VOLCANIC_ROCK,10140.0,184.0,,,,,10142,144,10143.0,40.0,,,10141.0,0.0
2,107500,VOLCANIC_ROCK,10143.0,168.0,,,,,10145,117,10146.0,51.0,,,10144.0,0.0
2,107600,VOLCANIC_ROCK,10139.0,145.0,10138.0,54.0,,,10140,145,10141.0,54.0,,,10139.5,0.0
2,107700,VOLCANIC_ROCK,10139.0,114.0,10138.0,67.0,,,10141,114,10142.0,67.0,,,10140.0,0.0
2,107800,VOLCANIC_ROCK,10143.0,136.0,10142.0,79.0,,,10144,136,10145.0,79.0,,,10143.5,0.0
2,107900,VOLCANIC_ROCK,10141.0,114.0,10140.0,59.0,,,10142,114,10143.0,59.0,,,10141.5,0.0
2,108000,VOLCANIC_ROCK,10140.0,165.0,,,,,10142,102,10143.0,63.0,,,10141.0,0.0
2,108100,VOLCANIC_ROCK,10140.0,186.0,,,,,10142,127,10143.0,59.0,,,10141.0,0.0
2,108200,VOLCANIC_ROCK,10139.0,151.0,,,,,10141,108,10142.0,43.0,,,10140.0,0.0
2,108300,VOLCANIC_ROCK,10142.0,106.0,10141.0,72.0,,,10143,106,10144.0,72.0,,,10142.5,0.0
2,108400,VOLCANIC_ROCK,10138.0,123.0,10137.0,79.0,,,10139,123,10140.0,79.0,,,10138.5,0.0
2,108500,VOLCANIC_ROCK,10141.0,191.0,,,,,10143,141,10144.0,50.0,,,10142.0,0.0
2,108600,VOLCANIC_ROCK,10142.0,7.0,10141.0,181.0,,,10143,110,10144.0,71.0,,,10142.5,0.0
2,108700,VOLCANIC_ROCK,10142.0,101.0,10141.0,56.0,,,10144,157,,,,,10143.0,0.0
2,108800,VOLCANIC_ROCK,10141.0,147.0,10140.0,47.0,,,10143,194,,,,,10142.0,0.0
2,108900,VOLCANIC_ROCK,10141.0,135.0,10140.0,77.0,,,10143,212,,,,,10142.0,0.0
2,109000,VOLCANIC_ROCK,10141.0,119.0,10140.0,51.0,,,10142,109,10143.0,51.0,,,10141.5,0.0
2,109100,VOLCANIC_ROCK,10141.0,110.0,10140.0,78.0,,,10143,188,,,,,10142.0,0.0
2,109200,VOLCANIC_ROCK,10141.0,213.0,,,,,10143,147,10144.0,66.0,,,10142.0,0.0
2,109300,VOLCANIC_ROCK,10144.0,109.0,10143.0,71.0,,,10146,180,,,,,10145.0,0.0
2,109400,VOLCANIC_ROCK,10146.0,117.0,10145.0,60.0,,,10148,177,,,,,10147.0,0.0
2,109500,VOLCANIC_ROCK,10147.0,194.0,,,,,10149,127,10150.0,67.0,,,10148.0,0.0
2,109600,VOLCANIC_ROCK,10147.0,107.0,10146.0,58.0,,,10149,165,,,,,10148.0,0.0
2,109700,VOLCANIC_ROCK,10147.0,148.0,10146.0,56.0,,,10148,148,10149.0,56.0,,,10147.5,0.0
2,109800,VOLCANIC_ROCK,10145.0,120.0,10144.0,76.0,,,10146,120,10147.0,76.0,,,10145.5,0.0
2,109900,VOLCANIC_ROCK,10145.0,163.0,,,,,10147,102,10148.0,61.0,,,10146.0,0.0
2,110000,VOLCANIC_ROCK,10147.0,144.0,10146.0,51.0,,,10148,135,10149.0,51.0,,,10147.5,0.0
2,110100,VOLCANIC_ROCK,10154.0,140.0,10153.0,45.0,,,10156,185,,,,,10155.0,0.0
2,110200,VOLCANIC_ROCK,10151.0,113.0,10150.0,71.0,,,10152,113,10153.0,71.0,,,10151.5,0.0
2,110300,VOLCANIC_ROCK,10150.0,148.0,10149.0,76.0,,,10151,148,10152.0,76.0,,,10150.5,0.0
2,110400,VOLCANIC_ROCK,10150.0,175.0,,,,,10152,109,10153.0,66.0,,,10151.0,0.0
2,110500,VOLCANIC_ROCK,10153.0,3.0,10152.0,140.0,10151.0,55.0,10154,195,,,,,10153.5,0.0
2,110600,VOLCANIC_ROCK,10150.0,103.0,10149.0,66.0,,,10151,103,10152.0,66.0,,,10150.5,0.0
2,110700,VOLCANIC_ROCK,10152.0,188.0,,,,,10154,135,10155.0,53.0,,,10153.0,0.0
2,110800,VOLCANIC_ROCK,10152.0,183.0,,,,,10154,138,10155.0,45.0,,,10153.0,0.0
2,110900,VOLCANIC_ROCK,10152.0,122.0,10151.0,51.0,,,10153,122,10154.0,51.0,,,10152.5,0.0
2,111000,VOLCANIC_ROCK,10151.0,221.0,,,,,10153,147,10154.0,74.0,,,10152.0,0.0
2,111100,VOLCANIC_ROCK,10157.0,139.0,10156.0,80.0,,,10158,139,10159.0,80.0,,,10157.5,0.0
2,111200,VOLCANIC_ROCK,10155.0,105.0,10154.0,76.0,,,10156,105,10157.0,76.0,,,10155.5,0.0
2,111300,VOLCANIC_ROCK,10157.0,107.0,10156.0,77.0,,,10158,107,10159.0,77.0,,,10157.5,0.0
2,111400,VOLCANIC_ROCK,10154.0,167.0,,,,,10156,113,10157.0,54.0,,,10155.0,0.0
2,111500,VOLCANIC_ROCK,10155.0,145.0,10154.0,62.0,,,10156,147,10157.0,62.0,,,10155.5,0.0
2,111600,VOLCANIC_ROCK,10153.0,148.0,10152.0,60.0,,,10154,148,10155.0,60.0,,,10153.5,0.0
2,111700,VOLCANIC_ROCK,10153.0,108.0,10152.0,77.0,,,10154,108,10155.0,77.0,,,10153.5,0.0
2,111800,VOLCANIC_ROCK,10154.0,179.0,,,,,10156,108,10157.0,71.0,,,10155.0,0.0
2,111900,VOLCANIC_ROCK,10161.0,110.0,10160.0,40.0,,,10162,110,10163.0,40.0,,,10161.5,0.0
2,112000,VOLCANIC_ROCK,10160.0,108.0,10159.0,79.0,,,10161,108,10162.0,79.0,,,10160.5,0.0
2,112100,VOLCANIC_ROCK,10159.0,105.0,10158.0,40.0,,,10160,105,10161.0,40.0,,,10159.5,0.0
2,112200,VOLCANIC_ROCK,10160.0,189.0,,,,,10162,121,10163.0,68.0,,,10161.0,0.0
2,112300,VOLCANIC_ROCK,10159.0,111.0,10158.0,40.0,,,10160,111,10161.0,40.0,,,10159.5,0.0
2,112400,VOLCANIC_ROCK,10157.0,114.0,10156.0,71.0,,,10158,114,10159.0,71.0,,,10157.5,0.0
2,112500,VOLCANIC_ROCK,10157.0,124.0,10156.0,60.0,,,10158,124,10159.0,60.0,,,10157.5,0.0
2,112600,VOLCANIC_ROCK,10157.0,123.0,10156.0,47.0,,,10158,123,10159.0,47.0,,,10157.5,0.0
2,112700,VOLCANIC_ROCK,10160.0,119.0,10159.0,62.0,,,10161,119,10162.0,62.0,,,10160.5,0.0
2,112800,VOLCANIC_ROCK,10160.0,136.0,10159.0,71.0,,,10161,136,10162.0,71.0,,,10160.5,0.0
2,112900,VOLCANIC_ROCK,10161.0,188.0,,,,,10163,130,10164.0,58.0,,,10162.0,0.0
2,113000,VOLCANIC_ROCK,10160.0,176.0,,,,,10162,119,10163.0,57.0,,,10161.0,0.0
2,113100,VOLCANIC_ROCK,10159.0,104.0,10158.0,67.0,,,10161,171,,,,,10160.0,0.0
2,113200,VOLCANIC_ROCK,10157.0,178.0,,,,,10159,136,10160.0,42.0,,,10158.0,0.0
2,113300,VOLCANIC_ROCK,10157.0,142.0,10156.0,78.0,,,10158,142,10159.0,78.0,,,10157.5,0.0
2,113400,VOLCANIC_ROCK,10155.0,106.0,10154.0,53.0,,,10156,106,10157.0,53.0,,,10155.5,0.0
2,113500,VOLCANIC_ROCK,10154.0,117.0,10153.0,55.0,,,10155,117,10156.0,55.0,,,10154.5,0.0
2,113600,VOLCANIC_ROCK,10154.0,119.0,10153.0,60.0,,,10155,119,10156.0,60.0,,,10154.5,0.0
2,113700,VOLCANIC_ROCK,10153.0,134.0,10152.0,62.0,,,10154,134,10155.0,62.0,,,10153.5,0.0
2,113800,VOLCANIC_ROCK,10154.0,206.0,,,,,10156,143,10157.0,63.0,,,10155.0,0.0
2,113900,VOLCANIC_ROCK,10159.0,134.0,10158.0,46.0,,,10160,134,10161.0,46.0,,,10159.5,0.0
2,114000,VOLCANIC_ROCK,10157.0,194.0,,,,,10159,143,10160.0,51.0,,,10158.0,0.0
2,114100,VOLCANIC_ROCK,10156.0,103.0,10155.0,44.0,,,10158,147,,,,,10157.0,0.0
2,114200,VOLCANIC_ROCK,10154.0,119.0,10153.0,69.0,,,10155,119,10156.0,69.0,,,10154.5,0.0
2,114300,VOLCANIC_ROCK,10154.0,187.0,,,,,10156,139,10157.0,46.0,,,10155.0,0.0
2,114400,VOLCANIC_ROCK,10153.0,128.0,10152.0,59.0,,,10154,128,10155.0,59.0,,,10153.5,0.0
2,114500,VOLCANIC_ROCK,10155.0,147.0,10154.0,66.0,,,10156,147,10157.0,66.0,,,10155.5,0.0
2,114600,VOLCANIC_ROCK,10154.0,164.0,,,,,10156,111,10157.0,53.0,,,10155.0,0.0
2,114700,VOLCANIC_ROCK,10154.0,140.0,10153.0,62.0,,,10156,202,,,,,10155.0,0.0
2,114800,VOLCANIC_ROCK,10155.0,116.0,10154.0,76.0,,,10157,192,,,,,10156.0,0.0
2,114900,VOLCANIC_ROCK,10158.0,118.0,10157.0,68.0,,,10160,186,,,,,10159.0,0.0
2,115000,VOLCANIC_ROCK,10157.0,132.0,10156.0,59.0,,,10158,132,10159.0,59.0,,,10157.5,0.0
2,115100,VOLCANIC_ROCK,10155.0,114.0,10154.0,68.0,,,10156,114,10157.0,68.0,,,10155.5,0.0
2,115200,VOLCANIC_ROCK,10156.0,148.0,,,,,10158,100,10159.0,48.0,,,10157.0,0.0
2,115300,VOLCANIC_ROCK,10156.0,111.0,10155.0,57.0,,,10157,103,10158.0,57.0,,,10156.5,0.0
2,115400,VOLCANIC_ROCK,10153.0,101.0,10152.0,48.0,,,10155,149,,,,,10154.0,0.0
2,115500,VOLCANIC_ROCK,10153.0,140.0,10152.0,47.0,,,10155,187,,,,,10154.0,0.0
2,115600,VOLCANIC_ROCK,10153.0,139.0,10152.0,63.0,,,10154,139,10155.0,63.0,,,10153.5,0.0
2,115700,VOLCANIC_ROCK,10157.0,100.0,10156.0,59.0,,,10158,100,10159.0,59.0,,,10157.5,0.0
2,115800,VOLCANIC_ROCK,10158.0,112.0,10157.0,60.0,,,10159,112,10160.0,60.0,,,10158.5,0.0
2,115900,VOLCANIC_ROCK,10156.0,102.0,10155.0,78.0,,,10157,102,10158.0,78.0,,,10156.5,0.0
2,116000,VOLCANIC_ROCK,10154.0,145.0,10153.0,65.0,,,10156,210,,,,,10155.0,0.0
2,116100,VOLCANIC_ROCK,10152.0,126.0,10151.0,56.0,,,10153,126,10154.0,56.0,,,10152.5,0.0
2,116200,VOLCANIC_ROCK,10151.0,104.0,10150.0,69.0,,,10153,173,,,,,10152.0,0.0
2,116300,VOLCANIC_ROCK,10150.0,144.0,10149.0,52.0,,,10151,144,10152.0,52.0,,,10150.5,0.0
2,116400,VOLCANIC_ROCK,10152.0,146.0,10151.0,61.0,,,10153,144,10154.0,61.0,,,10152.5,0.0
2,116500,VOLCANIC_ROCK,10151.0,134.0,10150.0,49.0,,,10152,134,10153.0,49.0,,,10151.5,0.0
2,116600,VOLCANIC_ROCK,10151.0,130.0,10150.0,45.0,,,10152,130,10153.0,45.0,,,10151.5,0.0
2,116700,VOLCANIC_ROCK,10150.0,102.0,10149.0,60.0,,,10152,102,10153.0,60.0,,,10151.0,0.0
2,116800,VOLCANIC_ROCK,10151.0,190.0,,,,,10153,118,10154.0,72.0,,,10152.0,0.0
2,116900,VOLCANIC_ROCK,10153.0,128.0,10152.0,78.0,,,10155,128,10156.0,78.0,,,10154.0,0.0
2,117000,VOLCANIC_ROCK,10152.0,103.0,10151.0,76.0,,,10153,103,10154.0,76.0,,,10152.5,0.0
2,117100,VOLCANIC_ROCK,10152.0,118.0,10151.0,47.0,,,10153,110,10154.0,47.0,,,10152.5,0.0
2,117200,VOLCANIC_ROCK,10153.0,177.0,,,,,10155,133,10156.0,44.0,,,10154.0,0.0
2,117300,VOLCANIC_ROCK,10155.0,105.0,10154.0,51.0,,,10157,156,,,,,10156.0,0.0
2,117400,VOLCANIC_ROCK,10154.0,145.0,10153.0,67.0,,,10155,145,10156.0,67.0,,,10154.5,0.0
2,117500,VOLCANIC_ROCK,10157.0,184.0,,,,,10158,9,10159.0,138.0,10160.0,46.0,10157.5,0.0
2,117600,VOLCANIC_ROCK,10156.0,108.0,10155.0,64.0,,,10158,172,,,,,10157.0,0.0
2,117700,VOLCANIC_ROCK,10157.0,105.0,10156.0,74.0,,,10158,105,10159.0,74.0,,,10157.5,0.0
2,117800,VOLCANIC_ROCK,10157.0,128.0,10156.0,60.0,,,10159,193,,,,,10158.0,0.0
2,117900,VOLCANIC_ROCK,10157.0,120.0,10156.0,78.0,,,10159,198,,,,,10158.0,0.0
2,118000,VOLCANIC_ROCK,10159.0,178.0,,,,,10161,138,10162.0,40.0,,,10160.0,0.0
2,118100,VOLCANIC_ROCK,10159.0,183.0,,,,,10161,125,10162.0,58.0,,,10160.0,0.0
2,118200,VOLCANIC_ROCK,10160.0,127.0,10159.0,41.0,,,10161,127,10162.0,41.0,,,10160.5,0.0
2,118300,VOLCANIC_ROCK,10158.0,142.0,10157.0,45.0,,,10159,142,10160.0,45.0,,,10158.5,0.0
2,118400,VOLCANIC_ROCK,10153.0,173.0,,,,,10155,114,10156.0,59.0,,,10154.0,0.0
2,118500,VOLCANIC_ROCK,10151.0,114.0,10150.0,79.0,,,10152,114,10153.0,79.0,,,10151.5,0.0
2,118600,VOLCANIC_ROCK,10149.0,116.0,10148.0,63.0,,,10150,116,10151.0,63.0,,,10149.5,0.0
2,118700,VOLCANIC_ROCK,10149.0,198.0,,,,,10151,125,10152.0,73.0,,,10150.0,0.0
2,118800,VOLCANIC_ROCK,10146.0,110.0,10145.0,64.0,,,10147,110,10148.0,64.0,,,10146.5,0.0
2,118900,VOLCANIC_ROCK,10149.0,133.0,10148.0,60.0,,,10151,193,,,,,10150.0,0.0
2,119000,VOLCANIC_ROCK,10149.0,107.0,10148.0,48.0,,,10151,155,,,,,10150.0,0.0
2,119100,VOLCANIC_ROCK,10150.0,138.0,10149.0,66.0,,,10151,138,10152.0,66.0,,,10150.5,0.0
2,119200,VOLCANIC_ROCK,10151.0,147.0,10150.0,52.0,,,10152,147,10153.0,52.0,,,10151.5,0.0
2,119300,VOLCANIC_ROCK,10151.0,200.0,,,,,10153,125,10154.0,75.0,,,10152.0,0.0
2,119400,VOLCANIC_ROCK,10153.0,120.0,10152.0,77.0,,,10155,197,,,,,10154.0,0.0
2,119500,VOLCANIC_ROCK,10155.0,103.0,10154.0,46.0,,,10157,149,,,,,10156.0,0.0
2,119600,VOLCANIC_ROCK,10155.0,129.0,10154.0,44.0,,,10157,173,,,,,10156.0,0.0
2,119700,VOLCANIC_ROCK,10155.0,115.0,10154.0,50.0,,,10156,108,10157.0,50.0,,,10155.5,0.0
2,119800,VOLCANIC_ROCK,10152.0,183.0,,,,,10154,134,10155.0,49.0,,,10153.0,0.0
