day,timestamp,product,bid_price_1,bid_volume_1,bid_price_2,bid_volume_2,bid_price_3,bid_volume_3,ask_price_1,ask_volume_1,ask_price_2,ask_volume_2,ask_price_3,ask_volume_3,mid_price,profit_and_loss
1,0,VOLCANIC_ROCK_VOUCHER_9750,766.0,12.0,,,,,767,12,,,,,766.5,0.0
1,100,VOLCANIC_ROCK_VOUCHER_9750,765.0,13.0,,,,,766,13,,,,,765.5,0.0
1,200,VOLCANIC_ROCK_VOUCHER_9750,765.0,16.0,,,,,766,16,,,,,765.5,0.0
1,300,VOLCANIC_ROCK_VOUCHER_9750,767.0,14.0,,,,,768,14,,,,,767.5,0.0
1,400,VOLCANIC_ROCK_VOUCHER_9750,770.0,18.0,,,,,771,18,,,,,770.5,0.0
1,500,VOLCANIC_ROCK_VOUCHER_9750,767.0,17.0,,,,,769,17,,,,,768.0,0.0
1,600,VOLCANIC_ROCK_VOUCHER_9750,765.0,19.0,,,,,767,19,,,,,766.0,0.0
1,700,VOLCANIC_ROCK_VOUCHER_9750,766.0,12.0,,,,,767,12,,,,,766.5,0.0
1,800,VOLCANIC_ROCK_VOUCHER_9750,765.0,32.0,,,,,767,20,,,,,766.0,0.0
1,900,VOLCANIC_ROCK_VOUCHER_9750,,,,,,,767,4,768.0,13.0,,,767.0,0.0
1,1000,VOLCANIC_ROCK_VOUCHER_9750,766.0,25.0,,,,,767,20,,,,,766.5,0.0
1,1100,VOLCANIC_ROCK_VOUCHER_9750,768.0,15.0,,,,,769,15,,,,,768.5,0.0
1,1200,VOLCANIC_ROCK_VOUCHER_9750,767.0,29.0,,,,,768,18,,,,,767.5,0.0
1,1300,VOLCANIC_ROCK_VOUCHER_9750,767.0,12.0,,,,,768,12,,,,,767.5,0.0
1,1400,VOLCANIC_ROCK_VOUCHER_9750,767.0,15.0,,,,,769,15,,,,,768.0,0.0
1,1500,VOLCANIC_ROCK_VOUCHER_9750,768.0,19.0,,,,,769,19,,,,,768.5,0.0
1,1600,VOLCANIC_ROCK_VOUCHER_9750,766.0,17.0,,,,,767,17,,,,,766.5,0.0
1,1700,VOLCANIC_ROCK_VOUCHER_9750,766.0,11.0,,,,,767,11,,,,,766.5,0.0
1,1800,VOLCANIC_ROCK_VOUCHER_9750,765.0,10.0,,,,,766,10,,,,,765.5,0.0
1,1900,VOLCANIC_ROCK_VOUCHER_9750,764.0,4.0,,,,,765,20,,,,,764.5,0.0
1,2000,VOLCANIC_ROCK_VOUCHER_9750,765.0,8.0,,,,,766,22,,,,,765.5,0.0
1,2100,VOLCANIC_ROCK_VOUCHER_9750,764.0,25.0,,,,,765,19,,,,,764.5,0.0
1,2200,VOLCANIC_ROCK_VOUCHER_9750,762.0,25.0,,,,,763,15,,,,,762.5,0.0
1,2300,VOLCANIC_ROCK_VOUCHER_9750,760.0,22.0,,,,,762,22,,,,,761.0,0.0
1,2400,VOLCANIC_ROCK_VOUCHER_9750,759.0,12.0,,,,,760,12,,,,,759.5,0.0
1,2500,VOLCANIC_ROCK_VOUCHER_9750,762.0,18.0,,,,,763,2,764.0,16.0,,,762.5,0.0
1,2600,VOLCANIC_ROCK_VOUCHER_9750,760.0,17.0,,,,,761,17,,,,,760.5,0.0
1,2700,VOLCANIC_ROCK_VOUCHER_9750,759.0,16.0,,,,,760,16,,,,,759.5,0.0
1,2800,VOLCANIC_ROCK_VOUCHER_9750,759.0,17.0,,,,,760,17,,,,,759.5,0.0
1,2900,VOLCANIC_ROCK_VOUCHER_9750,755.0,16.0,,,,,756,16,,,,,755.5,0.0
1,3000,VOLCANIC_ROCK_VOUCHER_9750,755.0,14.0,,,,,756,14,,,,,755.5,0.0
1,3100,VOLCANIC_ROCK_VOUCHER_9750,756.0,1.0,755.0,20.0,,,757,21,,,,,756.5,0.0
1,3200,VOLCANIC_ROCK_VOUCHER_9750,756.0,39.0,,,,,757,19,,,,,756.5,0.0
1,3300,VOLCANIC_ROCK_VOUCHER_9750,755.0,11.0,,,,,756,11,,,,,755.5,0.0
1,3400,VOLCANIC_ROCK_VOUCHER_9750,756.0,12.0,,,,,757,12,,,,,756.5,0.0
1,3500,VOLCANIC_ROCK_VOUCHER_9750,758.0,18.0,,,,,759,18,,,,,758.5,0.0
1,3600,VOLCANIC_ROCK_VOUCHER_9750,756.0,11.0,,,,,757,11,,,,,756.5,0.0
1,3700,VOLCANIC_ROCK_VOUCHER_9750,757.0,17.0,,,,,758,17,,,,,757.5,0.0
1,3800,VOLCANIC_ROCK_VOUCHER_9750,758.0,17.0,,,,,759,17,,,,,758.5,0.0
1,3900,VOLCANIC_ROCK_VOUCHER_9750,757.0,0.0,,,,,758,12,,,,,757.5,0.0
1,4000,VOLCANIC_ROCK_VOUCHER_9750,758.0,17.0,,,,,759,17,,,,,758.5,0.0
1,4100,VOLCANIC_ROCK_VOUCHER_9750,758.0,22.0,,,,,759,22,,,,,758.5,0.0
1,4200,VOLCANIC_ROCK_VOUCHER_9750,760.0,14.0,,,,,761,14,,,,,760.5,0.0
1,4300,VOLCANIC_ROCK_VOUCHER_9750,,,,,,,758,18,,,,,758.0,0.0
1,4400,VOLCANIC_ROCK_VOUCHER_9750,758.0,20.0,,,,,759,20,,,,,758.5,0.0
1,4500,VOLCANIC_ROCK_VOUCHER_9750,757.0,20.0,,,,,758,20,,,,,757.5,0.0
1,4600,VOLCANIC_ROCK_VOUCHER_9750,756.0,12.0,,,,,757,12,,,,,756.5,0.0
1,4700,VOLCANIC_ROCK_VOUCHER_9750,756.0,18.0,,,,,757,18,,,,,756.5,0.0
1,4800,VOLCANIC_ROCK_VOUCHER_9750,756.0,14.0,,,,,757,14,,,,,756.5,0.0
1,4900,VOLCANIC_ROCK_VOUCHER_9750,753.0,12.0,,,,,754,12,,,,,753.5,0.0
1,5000,VOLCANIC_ROCK_VOUCHER_9750,754.0,18.0,,,,,755,18,,,,,754.5,0.0
1,5100,VOLCANIC_ROCK_VOUCHER_9750,753.0,17.0,,,,,754,17,,,,,753.5,0.0
1,5200,VOLCANIC_ROCK_VOUCHER_9750,753.0,18.0,,,,,754,18,,,,,753.5,0.0
1,5300,VOLCANIC_ROCK_VOUCHER_9750,755.0,12.0,,,,,756,12,,,,,755.5,0.0
1,5400,VOLCANIC_ROCK_VOUCHER_9750,756.0,12.0,,,,,757,12,,,,,756.5,0.0
1,5500,VOLCANIC_ROCK_VOUCHER_9750,760.0,19.0,,,,,761,19,,,,,760.5,0.0
1,5600,VOLCANIC_ROCK_VOUCHER_9750,762.0,12.0,,,,,763,12,,,,,762.5,0.0
1,5700,VOLCANIC_ROCK_VOUCHER_9750,759.0,20.0,,,,,760,1,761.0,19.0,,,759.5,0.0
1,5800,VOLCANIC_ROCK_VOUCHER_9750,762.0,18.0,,,,,763,18,,,,,762.5,0.0
1,5900,VOLCANIC_ROCK_VOUCHER_9750,763.0,19.0,,,,,764,19,,,,,763.5,0.0
1,6000,VOLCANIC_ROCK_VOUCHER_9750,764.0,18.0,,,,,765,18,,,,,764.5,0.0
1,6100,VOLCANIC_ROCK_VOUCHER_9750,765.0,20.0,,,,,766,20,,,,,765.5,0.0
1,6200,VOLCANIC_ROCK_VOUCHER_9750,764.0,12.0,,,,,765,12,,,,,764.5,0.0
1,6300,VOLCANIC_ROCK_VOUCHER_9750,763.0,15.0,,,,,765,15,,,,,764.0,0.0
1,6400,VOLCANIC_ROCK_VOUCHER_9750,761.0,18.0,,,,,762,18,,,,,761.5,0.0
1,6500,VOLCANIC_ROCK_VOUCHER_9750,762.0,23.0,,,,,763,12,,,,,762.5,0.0
1,6600,VOLCANIC_ROCK_VOUCHER_9750,759.0,17.0,,,,,760,17,,,,,759.5,0.0
1,6700,VOLCANIC_ROCK_VOUCHER_9750,761.0,12.0,,,,,762,12,,,,,761.5,0.0
1,6800,VOLCANIC_ROCK_VOUCHER_9750,762.0,4.0,,,,,763,15,,,,,762.5,0.0
1,6900,VOLCANIC_ROCK_VOUCHER_9750,765.0,21.0,,,,,767,21,,,,,766.0,0.0
1,7000,VOLCANIC_ROCK_VOUCHER_9750,765.0,12.0,,,,,766,12,,,,,765.5,0.0
1,7100,VOLCANIC_ROCK_VOUCHER_9750,762.0,15.0,,,,,763,1,764.0,14.0,,,762.5,0.0
1,7200,VOLCANIC_ROCK_VOUCHER_9750,762.0,13.0,,,,,763,13,,,,,762.5,0.0
1,7300,VOLCANIC_ROCK_VOUCHER_9750,759.0,21.0,,,,,761,21,,,,,760.0,0.0
1,7400,VOLCANIC_ROCK_VOUCHER_9750,762.0,15.0,,,,,763,15,,,,,762.5,0.0
1,7500,VOLCANIC_ROCK_VOUCHER_9750,762.0,19.0,,,,,763,19,,,,,762.5,0.0
1,7600,VOLCANIC_ROCK_VOUCHER_9750,762.0,13.0,,,,,763,13,,,,,762.5,0.0
1,7700,VOLCANIC_ROCK_VOUCHER_9750,762.0,14.0,,,,,763,14,,,,,762.5,0.0
1,7800,VOLCANIC_ROCK_VOUCHER_9750,762.0,21.0,,,,,763,11,,,,,762.5,0.0
1,7900,VOLCANIC_ROCK_VOUCHER_9750,762.0,13.0,,,,,763,13,,,,,762.5,0.0
1,8000,VOLCANIC_ROCK_VOUCHER_9750,763.0,14.0,,,,,764,14,,,,,763.5,0.0
1,8100,VOLCANIC_ROCK_VOUCHER_9750,762.0,17.0,,,,,763,17,,,,,762.5,0.0
1,8200,VOLCANIC_ROCK_VOUCHER_9750,762.0,17.0,,,,,763,17,,,,,762.5,0.0
1,8300,VOLCANIC_ROCK_VOUCHER_9750,761.0,19.0,,,,,762,19,,,,,761.5,0.0
1,8400,VOLCANIC_ROCK_VOUCHER_9750,758.0,32.0,,,,,759,20,,,,,758.5,0.0
1,8500,VOLCANIC_ROCK_VOUCHER_9750,758.0,16.0,,,,,759,16,,,,,758.5,0.0
1,8600,VOLCANIC_ROCK_VOUCHER_9750,759.0,20.0,,,,,760,20,,,,,759.5,0.0
1,8700,VOLCANIC_ROCK_VOUCHER_9750,759.0,20.0,,,,,760,20,,,,,759.5,0.0
1,8800,VOLCANIC_ROCK_VOUCHER_9750,759.0,12.0,,,,,760,12,,,,,759.5,0.0
1,8900,VOLCANIC_ROCK_VOUCHER_9750,760.0,11.0,,,,,761,20,762.0,11.0,,,760.5,0.0
1,9000,VOLCANIC_ROCK_VOUCHER_9750,760.0,12.0,,,,,761,12,,,,,760.5,0.0
1,9100,VOLCANIC_ROCK_VOUCHER_9750,756.0,10.0,,,,,758,10,,,,,757.0,0.0
1,9200,VOLCANIC_ROCK_VOUCHER_9750,757.0,12.0,,,,,758,12,,,,,757.5,0.0
1,9300,VOLCANIC_ROCK_VOUCHER_9750,758.0,17.0,,,,,759,17,,,,,758.5,0.0
1,9400,VOLCANIC_ROCK_VOUCHER_9750,758.0,12.0,,,,,760,12,,,,,759.0,0.0
1,9500,VOLCANIC_ROCK_VOUCHER_9750,759.0,12.0,,,,,761,12,,,,,760.0,0.0
1,9600,VOLCANIC_ROCK_VOUCHER_9750,760.0,1.0,759.0,10.0,,,761,11,,,,,760.5,0.0
1,9700,VOLCANIC_ROCK_VOUCHER_9750,759.0,13.0,,,,,760,13,,,,,759.5,0.0
1,9800,VOLCANIC_ROCK_VOUCHER_9750,762.0,18.0,,,,,763,18,,,,,762.5,0.0
1,9900,VOLCANIC_ROCK_VOUCHER_9750,762.0,13.0,,,,,763,13,,,,,762.5,0.0
1,10000,VOLCANIC_ROCK_VOUCHER_9750,763.0,18.0,,,,,764,18,,,,,763.5,0.0
1,10100,VOLCANIC_ROCK_VOUCHER_9750,763.0,11.0,,,,,764,11,,,,,763.5,0.0
1,10200,VOLCANIC_ROCK_VOUCHER_9750,761.0,17.0,,,,,762,17,,,,,761.5,0.0
1,10300,VOLCANIC_ROCK_VOUCHER_9750,761.0,14.0,,,,,762,14,,,,,761.5,0.0
1,10400,VOLCANIC_ROCK_VOUCHER_9750,758.0,11.0,,,,,759,11,,,,,758.5,0.0
1,10500,VOLCANIC_ROCK_VOUCHER_9750,752.0,17.0,,,,,753,17,,,,,752.5,0.0
1,10600,VOLCANIC_ROCK_VOUCHER_9750,753.0,16.0,,,,,754,16,,,,,753.5,0.0
1,10700,VOLCANIC_ROCK_VOUCHER_9750,752.0,16.0,,,,,753,16,,,,,752.5,0.0
1,10800,VOLCANIC_ROCK_VOUCHER_9750,754.0,18.0,,,,,755,18,,,,,754.5,0.0
1,10900,VOLCANIC_ROCK_VOUCHER_9750,755.0,16.0,,,,,756,16,,,,,755.5,0.0
1,11000,VOLCANIC_ROCK_VOUCHER_9750,756.0,12.0,,,,,757,12,,,,,756.5,0.0
1,11100,VOLCANIC_ROCK_VOUCHER_9750,756.0,19.0,,,,,757,19,,,,,756.5,0.0
1,11200,VOLCANIC_ROCK_VOUCHER_9750,754.0,34.0,,,,,755,14,,,,,754.5,0.0
1,11300,VOLCANIC_ROCK_VOUCHER_9750,757.0,12.0,,,,,758,12,,,,,757.5,0.0
1,11400,VOLCANIC_ROCK_VOUCHER_9750,757.0,20.0,,,,,758,20,,,,,757.5,0.0
1,11500,VOLCANIC_ROCK_VOUCHER_9750,757.0,19.0,,,,,758,19,,,,,757.5,0.0
1,11600,VOLCANIC_ROCK_VOUCHER_9750,751.0,22.0,,,,,752,22,,,,,751.5,0.0
1,11700,VOLCANIC_ROCK_VOUCHER_9750,752.0,15.0,,,,,754,15,,,,,753.0,0.0
1,11800,VOLCANIC_ROCK_VOUCHER_9750,752.0,19.0,,,,,753,19,,,,,752.5,0.0
1,11900,VOLCANIC_ROCK_VOUCHER_9750,753.0,15.0,,,,,754,15,,,,,753.5,0.0
1,12000,VOLCANIC_ROCK_VOUCHER_9750,754.0,15.0,,,,,755,15,,,,,754.5,0.0
1,12100,VOLCANIC_ROCK_VOUCHER_9750,754.0,12.0,,,,,755,12,,,,,754.5,0.0
1,12200,VOLCANIC_ROCK_VOUCHER_9750,752.0,22.0,,,,,754,22,,,,,753.0,0.0
1,12300,VOLCANIC_ROCK_VOUCHER_9750,751.0,15.0,,,,,752,15,,,,,751.5,0.0
1,12400,VOLCANIC_ROCK_VOUCHER_9750,752.0,11.0,,,,,753,11,,,,,752.5,0.0
1,12500,VOLCANIC_ROCK_VOUCHER_9750,753.0,11.0,,,,,754,11,,,,,753.5,0.0
1,12600,VOLCANIC_ROCK_VOUCHER_9750,753.0,16.0,,,,,754,16,,,,,753.5,0.0
1,12700,VOLCANIC_ROCK_VOUCHER_9750,754.0,19.0,,,,,755,19,,,,,754.5,0.0
1,12800,VOLCANIC_ROCK_VOUCHER_9750,753.0,13.0,,,,,754,13,,,,,753.5,0.0
1,12900,VOLCANIC_ROCK_VOUCHER_9750,754.0,15.0,,,,,755,15,,,,,754.5,0.0
1,13000,VOLCANIC_ROCK_VOUCHER_9750,754.0,14.0,,,,,755,14,,,,,754.5,0.0
1,13100,VOLCANIC_ROCK_VOUCHER_9750,751.0,11.0,,,,,752,11,,,,,751.5,0.0
1,13200,VOLCANIC_ROCK_VOUCHER_9750,750.0,16.0,,,,,751,16,,,,,750.5,0.0
1,13300,VOLCANIC_ROCK_VOUCHER_9750,752.0,14.0,,,,,753,14,,,,,752.5,0.0
1,13400,VOLCANIC_ROCK_VOUCHER_9750,752.0,17.0,,,,,753,17,,,,,752.5,0.0
1,13500,VOLCANIC_ROCK_VOUCHER_9750,752.0,11.0,,,,,753,1,754.0,10.0,,,752.5,0.0
1,13600,VOLCANIC_ROCK_VOUCHER_9750,753.0,20.0,,,,,754,20,,,,,753.5,0.0
1,13700,VOLCANIC_ROCK_VOUCHER_9750,754.0,38.0,,,,,755,18,,,,,754.5,0.0
1,13800,VOLCANIC_ROCK_VOUCHER_9750,753.0,12.0,,,,,754,12,,,,,753.5,0.0
1,13900,VOLCANIC_ROCK_VOUCHER_9750,752.0,21.0,,,,,753,21,,,,,752.5,0.0
1,14000,VOLCANIC_ROCK_VOUCHER_9750,754.0,17.0,,,,,755,17,,,,,754.5,0.0
1,14100,VOLCANIC_ROCK_VOUCHER_9750,753.0,19.0,,,,,754,19,,,,,753.5,0.0
1,14200,VOLCANIC_ROCK_VOUCHER_9750,751.0,19.0,,,,,752,19,,,,,751.5,0.0
1,14300,VOLCANIC_ROCK_VOUCHER_9750,751.0,16.0,,,,,753,16,,,,,752.0,0.0
1,14400,VOLCANIC_ROCK_VOUCHER_9750,752.0,16.0,,,,,753,16,,,,,752.5,0.0
1,14500,VOLCANIC_ROCK_VOUCHER_9750,753.0,1.0,,,,,754,12,,,,,753.5,0.0
1,14600,VOLCANIC_ROCK_VOUCHER_9750,750.0,9.0,,,,,751,20,,,,,750.5,0.0
1,14700,VOLCANIC_ROCK_VOUCHER_9750,745.0,11.0,,,,,746,11,,,,,745.5,0.0
1,14800,VOLCANIC_ROCK_VOUCHER_9750,745.0,13.0,,,,,746,13,,,,,745.5,0.0
1,14900,VOLCANIC_ROCK_VOUCHER_9750,745.0,13.0,,,,,746,13,,,,,745.5,0.0
1,15000,VOLCANIC_ROCK_VOUCHER_9750,745.0,19.0,,,,,746,19,,,,,745.5,0.0
1,15100,VOLCANIC_ROCK_VOUCHER_9750,747.0,21.0,,,,,748,21,,,,,747.5,0.0
1,15200,VOLCANIC_ROCK_VOUCHER_9750,745.0,12.0,,,,,746,12,,,,,745.5,0.0
1,15300,VOLCANIC_ROCK_VOUCHER_9750,747.0,2.0,,,,,748,16,,,,,747.5,0.0
1,15400,VOLCANIC_ROCK_VOUCHER_9750,747.0,14.0,,,,,748,14,,,,,747.5,0.0
1,15500,VOLCANIC_ROCK_VOUCHER_9750,747.0,18.0,,,,,748,18,,,,,747.5,0.0
1,15600,VOLCANIC_ROCK_VOUCHER_9750,747.0,18.0,,,,,748,18,,,,,747.5,0.0
1,15700,VOLCANIC_ROCK_VOUCHER_9750,745.0,20.0,,,,,746,20,,,,,745.5,0.0
1,15800,VOLCANIC_ROCK_VOUCHER_9750,747.0,12.0,,,,,748,12,,,,,747.5,0.0
1,15900,VOLCANIC_ROCK_VOUCHER_9750,746.0,14.0,,,,,748,14,,,,,747.0,0.0
1,16000,VOLCANIC_ROCK_VOUCHER_9750,747.0,14.0,,,,,748,14,,,,,747.5,0.0
1,16100,VOLCANIC_ROCK_VOUCHER_9750,746.0,13.0,,,,,747,13,,,,,746.5,0.0
1,16200,VOLCANIC_ROCK_VOUCHER_9750,745.0,17.0,,,,,746,17,,,,,745.5,0.0
1,16300,VOLCANIC_ROCK_VOUCHER_9750,745.0,20.0,,,,,747,20,,,,,746.0,0.0
1,16400,VOLCANIC_ROCK_VOUCHER_9750,746.0,14.0,745.0,19.0,,,747,19,,,,,746.5,0.0
1,16500,VOLCANIC_ROCK_VOUCHER_9750,745.0,16.0,,,,,746,16,,,,,745.5,0.0
1,16600,VOLCANIC_ROCK_VOUCHER_9750,739.0,20.0,,,,,740,20,,,,,739.5,0.0
1,16700,VOLCANIC_ROCK_VOUCHER_9750,739.0,18.0,,,,,740,18,,,,,739.5,0.0
1,16800,VOLCANIC_ROCK_VOUCHER_9750,739.0,12.0,,,,,740,12,,,,,739.5,0.0
1,16900,VOLCANIC_ROCK_VOUCHER_9750,739.0,20.0,,,,,740,20,,,,,739.5,0.0
1,17000,VOLCANIC_ROCK_VOUCHER_9750,740.0,12.0,,,,,741,12,,,,,740.5,0.0
1,17100,VOLCANIC_ROCK_VOUCHER_9750,735.0,11.0,,,,,736,11,,,,,735.5,0.0
1,17200,VOLCANIC_ROCK_VOUCHER_9750,733.0,12.0,,,,,734,12,,,,,733.5,0.0
1,17300,VOLCANIC_ROCK_VOUCHER_9750,735.0,11.0,,,,,736,11,,,,,735.5,0.0
1,17400,VOLCANIC_ROCK_VOUCHER_9750,731.0,15.0,,,,,733,15,,,,,732.0,0.0
1,17500,VOLCANIC_ROCK_VOUCHER_9750,731.0,18.0,,,,,732,18,,,,,731.5,0.0
1,17600,VOLCANIC_ROCK_VOUCHER_9750,731.0,11.0,,,,,732,11,,,,,731.5,0.0
1,17700,VOLCANIC_ROCK_VOUCHER_9750,732.0,11.0,,,,,733,11,,,,,732.5,0.0
1,17800,VOLCANIC_ROCK_VOUCHER_9750,731.0,32.0,,,,,732,13,,,,,731.5,0.0
1,17900,VOLCANIC_ROCK_VOUCHER_9750,733.0,17.0,,,,,734,17,,,,,733.5,0.0
1,18000,VOLCANIC_ROCK_VOUCHER_9750,733.0,20.0,,,,,734,20,,,,,733.5,0.0
1,18100,VOLCANIC_ROCK_VOUCHER_9750,734.0,36.0,,,,,735,19,,,,,734.5,0.0
1,18200,VOLCANIC_ROCK_VOUCHER_9750,733.0,22.0,,,,,734,22,,,,,733.5,0.0
1,18300,VOLCANIC_ROCK_VOUCHER_9750,735.0,14.0,,,,,736,14,,,,,735.5,0.0
1,18400,VOLCANIC_ROCK_VOUCHER_9750,734.0,17.0,,,,,735,17,,,,,734.5,0.0
1,18500,VOLCANIC_ROCK_VOUCHER_9750,735.0,12.0,,,,,736,12,,,,,735.5,0.0
1,18600,VOLCANIC_ROCK_VOUCHER_9750,735.0,15.0,,,,,736,15,,,,,735.5,0.0
1,18700,VOLCANIC_ROCK_VOUCHER_9750,737.0,20.0,,,,,738,20,,,,,737.5,0.0
1,18800,VOLCANIC_ROCK_VOUCHER_9750,737.0,19.0,,,,,738,19,,,,,737.5,0.0
1,18900,VOLCANIC_ROCK_VOUCHER_9750,733.0,15.0,,,,,734,15,,,,,733.5,0.0
1,19000,VOLCANIC_ROCK_VOUCHER_9750,736.0,20.0,,,,,737,20,,,,,736.5,0.0
1,19100,VOLCANIC_ROCK_VOUCHER_9750,733.0,22.0,,,,,734,22,,,,,733.5,0.0
1,19200,VOLCANIC_ROCK_VOUCHER_9750,736.0,19.0,,,,,737,19,,,,,736.5,0.0
1,19300,VOLCANIC_ROCK_VOUCHER_9750,737.0,12.0,,,,,738,12,,,,,737.5,0.0
1,19400,VOLCANIC_ROCK_VOUCHER_9750,736.0,22.0,,,,,738,22,,,,,737.0,0.0
1,19500,VOLCANIC_ROCK_VOUCHER_9750,737.0,14.0,,,,,738,14,,,,,737.5,0.0
1,19600,VOLCANIC_ROCK_VOUCHER_9750,737.0,17.0,,,,,738,17,,,,,737.5,0.0
1,19700,VOLCANIC_ROCK_VOUCHER_9750,735.0,12.0,,,,,737,12,,,,,736.0,0.0
1,19800,VOLCANIC_ROCK_VOUCHER_9750,736.0,16.0,,,,,737,16,,,,,736.5,0.0
1,19900,VOLCANIC_ROCK_VOUCHER_9750,736.0,15.0,,,,,737,15,,,,,736.5,0.0
1,20000,VOLCANIC_ROCK_VOUCHER_9750,737.0,11.0,,,,,738,11,,,,,737.5,0.0
1,20100,VOLCANIC_ROCK_VOUCHER_9750,737.0,13.0,,,,,738,13,,,,,737.5,0.0
1,20200,VOLCANIC_ROCK_VOUCHER_9750,740.0,16.0,,,,,741,16,,,,,740.5,0.0
1,20300,VOLCANIC_ROCK_VOUCHER_9750,742.0,17.0,,,,,743,17,,,,,742.5,0.0
1,20400,VOLCANIC_ROCK_VOUCHER_9750,744.0,19.0,,,,,745,19,,,,,744.5,0.0
1,20500,VOLCANIC_ROCK_VOUCHER_9750,743.0,19.0,,,,,744,19,,,,,743.5,0.0
1,20600,VOLCANIC_ROCK_VOUCHER_9750,745.0,30.0,,,,,746,17,,,,,745.5,0.0
1,20700,VOLCANIC_ROCK_VOUCHER_9750,743.0,11.0,,,,,744,11,,,,,743.5,0.0
1,20800,VOLCANIC_ROCK_VOUCHER_9750,743.0,21.0,,,,,745,21,,,,,744.0,0.0
1,20900,VOLCANIC_ROCK_VOUCHER_9750,747.0,19.0,,,,,748,19,,,,,747.5,0.0
1,21000,VOLCANIC_ROCK_VOUCHER_9750,747.0,18.0,,,,,748,18,,,,,747.5,0.0
1,21100,VOLCANIC_ROCK_VOUCHER_9750,749.0,11.0,,,,,750,11,,,,,749.5,0.0
1,21200,VOLCANIC_ROCK_VOUCHER_9750,746.0,12.0,,,,,747,12,,,,,746.5,0.0
1,21300,VOLCANIC_ROCK_VOUCHER_9750,749.0,18.0,,,,,750,18,,,,,749.5,0.0
1,21400,VOLCANIC_ROCK_VOUCHER_9750,750.0,15.0,,,,,751,15,,,,,750.5,0.0
1,21500,VOLCANIC_ROCK_VOUCHER_9750,753.0,21.0,,,,,754,21,,,,,753.5,0.0
1,21600,VOLCANIC_ROCK_VOUCHER_9750,751.0,18.0,,,,,752,18,,,,,751.5,0.0
1,21700,VOLCANIC_ROCK_VOUCHER_9750,750.0,18.0,,,,,751,18,,,,,750.5,0.0
1,21800,VOLCANIC_ROCK_VOUCHER_9750,748.0,18.0,,,,,749,18,,,,,748.5,0.0
1,21900,VOLCANIC_ROCK_VOUCHER_9750,749.0,14.0,,,,,750,14,,,,,749.5,0.0
1,22000,VOLCANIC_ROCK_VOUCHER_9750,749.0,19.0,,,,,750,19,,,,,749.5,0.0
1,22100,VOLCANIC_ROCK_VOUCHER_9750,747.0,19.0,,,,,748,19,,,,,747.5,0.0
1,22200,VOLCANIC_ROCK_VOUCHER_9750,747.0,19.0,,,,,748,19,,,,,747.5,0.0
1,22300,VOLCANIC_ROCK_VOUCHER_9750,749.0,22.0,,,,,750,22,,,,,749.5,0.0
1,22400,VOLCANIC_ROCK_VOUCHER_9750,741.0,21.0,,,,,742,21,,,,,741.5,0.0
1,22500,VOLCANIC_ROCK_VOUCHER_9750,741.0,12.0,,,,,743,12,,,,,742.0,0.0
1,22600,VOLCANIC_ROCK_VOUCHER_9750,741.0,13.0,,,,,742,13,,,,,741.5,0.0
1,22700,VOLCANIC_ROCK_VOUCHER_9750,738.0,11.0,,,,,739,11,,,,,738.5,0.0
1,22800,VOLCANIC_ROCK_VOUCHER_9750,735.0,18.0,,,,,736,18,,,,,735.5,0.0
1,22900,VOLCANIC_ROCK_VOUCHER_9750,733.0,11.0,,,,,734,11,,,,,733.5,0.0
1,23000,VOLCANIC_ROCK_VOUCHER_9750,733.0,18.0,,,,,734,18,,,,,733.5,0.0
1,23100,VOLCANIC_ROCK_VOUCHER_9750,736.0,17.0,,,,,737,17,,,,,736.5,0.0
1,23200,VOLCANIC_ROCK_VOUCHER_9750,734.0,19.0,,,,,735,19,,,,,734.5,0.0
1,23300,VOLCANIC_ROCK_VOUCHER_9750,733.0,21.0,,,,,734,21,,,,,733.5,0.0
1,23400,VOLCANIC_ROCK_VOUCHER_9750,736.0,15.0,,,,,737,15,,,,,736.5,0.0
1,23500,VOLCANIC_ROCK_VOUCHER_9750,738.0,17.0,,,,,739,17,,,,,738.5,0.0
1,23600,VOLCANIC_ROCK_VOUCHER_9750,739.0,15.0,,,,,740,15,,,,,739.5,0.0
1,23700,VOLCANIC_ROCK_VOUCHER_9750,738.0,11.0,,,,,740,11,,,,,739.0,0.0
1,23800,VOLCANIC_ROCK_VOUCHER_9750,736.0,13.0,,,,,737,13,,,,,736.5,0.0
1,23900,VOLCANIC_ROCK_VOUCHER_9750,736.0,12.0,,,,,737,12,,,,,736.5,0.0
1,24000,VOLCANIC_ROCK_VOUCHER_9750,736.0,18.0,,,,,737,18,,,,,736.5,0.0
1,24100,VOLCANIC_ROCK_VOUCHER_9750,738.0,19.0,,,,,739,19,,,,,738.5,0.0
1,24200,VOLCANIC_ROCK_VOUCHER_9750,742.0,17.0,,,,,744,17,,,,,743.0,0.0
1,24300,VOLCANIC_ROCK_VOUCHER_9750,742.0,17.0,,,,,743,17,,,,,742.5,0.0
1,24400,VOLCANIC_ROCK_VOUCHER_9750,744.0,14.0,,,,,745,14,,,,,744.5,0.0
1,24500,VOLCANIC_ROCK_VOUCHER_9750,743.0,20.0,,,,,744,20,,,,,743.5,0.0
1,24600,VOLCANIC_ROCK_VOUCHER_9750,743.0,17.0,,,,,744,17,,,,,743.5,0.0
1,24700,VOLCANIC_ROCK_VOUCHER_9750,742.0,15.0,,,,,743,15,,,,,742.5,0.0
1,24800,VOLCANIC_ROCK_VOUCHER_9750,744.0,12.0,,,,,745,12,,,,,744.5,0.0
1,24900,VOLCANIC_ROCK_VOUCHER_9750,747.0,14.0,,,,,748,14,,,,,747.5,0.0
1,25000,VOLCANIC_ROCK_VOUCHER_9750,747.0,17.0,,,,,748,17,,,,,747.5,0.0
1,25100,VOLCANIC_ROCK_VOUCHER_9750,748.0,16.0,,,,,749,16,,,,,748.5,0.0
1,25200,VOLCANIC_ROCK_VOUCHER_9750,748.0,20.0,,,,,749,20,,,,,748.5,0.0
1,25300,VOLCANIC_ROCK_VOUCHER_9750,746.0,12.0,,,,,747,12,,,,,746.5,0.0
1,25400,VOLCANIC_ROCK_VOUCHER_9750,747.0,12.0,,,,,748,12,,,,,747.5,0.0
1,25500,VOLCANIC_ROCK_VOUCHER_9750,747.0,32.0,,,,,748,20,,,,,747.5,0.0
1,25600,VOLCANIC_ROCK_VOUCHER_9750,747.0,11.0,,,,,748,11,,,,,747.5,0.0
1,25700,VOLCANIC_ROCK_VOUCHER_9750,746.0,13.0,,,,,747,13,,,,,746.5,0.0
1,25800,VOLCANIC_ROCK_VOUCHER_9750,747.0,22.0,,,,,748,22,,,,,747.5,0.0
1,25900,VOLCANIC_ROCK_VOUCHER_9750,747.0,13.0,,,,,748,13,,,,,747.5,0.0
1,26000,VOLCANIC_ROCK_VOUCHER_9750,748.0,10.0,,,,,749,10,,,,,748.5,0.0
1,26100,VOLCANIC_ROCK_VOUCHER_9750,752.0,14.0,,,,,753,14,,,,,752.5,0.0
1,26200,VOLCANIC_ROCK_VOUCHER_9750,752.0,15.0,,,,,753,15,,,,,752.5,0.0
1,26300,VOLCANIC_ROCK_VOUCHER_9750,751.0,17.0,,,,,752,17,,,,,751.5,0.0
1,26400,VOLCANIC_ROCK_VOUCHER_9750,751.0,19.0,,,,,752,19,,,,,751.5,0.0
1,26500,VOLCANIC_ROCK_VOUCHER_9750,751.0,17.0,,,,,752,17,,,,,751.5,0.0
1,26600,VOLCANIC_ROCK_VOUCHER_9750,748.0,15.0,,,,,749,15,750.0,17.0,,,748.5,0.0
1,26700,VOLCANIC_ROCK_VOUCHER_9750,745.0,32.0,,,,,746,14,,,,,745.5,0.0
1,26800,VOLCANIC_ROCK_VOUCHER_9750,,,,,,,747,5,748.0,15.0,,,747.0,0.0
1,26900,VOLCANIC_ROCK_VOUCHER_9750,747.0,15.0,,,,,748,15,,,,,747.5,0.0
1,27000,VOLCANIC_ROCK_VOUCHER_9750,745.0,12.0,,,,,746,12,,,,,745.5,0.0
1,27100,VOLCANIC_ROCK_VOUCHER_9750,741.0,18.0,,,,,742,18,,,,,741.5,0.0
1,27200,VOLCANIC_ROCK_VOUCHER_9750,738.0,17.0,,,,,739,17,,,,,738.5,0.0
1,27300,VOLCANIC_ROCK_VOUCHER_9750,738.0,13.0,,,,,739,13,,,,,738.5,0.0
1,27400,VOLCANIC_ROCK_VOUCHER_9750,732.0,18.0,,,,,733,18,,,,,732.5,0.0
1,27500,VOLCANIC_ROCK_VOUCHER_9750,734.0,15.0,,,,,735,15,,,,,734.5,0.0
1,27600,VOLCANIC_ROCK_VOUCHER_9750,731.0,20.0,,,,,732,20,,,,,731.5,0.0
1,27700,VOLCANIC_ROCK_VOUCHER_9750,733.0,20.0,,,,,734,20,,,,,733.5,0.0
1,27800,VOLCANIC_ROCK_VOUCHER_9750,733.0,19.0,,,,,734,19,,,,,733.5,0.0
1,27900,VOLCANIC_ROCK_VOUCHER_9750,735.0,14.0,,,,,737,14,,,,,736.0,0.0
1,28000,VOLCANIC_ROCK_VOUCHER_9750,735.0,14.0,,,,,736,14,,,,,735.5,0.0
1,28100,VOLCANIC_ROCK_VOUCHER_9750,735.0,11.0,,,,,736,11,,,,,735.5,0.0
1,28200,VOLCANIC_ROCK_VOUCHER_9750,734.0,15.0,,,,,736,15,,,,,735.0,0.0
1,28300,VOLCANIC_ROCK_VOUCHER_9750,735.0,13.0,,,,,736,13,,,,,735.5,0.0
1,28400,VOLCANIC_ROCK_VOUCHER_9750,733.0,13.0,,,,,734,13,,,,,733.5,0.0
1,28500,VOLCANIC_ROCK_VOUCHER_9750,735.0,18.0,,,,,736,18,,,,,735.5,0.0
1,28600,VOLCANIC_ROCK_VOUCHER_9750,733.0,25.0,,,,,734,14,,,,,733.5,0.0
1,28700,VOLCANIC_ROCK_VOUCHER_9750,732.0,13.0,,,,,733,13,,,,,732.5,0.0
1,28800,VOLCANIC_ROCK_VOUCHER_9750,735.0,10.0,,,,,736,10,,,,,735.5,0.0
1,28900,VOLCANIC_ROCK_VOUCHER_9750,737.0,15.0,,,,,739,15,,,,,738.0,0.0
1,29000,VOLCANIC_ROCK_VOUCHER_9750,737.0,18.0,,,,,738,18,,,,,737.5,0.0
1,29100,VOLCANIC_ROCK_VOUCHER_9750,732.0,15.0,,,,,733,15,,,,,732.5,0.0
1,29200,VOLCANIC_ROCK_VOUCHER_9750,733.0,26.0,,,,,734,19,,,,,733.5,0.0
1,29300,VOLCANIC_ROCK_VOUCHER_9750,733.0,16.0,,,,,734,16,,,,,733.5,0.0
1,29400,VOLCANIC_ROCK_VOUCHER_9750,731.0,13.0,,,,,732,20,733.0,13.0,,,731.5,0.0
1,29500,VOLCANIC_ROCK_VOUCHER_9750,732.0,19.0,,,,,734,19,,,,,733.0,0.0
1,29600,VOLCANIC_ROCK_VOUCHER_9750,731.0,14.0,,,,,732,14,,,,,731.5,0.0
1,29700,VOLCANIC_ROCK_VOUCHER_9750,733.0,18.0,,,,,734,18,,,,,733.5,0.0
1,29800,VOLCANIC_ROCK_VOUCHER_9750,734.0,15.0,,,,,735,15,,,,,734.5,0.0
1,29900,VOLCANIC_ROCK_VOUCHER_9750,733.0,12.0,,,,,735,12,,,,,734.0,0.0
1,30000,VOLCANIC_ROCK_VOUCHER_9750,732.0,21.0,,,,,733,21,,,,,732.5,0.0
1,30100,VOLCANIC_ROCK_VOUCHER_9750,732.0,17.0,,,,,733,17,,,,,732.5,0.0
1,30200,VOLCANIC_ROCK_VOUCHER_9750,729.0,21.0,,,,,730,21,,,,,729.5,0.0
1,30300,VOLCANIC_ROCK_VOUCHER_9750,729.0,17.0,,,,,731,17,,,,,730.0,0.0
1,30400,VOLCANIC_ROCK_VOUCHER_9750,729.0,18.0,,,,,730,18,,,,,729.5,0.0
1,30500,VOLCANIC_ROCK_VOUCHER_9750,730.0,28.0,,,,,731,14,,,,,730.5,0.0
1,30600,VOLCANIC_ROCK_VOUCHER_9750,724.0,35.0,,,,,725,15,,,,,724.5,0.0
1,30700,VOLCANIC_ROCK_VOUCHER_9750,723.0,19.0,,,,,724,19,,,,,723.5,0.0
1,30800,VOLCANIC_ROCK_VOUCHER_9750,725.0,29.0,,,,,726,17,,,,,725.5,0.0
1,30900,VOLCANIC_ROCK_VOUCHER_9750,726.0,17.0,,,,,727,17,,,,,726.5,0.0
1,31000,VOLCANIC_ROCK_VOUCHER_9750,725.0,1.0,,,,,726,20,,,,,725.5,0.0
1,31100,VOLCANIC_ROCK_VOUCHER_9750,724.0,15.0,,,,,725,15,,,,,724.5,0.0
1,31200,VOLCANIC_ROCK_VOUCHER_9750,726.0,19.0,,,,,727,19,,,,,726.5,0.0
1,31300,VOLCANIC_ROCK_VOUCHER_9750,725.0,18.0,,,,,726,18,,,,,725.5,0.0
1,31400,VOLCANIC_ROCK_VOUCHER_9750,725.0,14.0,,,,,726,14,,,,,725.5,0.0
1,31500,VOLCANIC_ROCK_VOUCHER_9750,724.0,21.0,,,,,726,21,,,,,725.0,0.0
1,31600,VOLCANIC_ROCK_VOUCHER_9750,723.0,14.0,,,,,724,14,,,,,723.5,0.0
1,31700,VOLCANIC_ROCK_VOUCHER_9750,722.0,15.0,,,,,723,15,,,,,722.5,0.0
1,31800,VOLCANIC_ROCK_VOUCHER_9750,724.0,13.0,,,,,725,13,,,,,724.5,0.0
1,31900,VOLCANIC_ROCK_VOUCHER_9750,723.0,21.0,,,,,724,21,,,,,723.5,0.0
1,32000,VOLCANIC_ROCK_VOUCHER_9750,717.0,12.0,,,,,718,12,,,,,717.5,0.0
1,32100,VOLCANIC_ROCK_VOUCHER_9750,711.0,20.0,,,,,712,20,,,,,711.5,0.0
1,32200,VOLCANIC_ROCK_VOUCHER_9750,704.0,30.0,,,,,705,20,,,,,704.5,0.0
1,32300,VOLCANIC_ROCK_VOUCHER_9750,709.0,22.0,,,,,710,22,,,,,709.5,0.0
1,32400,VOLCANIC_ROCK_VOUCHER_9750,709.0,24.0,,,,,710,16,,,,,709.5,0.0
1,32500,VOLCANIC_ROCK_VOUCHER_9750,708.0,20.0,,,,,709,20,,,,,708.5,0.0
1,32600,VOLCANIC_ROCK_VOUCHER_9750,692.0,15.0,,,,,693,15,,,,,692.5,0.0
1,32700,VOLCANIC_ROCK_VOUCHER_9750,692.0,2.0,691.0,16.0,,,693,18,,,,,692.5,0.0
1,32800,VOLCANIC_ROCK_VOUCHER_9750,707.0,14.0,,,,,708,14,,,,,707.5,0.0
1,32900,VOLCANIC_ROCK_VOUCHER_9750,700.0,17.0,,,,,701,17,,,,,700.5,0.0
1,33000,VOLCANIC_ROCK_VOUCHER_9750,699.0,16.0,,,,,700,16,,,,,699.5,0.0
1,33100,VOLCANIC_ROCK_VOUCHER_9750,696.0,18.0,,,,,697,15,698.0,18.0,,,696.5,0.0
1,33200,VOLCANIC_ROCK_VOUCHER_9750,694.0,21.0,,,,,695,21,,,,,694.5,0.0
1,33300,VOLCANIC_ROCK_VOUCHER_9750,688.0,20.0,,,,,689,20,,,,,688.5,0.0
1,33400,VOLCANIC_ROCK_VOUCHER_9750,691.0,12.0,,,,,692,12,,,,,691.5,0.0
1,33500,VOLCANIC_ROCK_VOUCHER_9750,692.0,13.0,,,,,693,13,,,,,692.5,0.0
1,33600,VOLCANIC_ROCK_VOUCHER_9750,692.0,18.0,,,,,693,18,,,,,692.5,0.0
1,33700,VOLCANIC_ROCK_VOUCHER_9750,694.0,36.0,,,,,695,17,,,,,694.5,0.0
1,33800,VOLCANIC_ROCK_VOUCHER_9750,692.0,10.0,,,,,694,10,,,,,693.0,0.0
1,33900,VOLCANIC_ROCK_VOUCHER_9750,693.0,36.0,,,,,694,16,,,,,693.5,0.0
1,34000,VOLCANIC_ROCK_VOUCHER_9750,695.0,22.0,,,,,696,22,,,,,695.5,0.0
1,34100,VOLCANIC_ROCK_VOUCHER_9750,692.0,13.0,,,,,693,13,,,,,692.5,0.0
1,34200,VOLCANIC_ROCK_VOUCHER_9750,691.0,16.0,,,,,692,16,,,,,691.5,0.0
1,34300,VOLCANIC_ROCK_VOUCHER_9750,690.0,18.0,,,,,691,18,,,,,690.5,0.0
1,34400,VOLCANIC_ROCK_VOUCHER_9750,695.0,18.0,,,,,696,18,,,,,695.5,0.0
1,34500,VOLCANIC_ROCK_VOUCHER_9750,692.0,22.0,,,,,693,22,,,,,692.5,0.0
1,34600,VOLCANIC_ROCK_VOUCHER_9750,691.0,11.0,,,,,692,11,,,,,691.5,0.0
1,34700,VOLCANIC_ROCK_VOUCHER_9750,691.0,16.0,,,,,692,16,,,,,691.5,0.0
1,34800,VOLCANIC_ROCK_VOUCHER_9750,698.0,18.0,,,,,699,18,,,,,698.5,0.0
1,34900,VOLCANIC_ROCK_VOUCHER_9750,699.0,10.0,,,,,700,10,,,,,699.5,0.0
1,35000,VOLCANIC_ROCK_VOUCHER_9750,699.0,14.0,,,,,700,14,,,,,699.5,0.0
1,35100,VOLCANIC_ROCK_VOUCHER_9750,700.0,19.0,,,,,701,19,,,,,700.5,0.0
1,35200,VOLCANIC_ROCK_VOUCHER_9750,701.0,13.0,,,,,702,13,,,,,701.5,0.0
1,35300,VOLCANIC_ROCK_VOUCHER_9750,698.0,12.0,,,,,699,12,,,,,698.5,0.0
1,35400,VOLCANIC_ROCK_VOUCHER_9750,699.0,7.0,,,,,700,22,,,,,699.5,0.0
1,35500,VOLCANIC_ROCK_VOUCHER_9750,707.0,22.0,,,,,708,22,,,,,707.5,0.0
1,35600,VOLCANIC_ROCK_VOUCHER_9750,707.0,20.0,,,,,708,20,,,,,707.5,0.0
1,35700,VOLCANIC_ROCK_VOUCHER_9750,706.0,15.0,,,,,707,15,,,,,706.5,0.0
1,35800,VOLCANIC_ROCK_VOUCHER_9750,705.0,16.0,,,,,706,16,,,,,705.5,0.0
1,35900,VOLCANIC_ROCK_VOUCHER_9750,703.0,2.0,702.0,19.0,,,704,21,,,,,703.5,0.0
1,36000,VOLCANIC_ROCK_VOUCHER_9750,700.0,10.0,,,,,701,10,,,,,700.5,0.0
1,36100,VOLCANIC_ROCK_VOUCHER_9750,698.0,32.0,,,,,699,22,,,,,698.5,0.0
1,36200,VOLCANIC_ROCK_VOUCHER_9750,698.0,12.0,,,,,699,17,,,,,698.5,0.0
1,36300,VOLCANIC_ROCK_VOUCHER_9750,699.0,11.0,,,,,700,11,,,,,699.5,0.0
1,36400,VOLCANIC_ROCK_VOUCHER_9750,700.0,17.0,,,,,701,17,,,,,700.5,0.0
1,36500,VOLCANIC_ROCK_VOUCHER_9750,703.0,33.0,,,,,704,18,,,,,703.5,0.0
1,36600,VOLCANIC_ROCK_VOUCHER_9750,704.0,13.0,,,,,705,13,,,,,704.5,0.0
1,36700,VOLCANIC_ROCK_VOUCHER_9750,705.0,20.0,,,,,706,20,,,,,705.5,0.0
1,36800,VOLCANIC_ROCK_VOUCHER_9750,704.0,16.0,,,,,705,16,,,,,704.5,0.0
1,36900,VOLCANIC_ROCK_VOUCHER_9750,703.0,32.0,,,,,704,16,,,,,703.5,0.0
1,37000,VOLCANIC_ROCK_VOUCHER_9750,703.0,13.0,,,,,704,13,,,,,703.5,0.0
1,37100,VOLCANIC_ROCK_VOUCHER_9750,698.0,15.0,,,,,699,15,,,,,698.5,0.0
1,37200,VOLCANIC_ROCK_VOUCHER_9750,700.0,17.0,,,,,701,17,,,,,700.5,0.0
1,37300,VOLCANIC_ROCK_VOUCHER_9750,,,,,,,700,3,701.0,17.0,,,700.0,0.0
1,37400,VOLCANIC_ROCK_VOUCHER_9750,700.0,13.0,,,,,701,13,,,,,700.5,0.0
1,37500,VOLCANIC_ROCK_VOUCHER_9750,701.0,15.0,,,,,703,15,,,,,702.0,0.0
1,37600,VOLCANIC_ROCK_VOUCHER_9750,700.0,20.0,,,,,702,20,,,,,701.0,0.0
1,37700,VOLCANIC_ROCK_VOUCHER_9750,700.0,10.0,,,,,701,10,,,,,700.5,0.0
1,37800,VOLCANIC_ROCK_VOUCHER_9750,699.0,18.0,,,,,700,18,,,,,699.5,0.0
1,37900,VOLCANIC_ROCK_VOUCHER_9750,696.0,22.0,,,,,697,22,,,,,696.5,0.0
1,38000,VOLCANIC_ROCK_VOUCHER_9750,694.0,20.0,,,,,695,20,,,,,694.5,0.0
1,38100,VOLCANIC_ROCK_VOUCHER_9750,697.0,11.0,,,,,698,11,,,,,697.5,0.0
1,38200,VOLCANIC_ROCK_VOUCHER_9750,698.0,18.0,,,,,699,18,,,,,698.5,0.0
1,38300,VOLCANIC_ROCK_VOUCHER_9750,702.0,15.0,,,,,704,15,,,,,703.0,0.0
1,38400,VOLCANIC_ROCK_VOUCHER_9750,703.0,20.0,,,,,704,20,,,,,703.5,0.0
1,38500,VOLCANIC_ROCK_VOUCHER_9750,703.0,20.0,,,,,704,20,,,,,703.5,0.0
1,38600,VOLCANIC_ROCK_VOUCHER_9750,707.0,15.0,,,,,709,15,,,,,708.0,0.0
1,38700,VOLCANIC_ROCK_VOUCHER_9750,707.0,12.0,,,,,708,12,,,,,707.5,0.0
1,38800,VOLCANIC_ROCK_VOUCHER_9750,705.0,1.0,,,,,706,12,,,,,705.5,0.0
1,38900,VOLCANIC_ROCK_VOUCHER_9750,707.0,20.0,,,,,708,2,709.0,18.0,,,707.5,0.0
1,39000,VOLCANIC_ROCK_VOUCHER_9750,708.0,16.0,,,,,709,16,,,,,708.5,0.0
1,39100,VOLCANIC_ROCK_VOUCHER_9750,701.0,6.0,,,,,702,18,,,,,701.5,0.0
1,39200,VOLCANIC_ROCK_VOUCHER_9750,703.0,15.0,,,,,704,15,,,,,703.5,0.0
1,39300,VOLCANIC_ROCK_VOUCHER_9750,704.0,19.0,703.0,11.0,,,705,11,,,,,704.5,0.0
1,39400,VOLCANIC_ROCK_VOUCHER_9750,701.0,22.0,,,,,702,11,,,,,701.5,0.0
1,39500,VOLCANIC_ROCK_VOUCHER_9750,701.0,19.0,,,,,702,19,,,,,701.5,0.0
1,39600,VOLCANIC_ROCK_VOUCHER_9750,700.0,20.0,,,,,701,20,,,,,700.5,0.0
1,39700,VOLCANIC_ROCK_VOUCHER_9750,707.0,12.0,,,,,708,12,,,,,707.5,0.0
1,39800,VOLCANIC_ROCK_VOUCHER_9750,709.0,15.0,,,,,711,15,,,,,710.0,0.0
1,39900,VOLCANIC_ROCK_VOUCHER_9750,712.0,20.0,,,,,713,20,,,,,712.5,0.0
1,40000,VOLCANIC_ROCK_VOUCHER_9750,710.0,20.0,,,,,711,20,,,,,710.5,0.0
1,40100,VOLCANIC_ROCK_VOUCHER_9750,712.0,19.0,,,,,714,19,,,,,713.0,0.0
1,40200,VOLCANIC_ROCK_VOUCHER_9750,707.0,17.0,,,,,708,17,,,,,707.5,0.0
1,40300,VOLCANIC_ROCK_VOUCHER_9750,708.0,21.0,,,,,709,21,,,,,708.5,0.0
1,40400,VOLCANIC_ROCK_VOUCHER_9750,705.0,22.0,,,,,706,22,,,,,705.5,0.0
1,40500,VOLCANIC_ROCK_VOUCHER_9750,707.0,34.0,,,,,708,15,,,,,707.5,0.0
1,40600,VOLCANIC_ROCK_VOUCHER_9750,707.0,12.0,,,,,709,12,,,,,708.0,0.0
1,40700,VOLCANIC_ROCK_VOUCHER_9750,708.0,16.0,,,,,709,16,,,,,708.5,0.0
1,40800,VOLCANIC_ROCK_VOUCHER_9750,708.0,2.0,,,,,709,18,,,,,708.5,0.0
1,40900,VOLCANIC_ROCK_VOUCHER_9750,708.0,16.0,,,,,709,16,,,,,708.5,0.0
1,41000,VOLCANIC_ROCK_VOUCHER_9750,709.0,17.0,,,,,710,17,,,,,709.5,0.0
1,41100,VOLCANIC_ROCK_VOUCHER_9750,710.0,21.0,,,,,711,21,,,,,710.5,0.0
1,41200,VOLCANIC_ROCK_VOUCHER_9750,713.0,35.0,,,,,714,19,,,,,713.5,0.0
1,41300,VOLCANIC_ROCK_VOUCHER_9750,712.0,34.0,,,,,713,20,,,,,712.5,0.0
1,41400,VOLCANIC_ROCK_VOUCHER_9750,711.0,20.0,,,,,713,20,,,,,712.0,0.0
1,41500,VOLCANIC_ROCK_VOUCHER_9750,712.0,18.0,,,,,714,18,,,,,713.0,0.0
1,41600,VOLCANIC_ROCK_VOUCHER_9750,715.0,13.0,,,,,716,13,,,,,715.5,0.0
1,41700,VOLCANIC_ROCK_VOUCHER_9750,709.0,19.0,,,,,710,19,,,,,709.5,0.0
1,41800,VOLCANIC_ROCK_VOUCHER_9750,715.0,33.0,,,,,716,20,,,,,715.5,0.0
1,41900,VOLCANIC_ROCK_VOUCHER_9750,716.0,32.0,,,,,717,16,,,,,716.5,0.0
1,42000,VOLCANIC_ROCK_VOUCHER_9750,714.0,12.0,,,,,715,12,,,,,714.5,0.0
1,42100,VOLCANIC_ROCK_VOUCHER_9750,713.0,25.0,,,,,715,15,,,,,714.0,0.0
1,42200,VOLCANIC_ROCK_VOUCHER_9750,713.0,19.0,,,,,714,19,,,,,713.5,0.0
1,42300,VOLCANIC_ROCK_VOUCHER_9750,715.0,17.0,,,,,716,17,,,,,715.5,0.0
1,42400,VOLCANIC_ROCK_VOUCHER_9750,714.0,18.0,,,,,715,18,,,,,714.5,0.0
1,42500,VOLCANIC_ROCK_VOUCHER_9750,714.0,27.0,,,,,715,13,,,,,714.5,0.0
1,42600,VOLCANIC_ROCK_VOUCHER_9750,709.0,16.0,,,,,710,16,,,,,709.5,0.0
1,42700,VOLCANIC_ROCK_VOUCHER_9750,710.0,30.0,,,,,711,14,,,,,710.5,0.0
1,42800,VOLCANIC_ROCK_VOUCHER_9750,711.0,17.0,,,,,713,17,,,,,712.0,0.0
1,42900,VOLCANIC_ROCK_VOUCHER_9750,714.0,17.0,,,,,716,17,,,,,715.0,0.0
1,43000,VOLCANIC_ROCK_VOUCHER_9750,715.0,18.0,,,,,716,18,,,,,715.5,0.0
1,43100,VOLCANIC_ROCK_VOUCHER_9750,713.0,14.0,,,,,715,14,,,,,714.0,0.0
1,43200,VOLCANIC_ROCK_VOUCHER_9750,714.0,15.0,,,,,715,15,,,,,714.5,0.0
1,43300,VOLCANIC_ROCK_VOUCHER_9750,712.0,17.0,,,,,713,17,,,,,712.5,0.0
1,43400,VOLCANIC_ROCK_VOUCHER_9750,711.0,17.0,,,,,713,17,,,,,712.0,0.0
1,43500,VOLCANIC_ROCK_VOUCHER_9750,712.0,2.0,,,,,713,14,,,,,712.5,0.0
1,43600,VOLCANIC_ROCK_VOUCHER_9750,712.0,11.0,,,,,713,11,,,,,712.5,0.0
1,43700,VOLCANIC_ROCK_VOUCHER_9750,710.0,19.0,,,,,712,19,,,,,711.0,0.0
1,43800,VOLCANIC_ROCK_VOUCHER_9750,712.0,18.0,,,,,713,18,,,,,712.5,0.0
1,43900,VOLCANIC_ROCK_VOUCHER_9750,710.0,13.0,,,,,711,13,,,,,710.5,0.0
1,44000,VOLCANIC_ROCK_VOUCHER_9750,709.0,18.0,,,,,710,18,,,,,709.5,0.0
1,44100,VOLCANIC_ROCK_VOUCHER_9750,699.0,15.0,,,,,700,15,,,,,699.5,0.0
1,44200,VOLCANIC_ROCK_VOUCHER_9750,698.0,14.0,,,,,699,14,,,,,698.5,0.0
1,44300,VOLCANIC_ROCK_VOUCHER_9750,699.0,12.0,,,,,700,12,,,,,699.5,0.0
1,44400,VOLCANIC_ROCK_VOUCHER_9750,700.0,34.0,,,,,701,14,,,,,700.5,0.0
1,44500,VOLCANIC_ROCK_VOUCHER_9750,701.0,14.0,,,,,702,14,,,,,701.5,0.0
1,44600,VOLCANIC_ROCK_VOUCHER_9750,702.0,8.0,,,,,703,21,,,,,702.5,0.0
1,44700,VOLCANIC_ROCK_VOUCHER_9750,700.0,15.0,,,,,701,15,,,,,700.5,0.0
1,44800,VOLCANIC_ROCK_VOUCHER_9750,701.0,10.0,,,,,702,10,,,,,701.5,0.0
1,44900,VOLCANIC_ROCK_VOUCHER_9750,701.0,22.0,,,,,702,22,,,,,701.5,0.0
1,45000,VOLCANIC_ROCK_VOUCHER_9750,700.0,20.0,,,,,701,20,,,,,700.5,0.0
1,45100,VOLCANIC_ROCK_VOUCHER_9750,700.0,20.0,,,,,701,20,,,,,700.5,0.0
1,45200,VOLCANIC_ROCK_VOUCHER_9750,702.0,14.0,,,,,703,14,,,,,702.5,0.0
1,45300,VOLCANIC_ROCK_VOUCHER_9750,702.0,15.0,,,,,703,15,,,,,702.5,0.0
1,45400,VOLCANIC_ROCK_VOUCHER_9750,702.0,27.0,,,,,703,17,,,,,702.5,0.0
1,45500,VOLCANIC_ROCK_VOUCHER_9750,698.0,13.0,,,,,699,13,,,,,698.5,0.0
1,45600,VOLCANIC_ROCK_VOUCHER_9750,698.0,17.0,,,,,699,17,,,,,698.5,0.0
1,45700,VOLCANIC_ROCK_VOUCHER_9750,,,,,,,698,7,699.0,13.0,,,698.0,0.0
1,45800,VOLCANIC_ROCK_VOUCHER_9750,699.0,19.0,,,,,700,19,,,,,699.5,0.0
1,45900,VOLCANIC_ROCK_VOUCHER_9750,699.0,17.0,,,,,700,17,,,,,699.5,0.0
1,46000,VOLCANIC_ROCK_VOUCHER_9750,701.0,16.0,,,,,702,16,,,,,701.5,0.0
1,46100,VOLCANIC_ROCK_VOUCHER_9750,701.0,24.0,,,,,702,13,,,,,701.5,0.0
1,46200,VOLCANIC_ROCK_VOUCHER_9750,700.0,15.0,,,,,701,15,,,,,700.5,0.0
1,46300,VOLCANIC_ROCK_VOUCHER_9750,702.0,13.0,,,,,703,13,,,,,702.5,0.0
1,46400,VOLCANIC_ROCK_VOUCHER_9750,701.0,12.0,,,,,702,12,,,,,701.5,0.0
1,46500,VOLCANIC_ROCK_VOUCHER_9750,701.0,21.0,,,,,702,21,,,,,701.5,0.0
1,46600,VOLCANIC_ROCK_VOUCHER_9750,700.0,4.0,,,,,701,20,,,,,700.5,0.0
1,46700,VOLCANIC_ROCK_VOUCHER_9750,701.0,15.0,,,,,702,15,,,,,701.5,0.0
1,46800,VOLCANIC_ROCK_VOUCHER_9750,698.0,22.0,,,,,700,12,,,,,699.0,0.0
1,46900,VOLCANIC_ROCK_VOUCHER_9750,698.0,18.0,,,,,699,18,,,,,698.5,0.0
1,47000,VOLCANIC_ROCK_VOUCHER_9750,697.0,21.0,,,,,698,21,,,,,697.5,0.0
1,47100,VOLCANIC_ROCK_VOUCHER_9750,698.0,15.0,,,,,699,15,,,,,698.5,0.0
1,47200,VOLCANIC_ROCK_VOUCHER_9750,699.0,21.0,,,,,700,21,,,,,699.5,0.0
1,47300,VOLCANIC_ROCK_VOUCHER_9750,699.0,37.0,,,,,700,19,,,,,699.5,0.0
1,47400,VOLCANIC_ROCK_VOUCHER_9750,700.0,20.0,,,,,701,20,,,,,700.5,0.0
1,47500,VOLCANIC_ROCK_VOUCHER_9750,701.0,12.0,,,,,702,12,,,,,701.5,0.0
1,47600,VOLCANIC_ROCK_VOUCHER_9750,698.0,15.0,,,,,699,15,,,,,698.5,0.0
1,47700,VOLCANIC_ROCK_VOUCHER_9750,696.0,15.0,,,,,698,15,,,,,697.0,0.0
1,47800,VOLCANIC_ROCK_VOUCHER_9750,695.0,20.0,,,,,696,20,,,,,695.5,0.0
1,47900,VOLCANIC_ROCK_VOUCHER_9750,695.0,14.0,,,,,697,14,,,,,696.0,0.0
1,48000,VOLCANIC_ROCK_VOUCHER_9750,696.0,21.0,,,,,697,21,,,,,696.5,0.0
1,48100,VOLCANIC_ROCK_VOUCHER_9750,695.0,13.0,,,,,697,13,,,,,696.0,0.0
1,48200,VOLCANIC_ROCK_VOUCHER_9750,693.0,17.0,,,,,694,17,,,,,693.5,0.0
1,48300,VOLCANIC_ROCK_VOUCHER_9750,694.0,11.0,693.0,18.0,,,695,18,,,,,694.5,0.0
1,48400,VOLCANIC_ROCK_VOUCHER_9750,694.0,22.0,,,,,695,22,,,,,694.5,0.0
1,48500,VOLCANIC_ROCK_VOUCHER_9750,696.0,19.0,,,,,697,19,,,,,696.5,0.0
1,48600,VOLCANIC_ROCK_VOUCHER_9750,696.0,19.0,,,,,697,19,,,,,696.5,0.0
1,48700,VOLCANIC_ROCK_VOUCHER_9750,701.0,17.0,700.0,14.0,,,702,14,,,,,701.5,0.0
1,48800,VOLCANIC_ROCK_VOUCHER_9750,702.0,20.0,,,,,703,20,,,,,702.5,0.0
1,48900,VOLCANIC_ROCK_VOUCHER_9750,703.0,13.0,,,,,704,13,,,,,703.5,0.0
1,49000,VOLCANIC_ROCK_VOUCHER_9750,700.0,20.0,,,,,701,20,,,,,700.5,0.0
1,49100,VOLCANIC_ROCK_VOUCHER_9750,698.0,19.0,,,,,699,19,,,,,698.5,0.0
1,49200,VOLCANIC_ROCK_VOUCHER_9750,700.0,20.0,,,,,701,20,,,,,700.5,0.0
1,49300,VOLCANIC_ROCK_VOUCHER_9750,698.0,16.0,,,,,700,16,,,,,699.0,0.0
1,49400,VOLCANIC_ROCK_VOUCHER_9750,699.0,15.0,,,,,700,15,,,,,699.5,0.0
1,49500,VOLCANIC_ROCK_VOUCHER_9750,699.0,12.0,,,,,700,12,,,,,699.5,0.0
1,49600,VOLCANIC_ROCK_VOUCHER_9750,,,,,,,693,3,694.0,17.0,,,693.0,0.0
1,49700,VOLCANIC_ROCK_VOUCHER_9750,695.0,15.0,,,,,696,15,,,,,695.5,0.0
1,49800,VOLCANIC_ROCK_VOUCHER_9750,694.0,15.0,,,,,696,15,,,,,695.0,0.0
1,49900,VOLCANIC_ROCK_VOUCHER_9750,696.0,17.0,,,,,697,17,,,,,696.5,0.0
1,50000,VOLCANIC_ROCK_VOUCHER_9750,695.0,18.0,,,,,697,18,,,,,696.0,0.0
1,50100,VOLCANIC_ROCK_VOUCHER_9750,695.0,14.0,,,,,696,14,,,,,695.5,0.0
1,50200,VOLCANIC_ROCK_VOUCHER_9750,696.0,30.0,,,,,697,15,,,,,696.5,0.0
1,50300,VOLCANIC_ROCK_VOUCHER_9750,701.0,11.0,,,,,703,11,,,,,702.0,0.0
1,50400,VOLCANIC_ROCK_VOUCHER_9750,706.0,20.0,,,,,707,20,,,,,706.5,0.0
1,50500,VOLCANIC_ROCK_VOUCHER_9750,700.0,19.0,,,,,701,19,,,,,700.5,0.0
1,50600,VOLCANIC_ROCK_VOUCHER_9750,703.0,0.0,,,,,704,13,,,,,703.5,0.0
1,50700,VOLCANIC_ROCK_VOUCHER_9750,703.0,11.0,,,,,704,11,,,,,703.5,0.0
1,50800,VOLCANIC_ROCK_VOUCHER_9750,705.0,21.0,,,,,706,21,,,,,705.5,0.0
1,50900,VOLCANIC_ROCK_VOUCHER_9750,702.0,13.0,,,,,703,13,,,,,702.5,0.0
1,51000,VOLCANIC_ROCK_VOUCHER_9750,698.0,21.0,,,,,699,21,,,,,698.5,0.0
1,51100,VOLCANIC_ROCK_VOUCHER_9750,,,,,,,697,1,698.0,13.0,,,697.0,0.0
1,51200,VOLCANIC_ROCK_VOUCHER_9750,692.0,16.0,,,,,693,16,,,,,692.5,0.0
1,51300,VOLCANIC_ROCK_VOUCHER_9750,690.0,18.0,,,,,691,18,,,,,690.5,0.0
1,51400,VOLCANIC_ROCK_VOUCHER_9750,689.0,17.0,,,,,690,17,,,,,689.5,0.0
1,51500,VOLCANIC_ROCK_VOUCHER_9750,696.0,14.0,,,,,697,14,,,,,696.5,0.0
1,51600,VOLCANIC_ROCK_VOUCHER_9750,694.0,12.0,,,,,695,12,,,,,694.5,0.0
1,51700,VOLCANIC_ROCK_VOUCHER_9750,693.0,20.0,,,,,695,20,,,,,694.0,0.0
1,51800,VOLCANIC_ROCK_VOUCHER_9750,693.0,16.0,,,,,694,16,,,,,693.5,0.0
1,51900,VOLCANIC_ROCK_VOUCHER_9750,693.0,12.0,,,,,694,12,,,,,693.5,0.0
1,52000,VOLCANIC_ROCK_VOUCHER_9750,695.0,16.0,,,,,697,16,,,,,696.0,0.0
1,52100,VOLCANIC_ROCK_VOUCHER_9750,695.0,13.0,,,,,697,13,,,,,696.0,0.0
1,52200,VOLCANIC_ROCK_VOUCHER_9750,696.0,14.0,,,,,697,14,,,,,696.5,0.0
1,52300,VOLCANIC_ROCK_VOUCHER_9750,695.0,13.0,,,,,696,13,,,,,695.5,0.0
1,52400,VOLCANIC_ROCK_VOUCHER_9750,694.0,30.0,,,,,695,21,,,,,694.5,0.0
1,52500,VOLCANIC_ROCK_VOUCHER_9750,690.0,7.0,,,,,691,19,,,,,690.5,0.0
1,52600,VOLCANIC_ROCK_VOUCHER_9750,690.0,17.0,,,,,691,17,,,,,690.5,0.0
1,52700,VOLCANIC_ROCK_VOUCHER_9750,691.0,20.0,,,,,692,20,,,,,691.5,0.0
1,52800,VOLCANIC_ROCK_VOUCHER_9750,693.0,17.0,,,,,694,17,,,,,693.5,0.0
1,52900,VOLCANIC_ROCK_VOUCHER_9750,693.0,11.0,,,,,694,11,,,,,693.5,0.0
1,53000,VOLCANIC_ROCK_VOUCHER_9750,699.0,20.0,,,,,700,20,,,,,699.5,0.0
1,53100,VOLCANIC_ROCK_VOUCHER_9750,698.0,18.0,,,,,699,18,,,,,698.5,0.0
1,53200,VOLCANIC_ROCK_VOUCHER_9750,704.0,20.0,,,,,705,20,,,,,704.5,0.0
1,53300,VOLCANIC_ROCK_VOUCHER_9750,705.0,17.0,,,,,707,17,,,,,706.0,0.0
1,53400,VOLCANIC_ROCK_VOUCHER_9750,710.0,16.0,,,,,711,16,,,,,710.5,0.0
1,53500,VOLCANIC_ROCK_VOUCHER_9750,712.0,13.0,,,,,713,13,,,,,712.5,0.0
1,53600,VOLCANIC_ROCK_VOUCHER_9750,709.0,13.0,,,,,711,13,,,,,710.0,0.0
1,53700,VOLCANIC_ROCK_VOUCHER_9750,709.0,19.0,,,,,710,19,,,,,709.5,0.0
1,53800,VOLCANIC_ROCK_VOUCHER_9750,711.0,15.0,,,,,712,15,,,,,711.5,0.0
1,53900,VOLCANIC_ROCK_VOUCHER_9750,712.0,15.0,,,,,713,15,,,,,712.5,0.0
1,54000,VOLCANIC_ROCK_VOUCHER_9750,713.0,9.0,712.0,30.0,,,714,13,,,,,713.5,0.0
1,54100,VOLCANIC_ROCK_VOUCHER_9750,711.0,18.0,,,,,712,18,,,,,711.5,0.0
1,54200,VOLCANIC_ROCK_VOUCHER_9750,713.0,22.0,,,,,714,13,,,,,713.5,0.0
1,54300,VOLCANIC_ROCK_VOUCHER_9750,713.0,18.0,,,,,714,18,,,,,713.5,0.0
1,54400,VOLCANIC_ROCK_VOUCHER_9750,713.0,4.0,,,,,714,15,,,,,713.5,0.0
1,54500,VOLCANIC_ROCK_VOUCHER_9750,712.0,14.0,,,,,714,14,,,,,713.0,0.0
1,54600,VOLCANIC_ROCK_VOUCHER_9750,712.0,35.0,,,,,713,18,,,,,712.5,0.0
1,54700,VOLCANIC_ROCK_VOUCHER_9750,717.0,21.0,,,,,718,21,,,,,717.5,0.0
1,54800,VOLCANIC_ROCK_VOUCHER_9750,718.0,14.0,,,,,719,14,,,,,718.5,0.0
1,54900,VOLCANIC_ROCK_VOUCHER_9750,721.0,17.0,,,,,722,17,,,,,721.5,0.0
1,55000,VOLCANIC_ROCK_VOUCHER_9750,727.0,20.0,,,,,728,20,,,,,727.5,0.0
1,55100,VOLCANIC_ROCK_VOUCHER_9750,727.0,15.0,,,,,728,15,,,,,727.5,0.0
1,55200,VOLCANIC_ROCK_VOUCHER_9750,725.0,14.0,,,,,726,14,,,,,725.5,0.0
1,55300,VOLCANIC_ROCK_VOUCHER_9750,,,,,,,725,5,726.0,11.0,,,725.0,0.0
1,55400,VOLCANIC_ROCK_VOUCHER_9750,725.0,24.0,,,,,726,13,,,,,725.5,0.0
1,55500,VOLCANIC_ROCK_VOUCHER_9750,725.0,12.0,,,,,726,12,,,,,725.5,0.0
1,55600,VOLCANIC_ROCK_VOUCHER_9750,723.0,11.0,,,,,724,11,,,,,723.5,0.0
1,55700,VOLCANIC_ROCK_VOUCHER_9750,723.0,19.0,,,,,724,19,,,,,723.5,0.0
1,55800,VOLCANIC_ROCK_VOUCHER_9750,725.0,11.0,,,,,726,11,,,,,725.5,0.0
1,55900,VOLCANIC_ROCK_VOUCHER_9750,725.0,20.0,,,,,726,20,,,,,725.5,0.0
1,56000,VOLCANIC_ROCK_VOUCHER_9750,722.0,18.0,,,,,723,18,,,,,722.5,0.0
1,56100,VOLCANIC_ROCK_VOUCHER_9750,723.0,11.0,,,,,724,11,,,,,723.5,0.0
1,56200,VOLCANIC_ROCK_VOUCHER_9750,725.0,12.0,,,,,726,12,,,,,725.5,0.0
1,56300,VOLCANIC_ROCK_VOUCHER_9750,726.0,13.0,,,,,727,13,,,,,726.5,0.0
1,56400,VOLCANIC_ROCK_VOUCHER_9750,722.0,15.0,,,,,723,15,,,,,722.5,0.0
1,56500,VOLCANIC_ROCK_VOUCHER_9750,723.0,12.0,,,,,724,12,,,,,723.5,0.0
1,56600,VOLCANIC_ROCK_VOUCHER_9750,723.0,22.0,,,,,725,22,,,,,724.0,0.0
1,56700,VOLCANIC_ROCK_VOUCHER_9750,722.0,17.0,,,,,723,17,,,,,722.5,0.0
1,56800,VOLCANIC_ROCK_VOUCHER_9750,721.0,13.0,,,,,722,13,,,,,721.5,0.0
1,56900,VOLCANIC_ROCK_VOUCHER_9750,717.0,15.0,,,,,718,15,,,,,717.5,0.0
1,57000,VOLCANIC_ROCK_VOUCHER_9750,715.0,22.0,,,,,716,22,,,,,715.5,0.0
1,57100,VOLCANIC_ROCK_VOUCHER_9750,714.0,19.0,,,,,715,19,,,,,714.5,0.0
1,57200,VOLCANIC_ROCK_VOUCHER_9750,714.0,12.0,,,,,715,12,,,,,714.5,0.0
1,57300,VOLCANIC_ROCK_VOUCHER_9750,715.0,15.0,,,,,716,15,,,,,715.5,0.0
1,57400,VOLCANIC_ROCK_VOUCHER_9750,714.0,15.0,,,,,715,15,,,,,714.5,0.0
1,57500,VOLCANIC_ROCK_VOUCHER_9750,,,,,,,713,3,714.0,11.0,,,713.0,0.0
1,57600,VOLCANIC_ROCK_VOUCHER_9750,711.0,22.0,,,,,712,22,,,,,711.5,0.0
1,57700,VOLCANIC_ROCK_VOUCHER_9750,713.0,20.0,,,,,714,20,,,,,713.5,0.0
1,57800,VOLCANIC_ROCK_VOUCHER_9750,714.0,14.0,,,,,715,14,,,,,714.5,0.0
1,57900,VOLCANIC_ROCK_VOUCHER_9750,715.0,18.0,,,,,716,18,,,,,715.5,0.0
1,58000,VOLCANIC_ROCK_VOUCHER_9750,715.0,19.0,,,,,716,19,,,,,715.5,0.0
1,58100,VOLCANIC_ROCK_VOUCHER_9750,715.0,13.0,,,,,716,13,,,,,715.5,0.0
1,58200,VOLCANIC_ROCK_VOUCHER_9750,719.0,21.0,,,,,720,21,,,,,719.5,0.0
1,58300,VOLCANIC_ROCK_VOUCHER_9750,718.0,12.0,,,,,719,12,,,,,718.5,0.0
1,58400,VOLCANIC_ROCK_VOUCHER_9750,719.0,13.0,,,,,720,13,,,,,719.5,0.0
1,58500,VOLCANIC_ROCK_VOUCHER_9750,718.0,19.0,,,,,719,19,,,,,718.5,0.0
1,58600,VOLCANIC_ROCK_VOUCHER_9750,718.0,14.0,,,,,719,14,,,,,718.5,0.0
1,58700,VOLCANIC_ROCK_VOUCHER_9750,720.0,20.0,,,,,721,20,,,,,720.5,0.0
1,58800,VOLCANIC_ROCK_VOUCHER_9750,722.0,19.0,,,,,723,19,,,,,722.5,0.0
1,58900,VOLCANIC_ROCK_VOUCHER_9750,720.0,17.0,,,,,721,17,,,,,720.5,0.0
1,59000,VOLCANIC_ROCK_VOUCHER_9750,718.0,2.0,,,,,719,19,,,,,718.5,0.0
1,59100,VOLCANIC_ROCK_VOUCHER_9750,718.0,12.0,,,,,719,12,,,,,718.5,0.0
1,59200,VOLCANIC_ROCK_VOUCHER_9750,720.0,40.0,,,,,721,22,,,,,720.5,0.0
1,59300,VOLCANIC_ROCK_VOUCHER_9750,720.0,14.0,,,,,721,14,,,,,720.5,0.0
1,59400,VOLCANIC_ROCK_VOUCHER_9750,721.0,17.0,,,,,722,17,,,,,721.5,0.0
1,59500,VOLCANIC_ROCK_VOUCHER_9750,721.0,14.0,,,,,722,14,,,,,721.5,0.0
1,59600,VOLCANIC_ROCK_VOUCHER_9750,718.0,12.0,,,,,719,12,,,,,718.5,0.0
1,59700,VOLCANIC_ROCK_VOUCHER_9750,721.0,17.0,,,,,722,17,,,,,721.5,0.0
1,59800,VOLCANIC_ROCK_VOUCHER_9750,719.0,13.0,,,,,720,13,,,,,719.5,0.0
1,59900,VOLCANIC_ROCK_VOUCHER_9750,720.0,12.0,,,,,721,12,,,,,720.5,0.0
1,60000,VOLCANIC_ROCK_VOUCHER_9750,720.0,16.0,,,,,721,16,,,,,720.5,0.0
1,60100,VOLCANIC_ROCK_VOUCHER_9750,715.0,11.0,,,,,716,11,,,,,715.5,0.0
1,60200,VOLCANIC_ROCK_VOUCHER_9750,719.0,12.0,,,,,720,12,,,,,719.5,0.0
1,60300,VOLCANIC_ROCK_VOUCHER_9750,719.0,20.0,,,,,720,20,,,,,719.5,0.0
1,60400,VOLCANIC_ROCK_VOUCHER_9750,716.0,17.0,,,,,718,17,,,,,717.0,0.0
1,60500,VOLCANIC_ROCK_VOUCHER_9750,720.0,20.0,,,,,721,20,,,,,720.5,0.0
1,60600,VOLCANIC_ROCK_VOUCHER_9750,720.0,13.0,,,,,721,13,,,,,720.5,0.0
1,60700,VOLCANIC_ROCK_VOUCHER_9750,720.0,20.0,,,,,721,20,,,,,720.5,0.0
1,60800,VOLCANIC_ROCK_VOUCHER_9750,719.0,19.0,,,,,721,19,,,,,720.0,0.0
1,60900,VOLCANIC_ROCK_VOUCHER_9750,720.0,22.0,,,,,721,13,,,,,720.5,0.0
1,61000,VOLCANIC_ROCK_VOUCHER_9750,723.0,20.0,,,,,724,20,,,,,723.5,0.0
1,61100,VOLCANIC_ROCK_VOUCHER_9750,721.0,13.0,720.0,13.0,,,722,13,,,,,721.5,0.0
1,61200,VOLCANIC_ROCK_VOUCHER_9750,720.0,19.0,,,,,722,19,,,,,721.0,0.0
1,61300,VOLCANIC_ROCK_VOUCHER_9750,721.0,11.0,,,,,722,11,,,,,721.5,0.0
1,61400,VOLCANIC_ROCK_VOUCHER_9750,718.0,21.0,,,,,719,11,,,,,718.5,0.0
1,61500,VOLCANIC_ROCK_VOUCHER_9750,716.0,19.0,,,,,717,19,,,,,716.5,0.0
1,61600,VOLCANIC_ROCK_VOUCHER_9750,713.0,12.0,,,,,714,12,,,,,713.5,0.0
1,61700,VOLCANIC_ROCK_VOUCHER_9750,712.0,22.0,,,,,714,22,,,,,713.0,0.0
1,61800,VOLCANIC_ROCK_VOUCHER_9750,713.0,13.0,,,,,714,13,,,,,713.5,0.0
1,61900,VOLCANIC_ROCK_VOUCHER_9750,709.0,6.0,,,,,710,20,,,,,709.5,0.0
1,62000,VOLCANIC_ROCK_VOUCHER_9750,712.0,20.0,,,,,713,20,,,,,712.5,0.0
1,62100,VOLCANIC_ROCK_VOUCHER_9750,713.0,21.0,,,,,715,21,,,,,714.0,0.0
1,62200,VOLCANIC_ROCK_VOUCHER_9750,713.0,19.0,,,,,714,19,,,,,713.5,0.0
1,62300,VOLCANIC_ROCK_VOUCHER_9750,715.0,13.0,,,,,716,13,,,,,715.5,0.0
1,62400,VOLCANIC_ROCK_VOUCHER_9750,716.0,16.0,,,,,717,16,,,,,716.5,0.0
1,62500,VOLCANIC_ROCK_VOUCHER_9750,718.0,19.0,,,,,719,19,,,,,718.5,0.0
1,62600,VOLCANIC_ROCK_VOUCHER_9750,,,,,,,719,5,720.0,13.0,,,719.0,0.0
1,62700,VOLCANIC_ROCK_VOUCHER_9750,720.0,15.0,,,,,721,15,,,,,720.5,0.0
1,62800,VOLCANIC_ROCK_VOUCHER_9750,720.0,20.0,,,,,721,20,,,,,720.5,0.0
1,62900,VOLCANIC_ROCK_VOUCHER_9750,720.0,0.0,,,,,721,15,,,,,720.5,0.0
1,63000,VOLCANIC_ROCK_VOUCHER_9750,718.0,12.0,,,,,719,12,,,,,718.5,0.0
1,63100,VOLCANIC_ROCK_VOUCHER_9750,715.0,17.0,,,,,717,17,,,,,716.0,0.0
1,63200,VOLCANIC_ROCK_VOUCHER_9750,718.0,16.0,,,,,719,16,,,,,718.5,0.0
1,63300,VOLCANIC_ROCK_VOUCHER_9750,724.0,6.0,723.0,13.0,,,725,13,,,,,724.5,0.0
1,63400,VOLCANIC_ROCK_VOUCHER_9750,724.0,15.0,,,,,725,15,,,,,724.5,0.0
1,63500,VOLCANIC_ROCK_VOUCHER_9750,725.0,25.0,,,,,726,10,,,,,725.5,0.0
1,63600,VOLCANIC_ROCK_VOUCHER_9750,723.0,18.0,,,,,724,18,,,,,723.5,0.0
1,63700,VOLCANIC_ROCK_VOUCHER_9750,724.0,14.0,,,,,725,14,,,,,724.5,0.0
1,63800,VOLCANIC_ROCK_VOUCHER_9750,723.0,19.0,,,,,725,19,,,,,724.0,0.0
1,63900,VOLCANIC_ROCK_VOUCHER_9750,722.0,20.0,,,,,724,20,,,,,723.0,0.0
1,64000,VOLCANIC_ROCK_VOUCHER_9750,724.0,19.0,,,,,725,19,,,,,724.5,0.0
1,64100,VOLCANIC_ROCK_VOUCHER_9750,718.0,21.0,,,,,719,21,,,,,718.5,0.0
1,64200,VOLCANIC_ROCK_VOUCHER_9750,720.0,15.0,,,,,721,15,,,,,720.5,0.0
1,64300,VOLCANIC_ROCK_VOUCHER_9750,718.0,15.0,,,,,719,15,,,,,718.5,0.0
1,64400,VOLCANIC_ROCK_VOUCHER_9750,718.0,18.0,,,,,719,18,,,,,718.5,0.0
1,64500,VOLCANIC_ROCK_VOUCHER_9750,716.0,14.0,,,,,718,14,,,,,717.0,0.0
1,64600,VOLCANIC_ROCK_VOUCHER_9750,712.0,29.0,,,,,714,15,,,,,713.0,0.0
1,64700,VOLCANIC_ROCK_VOUCHER_9750,716.0,12.0,,,,,717,12,,,,,716.5,0.0
1,64800,VOLCANIC_ROCK_VOUCHER_9750,713.0,34.0,,,,,714,17,,,,,713.5,0.0
1,64900,VOLCANIC_ROCK_VOUCHER_9750,716.0,17.0,,,,,717,17,,,,,716.5,0.0
1,65000,VOLCANIC_ROCK_VOUCHER_9750,716.0,21.0,,,,,717,21,,,,,716.5,0.0
1,65100,VOLCANIC_ROCK_VOUCHER_9750,715.0,33.0,,,,,717,15,,,,,716.0,0.0
1,65200,VOLCANIC_ROCK_VOUCHER_9750,718.0,14.0,,,,,719,14,,,,,718.5,0.0
1,65300,VOLCANIC_ROCK_VOUCHER_9750,718.0,20.0,,,,,719,20,,,,,718.5,0.0
1,65400,VOLCANIC_ROCK_VOUCHER_9750,715.0,12.0,,,,,716,12,,,,,715.5,0.0
1,65500,VOLCANIC_ROCK_VOUCHER_9750,716.0,13.0,,,,,717,13,,,,,716.5,0.0
1,65600,VOLCANIC_ROCK_VOUCHER_9750,715.0,19.0,,,,,717,19,,,,,716.0,0.0
1,65700,VOLCANIC_ROCK_VOUCHER_9750,715.0,14.0,,,,,716,14,,,,,715.5,0.0
1,65800,VOLCANIC_ROCK_VOUCHER_9750,716.0,11.0,,,,,717,11,,,,,716.5,0.0
1,65900,VOLCANIC_ROCK_VOUCHER_9750,715.0,22.0,,,,,716,22,,,,,715.5,0.0
1,66000,VOLCANIC_ROCK_VOUCHER_9750,716.0,29.0,,,,,717,13,,,,,716.5,0.0
1,66100,VOLCANIC_ROCK_VOUCHER_9750,717.0,18.0,716.0,14.0,,,718,14,,,,,717.5,0.0
1,66200,VOLCANIC_ROCK_VOUCHER_9750,713.0,17.0,,,,,714,17,,,,,713.5,0.0
1,66300,VOLCANIC_ROCK_VOUCHER_9750,712.0,13.0,,,,,713,13,,,,,712.5,0.0
1,66400,VOLCANIC_ROCK_VOUCHER_9750,711.0,14.0,,,,,713,14,,,,,712.0,0.0
1,66500,VOLCANIC_ROCK_VOUCHER_9750,712.0,11.0,,,,,713,11,,,,,712.5,0.0
1,66600,VOLCANIC_ROCK_VOUCHER_9750,708.0,20.0,,,,,709,20,,,,,708.5,0.0
1,66700,VOLCANIC_ROCK_VOUCHER_9750,708.0,17.0,,,,,709,17,,,,,708.5,0.0
1,66800,VOLCANIC_ROCK_VOUCHER_9750,705.0,15.0,,,,,706,15,,,,,705.5,0.0
1,66900,VOLCANIC_ROCK_VOUCHER_9750,704.0,11.0,,,,,705,11,,,,,704.5,0.0
1,67000,VOLCANIC_ROCK_VOUCHER_9750,705.0,15.0,,,,,707,15,,,,,706.0,0.0
1,67100,VOLCANIC_ROCK_VOUCHER_9750,707.0,18.0,,,,,708,18,,,,,707.5,0.0
1,67200,VOLCANIC_ROCK_VOUCHER_9750,709.0,17.0,,,,,710,17,,,,,709.5,0.0
1,67300,VOLCANIC_ROCK_VOUCHER_9750,712.0,2.0,,,,,713,13,,,,,712.5,0.0
1,67400,VOLCANIC_ROCK_VOUCHER_9750,712.0,13.0,,,,,713,13,,,,,712.5,0.0
1,67500,VOLCANIC_ROCK_VOUCHER_9750,711.0,33.0,,,,,712,14,,,,,711.5,0.0
1,67600,VOLCANIC_ROCK_VOUCHER_9750,709.0,20.0,,,,,710,20,,,,,709.5,0.0
1,67700,VOLCANIC_ROCK_VOUCHER_9750,709.0,13.0,,,,,710,13,,,,,709.5,0.0
1,67800,VOLCANIC_ROCK_VOUCHER_9750,709.0,12.0,,,,,710,12,,,,,709.5,0.0
1,67900,VOLCANIC_ROCK_VOUCHER_9750,707.0,14.0,,,,,708,14,,,,,707.5,0.0
1,68000,VOLCANIC_ROCK_VOUCHER_9750,704.0,20.0,,,,,705,20,,,,,704.5,0.0
1,68100,VOLCANIC_ROCK_VOUCHER_9750,705.0,18.0,,,,,706,18,,,,,705.5,0.0
1,68200,VOLCANIC_ROCK_VOUCHER_9750,704.0,19.0,,,,,705,19,,,,,704.5,0.0
1,68300,VOLCANIC_ROCK_VOUCHER_9750,707.0,20.0,,,,,708,20,,,,,707.5,0.0
1,68400,VOLCANIC_ROCK_VOUCHER_9750,710.0,11.0,,,,,711,11,,,,,710.5,0.0
1,68500,VOLCANIC_ROCK_VOUCHER_9750,710.0,20.0,,,,,712,20,,,,,711.0,0.0
1,68600,VOLCANIC_ROCK_VOUCHER_9750,712.0,19.0,,,,,713,19,,,,,712.5,0.0
1,68700,VOLCANIC_ROCK_VOUCHER_9750,713.0,18.0,,,,,714,18,,,,,713.5,0.0
1,68800,VOLCANIC_ROCK_VOUCHER_9750,712.0,13.0,,,,,713,13,,,,,712.5,0.0
1,68900,VOLCANIC_ROCK_VOUCHER_9750,717.0,18.0,,,,,718,18,,,,,717.5,0.0
1,69000,VOLCANIC_ROCK_VOUCHER_9750,717.0,17.0,,,,,718,17,,,,,717.5,0.0
1,69100,VOLCANIC_ROCK_VOUCHER_9750,712.0,17.0,,,,,714,17,,,,,713.0,0.0
1,69200,VOLCANIC_ROCK_VOUCHER_9750,714.0,24.0,,,,,715,16,,,,,714.5,0.0
1,69300,VOLCANIC_ROCK_VOUCHER_9750,715.0,16.0,,,,,716,16,,,,,715.5,0.0
1,69400,VOLCANIC_ROCK_VOUCHER_9750,716.0,14.0,,,,,717,14,,,,,716.5,0.0
1,69500,VOLCANIC_ROCK_VOUCHER_9750,715.0,19.0,,,,,716,19,,,,,715.5,0.0
1,69600,VOLCANIC_ROCK_VOUCHER_9750,715.0,22.0,,,,,716,22,,,,,715.5,0.0
1,69700,VOLCANIC_ROCK_VOUCHER_9750,715.0,19.0,,,,,716,19,,,,,715.5,0.0
1,69800,VOLCANIC_ROCK_VOUCHER_9750,718.0,12.0,,,,,719,12,,,,,718.5,0.0
1,69900,VOLCANIC_ROCK_VOUCHER_9750,717.0,18.0,,,,,718,18,,,,,717.5,0.0
1,70000,VOLCANIC_ROCK_VOUCHER_9750,718.0,20.0,,,,,720,20,,,,,719.0,0.0
1,70100,VOLCANIC_ROCK_VOUCHER_9750,717.0,18.0,,,,,718,18,,,,,717.5,0.0
1,70200,VOLCANIC_ROCK_VOUCHER_9750,718.0,17.0,,,,,719,17,,,,,718.5,0.0
1,70300,VOLCANIC_ROCK_VOUCHER_9750,717.0,18.0,,,,,718,18,,,,,717.5,0.0
1,70400,VOLCANIC_ROCK_VOUCHER_9750,720.0,20.0,,,,,721,20,,,,,720.5,0.0
1,70500,VOLCANIC_ROCK_VOUCHER_9750,720.0,12.0,,,,,721,12,,,,,720.5,0.0
1,70600,VOLCANIC_ROCK_VOUCHER_9750,718.0,18.0,,,,,719,18,,,,,718.5,0.0
1,70700,VOLCANIC_ROCK_VOUCHER_9750,718.0,11.0,,,,,719,11,,,,,718.5,0.0
1,70800,VOLCANIC_ROCK_VOUCHER_9750,715.0,16.0,,,,,716,16,,,,,715.5,0.0
1,70900,VOLCANIC_ROCK_VOUCHER_9750,715.0,17.0,,,,,716,17,,,,,715.5,0.0
1,71000,VOLCANIC_ROCK_VOUCHER_9750,715.0,22.0,,,,,716,22,,,,,715.5,0.0
1,71100,VOLCANIC_ROCK_VOUCHER_9750,714.0,10.0,,,,,715,10,,,,,714.5,0.0
1,71200,VOLCANIC_ROCK_VOUCHER_9750,715.0,15.0,,,,,716,15,,,,,715.5,0.0
1,71300,VOLCANIC_ROCK_VOUCHER_9750,719.0,21.0,,,,,720,21,,,,,719.5,0.0
1,71400,VOLCANIC_ROCK_VOUCHER_9750,719.0,16.0,,,,,720,16,,,,,719.5,0.0
1,71500,VOLCANIC_ROCK_VOUCHER_9750,719.0,14.0,,,,,720,14,,,,,719.5,0.0
1,71600,VOLCANIC_ROCK_VOUCHER_9750,715.0,20.0,,,,,716,20,,,,,715.5,0.0
1,71700,VOLCANIC_ROCK_VOUCHER_9750,719.0,14.0,,,,,720,14,,,,,719.5,0.0
1,71800,VOLCANIC_ROCK_VOUCHER_9750,718.0,12.0,,,,,719,12,,,,,718.5,0.0
1,71900,VOLCANIC_ROCK_VOUCHER_9750,717.0,18.0,,,,,718,18,,,,,717.5,0.0
1,72000,VOLCANIC_ROCK_VOUCHER_9750,717.0,0.0,,,,,718,17,,,,,717.5,0.0
1,72100,VOLCANIC_ROCK_VOUCHER_9750,717.0,21.0,,,,,718,21,,,,,717.5,0.0
1,72200,VOLCANIC_ROCK_VOUCHER_9750,719.0,13.0,,,,,720,13,,,,,719.5,0.0
1,72300,VOLCANIC_ROCK_VOUCHER_9750,717.0,14.0,,,,,718,14,,,,,717.5,0.0
1,72400,VOLCANIC_ROCK_VOUCHER_9750,719.0,36.0,,,,,720,19,,,,,719.5,0.0
1,72500,VOLCANIC_ROCK_VOUCHER_9750,719.0,20.0,,,,,721,20,,,,,720.0,0.0
1,72600,VOLCANIC_ROCK_VOUCHER_9750,722.0,11.0,,,,,723,11,,,,,722.5,0.0
1,72700,VOLCANIC_ROCK_VOUCHER_9750,723.0,11.0,,,,,724,11,,,,,723.5,0.0
1,72800,VOLCANIC_ROCK_VOUCHER_9750,728.0,22.0,,,,,729,22,,,,,728.5,0.0
1,72900,VOLCANIC_ROCK_VOUCHER_9750,728.0,16.0,,,,,729,16,,,,,728.5,0.0
1,73000,VOLCANIC_ROCK_VOUCHER_9750,723.0,16.0,,,,,724,16,,,,,723.5,0.0
1,73100,VOLCANIC_ROCK_VOUCHER_9750,725.0,18.0,,,,,726,18,,,,,725.5,0.0
1,73200,VOLCANIC_ROCK_VOUCHER_9750,725.0,17.0,,,,,726,17,,,,,725.5,0.0
1,73300,VOLCANIC_ROCK_VOUCHER_9750,724.0,5.0,,,,,725,15,,,,,724.5,0.0
1,73400,VOLCANIC_ROCK_VOUCHER_9750,725.0,20.0,,,,,726,20,,,,,725.5,0.0
1,73500,VOLCANIC_ROCK_VOUCHER_9750,725.0,19.0,,,,,726,19,,,,,725.5,0.0
1,73600,VOLCANIC_ROCK_VOUCHER_9750,723.0,19.0,,,,,724,19,,,,,723.5,0.0
1,73700,VOLCANIC_ROCK_VOUCHER_9750,725.0,13.0,,,,,726,13,,,,,725.5,0.0
1,73800,VOLCANIC_ROCK_VOUCHER_9750,724.0,14.0,,,,,726,14,,,,,725.0,0.0
1,73900,VOLCANIC_ROCK_VOUCHER_9750,722.0,13.0,,,,,724,13,,,,,723.0,0.0
1,74000,VOLCANIC_ROCK_VOUCHER_9750,724.0,13.0,,,,,725,13,,,,,724.5,0.0
1,74100,VOLCANIC_ROCK_VOUCHER_9750,722.0,16.0,,,,,723,16,,,,,722.5,0.0
1,74200,VOLCANIC_ROCK_VOUCHER_9750,718.0,12.0,,,,,719,12,,,,,718.5,0.0
1,74300,VOLCANIC_ROCK_VOUCHER_9750,718.0,18.0,,,,,719,18,,,,,718.5,0.0
1,74400,VOLCANIC_ROCK_VOUCHER_9750,717.0,12.0,,,,,718,12,,,,,717.5,0.0
1,74500,VOLCANIC_ROCK_VOUCHER_9750,718.0,13.0,,,,,719,13,,,,,718.5,0.0
1,74600,VOLCANIC_ROCK_VOUCHER_9750,720.0,13.0,,,,,721,13,,,,,720.5,0.0
1,74700,VOLCANIC_ROCK_VOUCHER_9750,718.0,12.0,,,,,719,12,,,,,718.5,0.0
1,74800,VOLCANIC_ROCK_VOUCHER_9750,719.0,3.0,,,,,720,17,,,,,719.5,0.0
1,74900,VOLCANIC_ROCK_VOUCHER_9750,719.0,34.0,,,,,720,21,,,,,719.5,0.0
1,75000,VOLCANIC_ROCK_VOUCHER_9750,720.0,21.0,,,,,721,21,,,,,720.5,0.0
1,75100,VOLCANIC_ROCK_VOUCHER_9750,718.0,16.0,,,,,720,16,,,,,719.0,0.0
1,75200,VOLCANIC_ROCK_VOUCHER_9750,715.0,14.0,,,,,716,14,,,,,715.5,0.0
1,75300,VOLCANIC_ROCK_VOUCHER_9750,716.0,17.0,,,,,717,17,,,,,716.5,0.0
1,75400,VOLCANIC_ROCK_VOUCHER_9750,715.0,17.0,,,,,716,17,,,,,715.5,0.0
1,75500,VOLCANIC_ROCK_VOUCHER_9750,714.0,34.0,,,,,715,16,,,,,714.5,0.0
1,75600,VOLCANIC_ROCK_VOUCHER_9750,712.0,6.0,,,,,713,15,,,,,712.5,0.0
1,75700,VOLCANIC_ROCK_VOUCHER_9750,714.0,17.0,,,,,715,17,,,,,714.5,0.0
1,75800,VOLCANIC_ROCK_VOUCHER_9750,714.0,15.0,,,,,715,15,,,,,714.5,0.0
1,75900,VOLCANIC_ROCK_VOUCHER_9750,714.0,13.0,,,,,715,13,,,,,714.5,0.0
1,76000,VOLCANIC_ROCK_VOUCHER_9750,714.0,16.0,,,,,715,16,,,,,714.5,0.0
1,76100,VOLCANIC_ROCK_VOUCHER_9750,715.0,10.0,,,,,716,10,,,,,715.5,0.0
1,76200,VOLCANIC_ROCK_VOUCHER_9750,717.0,12.0,,,,,719,12,,,,,718.0,0.0
1,76300,VOLCANIC_ROCK_VOUCHER_9750,722.0,19.0,,,,,723,19,,,,,722.5,0.0
1,76400,VOLCANIC_ROCK_VOUCHER_9750,720.0,20.0,,,,,721,20,,,,,720.5,0.0
1,76500,VOLCANIC_ROCK_VOUCHER_9750,722.0,19.0,,,,,723,19,,,,,722.5,0.0
1,76600,VOLCANIC_ROCK_VOUCHER_9750,719.0,15.0,,,,,720,15,,,,,719.5,0.0
1,76700,VOLCANIC_ROCK_VOUCHER_9750,718.0,20.0,,,,,719,20,,,,,718.5,0.0
1,76800,VOLCANIC_ROCK_VOUCHER_9750,718.0,14.0,,,,,719,14,,,,,718.5,0.0
1,76900,VOLCANIC_ROCK_VOUCHER_9750,716.0,22.0,,,,,717,22,,,,,716.5,0.0
1,77000,VOLCANIC_ROCK_VOUCHER_9750,716.0,20.0,,,,,717,20,,,,,716.5,0.0
1,77100,VOLCANIC_ROCK_VOUCHER_9750,715.0,27.0,,,,,716,11,,,,,715.5,0.0
1,77200,VOLCANIC_ROCK_VOUCHER_9750,715.0,12.0,,,,,716,12,,,,,715.5,0.0
1,77300,VOLCANIC_ROCK_VOUCHER_9750,715.0,16.0,,,,,716,16,,,,,715.5,0.0
1,77400,VOLCANIC_ROCK_VOUCHER_9750,713.0,14.0,,,,,715,14,,,,,714.0,0.0
1,77500,VOLCANIC_ROCK_VOUCHER_9750,714.0,21.0,,,,,715,21,,,,,714.5,0.0
1,77600,VOLCANIC_ROCK_VOUCHER_9750,,,,,,,715,6,716.0,11.0,,,715.0,0.0
1,77700,VOLCANIC_ROCK_VOUCHER_9750,715.0,19.0,,,,,716,19,,,,,715.5,0.0
1,77800,VOLCANIC_ROCK_VOUCHER_9750,717.0,17.0,,,,,718,17,,,,,717.5,0.0
1,77900,VOLCANIC_ROCK_VOUCHER_9750,718.0,12.0,,,,,719,12,,,,,718.5,0.0
1,78000,VOLCANIC_ROCK_VOUCHER_9750,717.0,14.0,,,,,718,14,,,,,717.5,0.0
1,78100,VOLCANIC_ROCK_VOUCHER_9750,715.0,16.0,,,,,717,16,,,,,716.0,0.0
1,78200,VOLCANIC_ROCK_VOUCHER_9750,715.0,15.0,,,,,717,15,,,,,716.0,0.0
1,78300,VOLCANIC_ROCK_VOUCHER_9750,717.0,12.0,,,,,718,12,,,,,717.5,0.0
1,78400,VOLCANIC_ROCK_VOUCHER_9750,718.0,14.0,,,,,719,14,,,,,718.5,0.0
1,78500,VOLCANIC_ROCK_VOUCHER_9750,717.0,3.0,,,,,718,16,,,,,717.5,0.0
1,78600,VOLCANIC_ROCK_VOUCHER_9750,715.0,14.0,,,,,717,14,,,,,716.0,0.0
1,78700,VOLCANIC_ROCK_VOUCHER_9750,714.0,14.0,,,,,715,14,,,,,714.5,0.0
1,78800,VOLCANIC_ROCK_VOUCHER_9750,714.0,12.0,,,,,715,12,,,,,714.5,0.0
1,78900,VOLCANIC_ROCK_VOUCHER_9750,713.0,20.0,,,,,715,20,,,,,714.0,0.0
1,79000,VOLCANIC_ROCK_VOUCHER_9750,714.0,16.0,,,,,716,16,,,,,715.0,0.0
1,79100,VOLCANIC_ROCK_VOUCHER_9750,714.0,18.0,,,,,715,18,,,,,714.5,0.0
1,79200,VOLCANIC_ROCK_VOUCHER_9750,714.0,22.0,,,,,716,22,,,,,715.0,0.0
1,79300,VOLCANIC_ROCK_VOUCHER_9750,714.0,13.0,,,,,716,13,,,,,715.0,0.0
1,79400,VOLCANIC_ROCK_VOUCHER_9750,715.0,2.0,,,,,717,15,,,,,716.0,0.0
1,79500,VOLCANIC_ROCK_VOUCHER_9750,714.0,16.0,,,,,715,16,,,,,714.5,0.0
1,79600,VOLCANIC_ROCK_VOUCHER_9750,713.0,17.0,,,,,714,17,,,,,713.5,0.0
1,79700,VOLCANIC_ROCK_VOUCHER_9750,713.0,17.0,,,,,714,17,,,,,713.5,0.0
1,79800,VOLCANIC_ROCK_VOUCHER_9750,713.0,17.0,,,,,714,17,,,,,713.5,0.0
1,79900,VOLCANIC_ROCK_VOUCHER_9750,712.0,21.0,,,,,713,21,,,,,712.5,0.0
1,80000,VOLCANIC_ROCK_VOUCHER_9750,713.0,22.0,,,,,714,22,,,,,713.5,0.0
1,80100,VOLCANIC_ROCK_VOUCHER_9750,710.0,20.0,,,,,711,20,,,,,710.5,0.0
1,80200,VOLCANIC_ROCK_VOUCHER_9750,708.0,19.0,,,,,709,19,,,,,708.5,0.0
1,80300,VOLCANIC_ROCK_VOUCHER_9750,709.0,15.0,,,,,711,15,,,,,710.0,0.0
1,80400,VOLCANIC_ROCK_VOUCHER_9750,710.0,13.0,,,,,711,13,,,,,710.5,0.0
1,80500,VOLCANIC_ROCK_VOUCHER_9750,711.0,18.0,,,,,712,18,,,,,711.5,0.0
1,80600,VOLCANIC_ROCK_VOUCHER_9750,712.0,32.0,,,,,713,19,,,,,712.5,0.0
1,80700,VOLCANIC_ROCK_VOUCHER_9750,715.0,19.0,,,,,716,19,,,,,715.5,0.0
1,80800,VOLCANIC_ROCK_VOUCHER_9750,714.0,17.0,,,,,715,17,,,,,714.5,0.0
1,80900,VOLCANIC_ROCK_VOUCHER_9750,715.0,18.0,,,,,716,18,,,,,715.5,0.0
1,81000,VOLCANIC_ROCK_VOUCHER_9750,714.0,15.0,,,,,715,15,,,,,714.5,0.0
1,81100,VOLCANIC_ROCK_VOUCHER_9750,713.0,13.0,,,,,715,13,,,,,714.0,0.0
1,81200,VOLCANIC_ROCK_VOUCHER_9750,713.0,19.0,,,,,714,19,,,,,713.5,0.0
1,81300,VOLCANIC_ROCK_VOUCHER_9750,713.0,12.0,,,,,715,12,,,,,714.0,0.0
1,81400,VOLCANIC_ROCK_VOUCHER_9750,715.0,13.0,,,,,716,13,,,,,715.5,0.0
1,81500,VOLCANIC_ROCK_VOUCHER_9750,712.0,20.0,,,,,713,20,,,,,712.5,0.0
1,81600,VOLCANIC_ROCK_VOUCHER_9750,712.0,19.0,,,,,713,19,,,,,712.5,0.0
1,81700,VOLCANIC_ROCK_VOUCHER_9750,712.0,19.0,,,,,713,19,,,,,712.5,0.0
1,81800,VOLCANIC_ROCK_VOUCHER_9750,712.0,12.0,,,,,713,12,,,,,712.5,0.0
1,81900,VOLCANIC_ROCK_VOUCHER_9750,714.0,16.0,,,,,715,16,,,,,714.5,0.0
1,82000,VOLCANIC_ROCK_VOUCHER_9750,714.0,12.0,,,,,715,12,,,,,714.5,0.0
1,82100,VOLCANIC_ROCK_VOUCHER_9750,720.0,16.0,,,,,722,16,,,,,721.0,0.0
1,82200,VOLCANIC_ROCK_VOUCHER_9750,724.0,10.0,,,,,725,10,,,,,724.5,0.0
1,82300,VOLCANIC_ROCK_VOUCHER_9750,725.0,18.0,,,,,726,18,,,,,725.5,0.0
1,82400,VOLCANIC_ROCK_VOUCHER_9750,725.0,14.0,,,,,726,14,,,,,725.5,0.0
1,82500,VOLCANIC_ROCK_VOUCHER_9750,723.0,15.0,,,,,724,1,725.0,14.0,,,723.5,0.0
1,82600,VOLCANIC_ROCK_VOUCHER_9750,721.0,20.0,,,,,723,20,,,,,722.0,0.0
1,82700,VOLCANIC_ROCK_VOUCHER_9750,723.0,21.0,,,,,724,21,,,,,723.5,0.0
1,82800,VOLCANIC_ROCK_VOUCHER_9750,724.0,13.0,,,,,725,13,,,,,724.5,0.0
1,82900,VOLCANIC_ROCK_VOUCHER_9750,724.0,17.0,,,,,725,17,,,,,724.5,0.0
1,83000,VOLCANIC_ROCK_VOUCHER_9750,724.0,17.0,,,,,725,17,,,,,724.5,0.0
1,83100,VOLCANIC_ROCK_VOUCHER_9750,722.0,18.0,,,,,723,18,,,,,722.5,0.0
1,83200,VOLCANIC_ROCK_VOUCHER_9750,,,,,,,722,3,723.0,14.0,,,722.0,0.0
1,83300,VOLCANIC_ROCK_VOUCHER_9750,725.0,8.0,,,,,726,20,,,,,725.5,0.0
1,83400,VOLCANIC_ROCK_VOUCHER_9750,725.0,13.0,,,,,726,13,,,,,725.5,0.0
1,83500,VOLCANIC_ROCK_VOUCHER_9750,727.0,13.0,,,,,728,13,,,,,727.5,0.0
1,83600,VOLCANIC_ROCK_VOUCHER_9750,727.0,20.0,,,,,728,20,,,,,727.5,0.0
1,83700,VOLCANIC_ROCK_VOUCHER_9750,729.0,22.0,,,,,730,11,,,,,729.5,0.0
1,83800,VOLCANIC_ROCK_VOUCHER_9750,730.0,11.0,,,,,731,11,,,,,730.5,0.0
1,83900,VOLCANIC_ROCK_VOUCHER_9750,732.0,14.0,,,,,733,14,,,,,732.5,0.0
1,84000,VOLCANIC_ROCK_VOUCHER_9750,733.0,30.0,,,,,734,12,,,,,733.5,0.0
1,84100,VOLCANIC_ROCK_VOUCHER_9750,728.0,13.0,,,,,729,13,,,,,728.5,0.0
1,84200,VOLCANIC_ROCK_VOUCHER_9750,725.0,16.0,,,,,726,16,,,,,725.5,0.0
1,84300,VOLCANIC_ROCK_VOUCHER_9750,727.0,26.0,,,,,728,12,,,,,727.5,0.0
1,84400,VOLCANIC_ROCK_VOUCHER_9750,727.0,21.0,,,,,728,21,,,,,727.5,0.0
1,84500,VOLCANIC_ROCK_VOUCHER_9750,727.0,21.0,,,,,728,21,,,,,727.5,0.0
1,84600,VOLCANIC_ROCK_VOUCHER_9750,725.0,14.0,,,,,726,14,,,,,725.5,0.0
1,84700,VOLCANIC_ROCK_VOUCHER_9750,725.0,27.0,,,,,726,15,,,,,725.5,0.0
1,84800,VOLCANIC_ROCK_VOUCHER_9750,725.0,18.0,,,,,726,18,,,,,725.5,0.0
1,84900,VOLCANIC_ROCK_VOUCHER_9750,727.0,29.0,,,,,728,17,,,,,727.5,0.0
1,85000,VOLCANIC_ROCK_VOUCHER_9750,731.0,20.0,,,,,732,20,,,,,731.5,0.0
1,85100,VOLCANIC_ROCK_VOUCHER_9750,732.0,11.0,,,,,733,11,,,,,732.5,0.0
1,85200,VOLCANIC_ROCK_VOUCHER_9750,735.0,11.0,,,,,736,11,,,,,735.5,0.0
1,85300,VOLCANIC_ROCK_VOUCHER_9750,734.0,13.0,,,,,736,13,,,,,735.0,0.0
1,85400,VOLCANIC_ROCK_VOUCHER_9750,732.0,11.0,,,,,733,11,,,,,732.5,0.0
1,85500,VOLCANIC_ROCK_VOUCHER_9750,732.0,20.0,,,,,733,20,,,,,732.5,0.0
1,85600,VOLCANIC_ROCK_VOUCHER_9750,733.0,12.0,,,,,734,12,,,,,733.5,0.0
1,85700,VOLCANIC_ROCK_VOUCHER_9750,735.0,12.0,,,,,736,12,,,,,735.5,0.0
1,85800,VOLCANIC_ROCK_VOUCHER_9750,734.0,18.0,,,,,735,18,,,,,734.5,0.0
1,85900,VOLCANIC_ROCK_VOUCHER_9750,736.0,12.0,,,,,738,12,,,,,737.0,0.0
1,86000,VOLCANIC_ROCK_VOUCHER_9750,735.0,15.0,,,,,736,15,,,,,735.5,0.0
1,86100,VOLCANIC_ROCK_VOUCHER_9750,741.0,14.0,,,,,742,14,,,,,741.5,0.0
1,86200,VOLCANIC_ROCK_VOUCHER_9750,741.0,16.0,,,,,742,16,,,,,741.5,0.0
1,86300,VOLCANIC_ROCK_VOUCHER_9750,739.0,18.0,,,,,740,18,,,,,739.5,0.0
1,86400,VOLCANIC_ROCK_VOUCHER_9750,743.0,16.0,,,,,744,16,,,,,743.5,0.0
1,86500,VOLCANIC_ROCK_VOUCHER_9750,742.0,15.0,,,,,743,15,,,,,742.5,0.0
1,86600,VOLCANIC_ROCK_VOUCHER_9750,740.0,16.0,,,,,741,16,,,,,740.5,0.0
1,86700,VOLCANIC_ROCK_VOUCHER_9750,740.0,15.0,,,,,741,15,,,,,740.5,0.0
1,86800,VOLCANIC_ROCK_VOUCHER_9750,732.0,13.0,,,,,733,13,,,,,732.5,0.0
1,86900,VOLCANIC_ROCK_VOUCHER_9750,735.0,19.0,,,,,736,19,,,,,735.5,0.0
1,87000,VOLCANIC_ROCK_VOUCHER_9750,739.0,15.0,,,,,740,15,,,,,739.5,0.0
1,87100,VOLCANIC_ROCK_VOUCHER_9750,739.0,19.0,,,,,740,19,,,,,739.5,0.0
1,87200,VOLCANIC_ROCK_VOUCHER_9750,739.0,12.0,,,,,740,12,,,,,739.5,0.0
1,87300,VOLCANIC_ROCK_VOUCHER_9750,739.0,5.0,,,,,740,16,,,,,739.5,0.0
1,87400,VOLCANIC_ROCK_VOUCHER_9750,740.0,11.0,,,,,741,11,,,,,740.5,0.0
1,87500,VOLCANIC_ROCK_VOUCHER_9750,741.0,36.0,,,,,742,19,,,,,741.5,0.0
1,87600,VOLCANIC_ROCK_VOUCHER_9750,742.0,14.0,,,,,744,14,,,,,743.0,0.0
1,87700,VOLCANIC_ROCK_VOUCHER_9750,748.0,14.0,,,,,749,14,,,,,748.5,0.0
1,87800,VOLCANIC_ROCK_VOUCHER_9750,748.0,17.0,,,,,749,17,,,,,748.5,0.0
1,87900,VOLCANIC_ROCK_VOUCHER_9750,750.0,16.0,,,,,751,16,,,,,750.5,0.0
1,88000,VOLCANIC_ROCK_VOUCHER_9750,747.0,39.0,,,,,748,20,,,,,747.5,0.0
1,88100,VOLCANIC_ROCK_VOUCHER_9750,747.0,13.0,,,,,748,13,,,,,747.5,0.0
1,88200,VOLCANIC_ROCK_VOUCHER_9750,751.0,19.0,,,,,752,19,,,,,751.5,0.0
1,88300,VOLCANIC_ROCK_VOUCHER_9750,755.0,11.0,,,,,756,11,,,,,755.5,0.0
1,88400,VOLCANIC_ROCK_VOUCHER_9750,752.0,19.0,,,,,754,19,,,,,753.0,0.0
1,88500,VOLCANIC_ROCK_VOUCHER_9750,,,,,,,753,1,754.0,19.0,,,753.0,0.0
1,88600,VOLCANIC_ROCK_VOUCHER_9750,747.0,16.0,,,,,748,16,,,,,747.5,0.0
1,88700,VOLCANIC_ROCK_VOUCHER_9750,748.0,12.0,,,,,749,12,,,,,748.5,0.0
1,88800,VOLCANIC_ROCK_VOUCHER_9750,747.0,17.0,,,,,748,17,,,,,747.5,0.0
1,88900,VOLCANIC_ROCK_VOUCHER_9750,749.0,15.0,,,,,750,15,,,,,749.5,0.0
1,89000,VOLCANIC_ROCK_VOUCHER_9750,753.0,18.0,,,,,754,18,,,,,753.5,0.0
1,89100,VOLCANIC_ROCK_VOUCHER_9750,753.0,17.0,,,,,754,17,,,,,753.5,0.0
1,89200,VOLCANIC_ROCK_VOUCHER_9750,753.0,3.0,,,,,754,19,,,,,753.5,0.0
1,89300,VOLCANIC_ROCK_VOUCHER_9750,753.0,14.0,,,,,754,14,,,,,753.5,0.0
1,89400,VOLCANIC_ROCK_VOUCHER_9750,757.0,17.0,,,,,758,17,,,,,757.5,0.0
1,89500,VOLCANIC_ROCK_VOUCHER_9750,758.0,17.0,,,,,759,17,,,,,758.5,0.0
1,89600,VOLCANIC_ROCK_VOUCHER_9750,757.0,19.0,,,,,758,19,,,,,757.5,0.0
1,89700,VOLCANIC_ROCK_VOUCHER_9750,757.0,19.0,,,,,758,19,,,,,757.5,0.0
1,89800,VOLCANIC_ROCK_VOUCHER_9750,756.0,18.0,,,,,757,18,,,,,756.5,0.0
1,89900,VOLCANIC_ROCK_VOUCHER_9750,757.0,18.0,,,,,758,18,,,,,757.5,0.0
1,90000,VOLCANIC_ROCK_VOUCHER_9750,756.0,19.0,,,,,757,19,,,,,756.5,0.0
1,90100,VOLCANIC_ROCK_VOUCHER_9750,758.0,13.0,,,,,759,13,,,,,758.5,0.0
1,90200,VOLCANIC_ROCK_VOUCHER_9750,759.0,21.0,,,,,760,21,,,,,759.5,0.0
1,90300,VOLCANIC_ROCK_VOUCHER_9750,761.0,17.0,,,,,762,17,,,,,761.5,0.0
1,90400,VOLCANIC_ROCK_VOUCHER_9750,762.0,20.0,,,,,763,20,,,,,762.5,0.0
1,90500,VOLCANIC_ROCK_VOUCHER_9750,759.0,14.0,,,,,760,14,,,,,759.5,0.0
1,90600,VOLCANIC_ROCK_VOUCHER_9750,759.0,21.0,,,,,760,21,,,,,759.5,0.0
1,90700,VOLCANIC_ROCK_VOUCHER_9750,757.0,15.0,,,,,758,15,,,,,757.5,0.0
1,90800,VOLCANIC_ROCK_VOUCHER_9750,758.0,11.0,,,,,759,1,760.0,10.0,,,758.5,0.0
1,90900,VOLCANIC_ROCK_VOUCHER_9750,758.0,10.0,,,,,759,10,,,,,758.5,0.0
1,91000,VOLCANIC_ROCK_VOUCHER_9750,759.0,22.0,,,,,760,22,,,,,759.5,0.0
1,91100,VOLCANIC_ROCK_VOUCHER_9750,759.0,20.0,,,,,760,20,,,,,759.5,0.0
1,91200,VOLCANIC_ROCK_VOUCHER_9750,759.0,31.0,,,,,760,16,,,,,759.5,0.0
1,91300,VOLCANIC_ROCK_VOUCHER_9750,763.0,15.0,,,,,764,10,,,,,763.5,0.0
1,91400,VOLCANIC_ROCK_VOUCHER_9750,765.0,19.0,,,,,767,19,,,,,766.0,0.0
1,91500,VOLCANIC_ROCK_VOUCHER_9750,765.0,11.0,,,,,766,11,,,,,765.5,0.0
1,91600,VOLCANIC_ROCK_VOUCHER_9750,763.0,19.0,,,,,764,19,,,,,763.5,0.0
1,91700,VOLCANIC_ROCK_VOUCHER_9750,758.0,15.0,,,,,759,15,,,,,758.5,0.0
1,91800,VOLCANIC_ROCK_VOUCHER_9750,756.0,14.0,,,,,757,14,,,,,756.5,0.0
1,91900,VOLCANIC_ROCK_VOUCHER_9750,752.0,11.0,,,,,753,11,,,,,752.5,0.0
1,92000,VOLCANIC_ROCK_VOUCHER_9750,751.0,12.0,,,,,752,12,,,,,751.5,0.0
1,92100,VOLCANIC_ROCK_VOUCHER_9750,751.0,13.0,,,,,752,13,,,,,751.5,0.0
1,92200,VOLCANIC_ROCK_VOUCHER_9750,752.0,14.0,,,,,753,10,,,,,752.5,0.0
1,92300,VOLCANIC_ROCK_VOUCHER_9750,751.0,15.0,,,,,753,15,,,,,752.0,0.0
1,92400,VOLCANIC_ROCK_VOUCHER_9750,753.0,10.0,,,,,754,10,,,,,753.5,0.0
1,92500,VOLCANIC_ROCK_VOUCHER_9750,752.0,21.0,,,,,753,21,,,,,752.5,0.0
1,92600,VOLCANIC_ROCK_VOUCHER_9750,748.0,13.0,,,,,749,13,,,,,748.5,0.0
1,92700,VOLCANIC_ROCK_VOUCHER_9750,749.0,22.0,,,,,750,13,,,,,749.5,0.0
1,92800,VOLCANIC_ROCK_VOUCHER_9750,748.0,11.0,,,,,749,11,,,,,748.5,0.0
1,92900,VOLCANIC_ROCK_VOUCHER_9750,747.0,12.0,,,,,748,12,,,,,747.5,0.0
1,93000,VOLCANIC_ROCK_VOUCHER_9750,750.0,12.0,,,,,751,12,,,,,750.5,0.0
1,93100,VOLCANIC_ROCK_VOUCHER_9750,750.0,13.0,,,,,751,13,,,,,750.5,0.0
1,93200,VOLCANIC_ROCK_VOUCHER_9750,750.0,13.0,,,,,751,13,,,,,750.5,0.0
1,93300,VOLCANIC_ROCK_VOUCHER_9750,753.0,12.0,,,,,755,12,,,,,754.0,0.0
1,93400,VOLCANIC_ROCK_VOUCHER_9750,756.0,18.0,,,,,757,18,,,,,756.5,0.0
1,93500,VOLCANIC_ROCK_VOUCHER_9750,756.0,13.0,,,,,757,13,,,,,756.5,0.0
1,93600,VOLCANIC_ROCK_VOUCHER_9750,758.0,17.0,,,,,760,17,,,,,759.0,0.0
1,93700,VOLCANIC_ROCK_VOUCHER_9750,757.0,17.0,,,,,758,17,,,,,757.5,0.0
1,93800,VOLCANIC_ROCK_VOUCHER_9750,759.0,12.0,,,,,760,12,,,,,759.5,0.0
1,93900,VOLCANIC_ROCK_VOUCHER_9750,759.0,14.0,,,,,760,14,,,,,759.5,0.0
1,94000,VOLCANIC_ROCK_VOUCHER_9750,759.0,11.0,,,,,760,11,,,,,759.5,0.0
1,94100,VOLCANIC_ROCK_VOUCHER_9750,756.0,16.0,,,,,758,16,,,,,757.0,0.0
1,94200,VOLCANIC_ROCK_VOUCHER_9750,757.0,11.0,,,,,758,11,,,,,757.5,0.0
1,94300,VOLCANIC_ROCK_VOUCHER_9750,757.0,19.0,,,,,758,19,,,,,757.5,0.0
1,94400,VOLCANIC_ROCK_VOUCHER_9750,754.0,13.0,,,,,755,13,,,,,754.5,0.0
1,94500,VOLCANIC_ROCK_VOUCHER_9750,751.0,7.0,,,,,752,18,,,,,751.5,0.0
1,94600,VOLCANIC_ROCK_VOUCHER_9750,,,,,,,751,3,752.0,13.0,,,751.0,0.0
1,94700,VOLCANIC_ROCK_VOUCHER_9750,749.0,16.0,,,,,750,16,,,,,749.5,0.0
1,94800,VOLCANIC_ROCK_VOUCHER_9750,746.0,15.0,,,,,748,15,,,,,747.0,0.0
1,94900,VOLCANIC_ROCK_VOUCHER_9750,749.0,20.0,,,,,750,20,,,,,749.5,0.0
1,95000,VOLCANIC_ROCK_VOUCHER_9750,750.0,17.0,,,,,751,17,,,,,750.5,0.0
1,95100,VOLCANIC_ROCK_VOUCHER_9750,749.0,18.0,,,,,750,18,,,,,749.5,0.0
1,95200,VOLCANIC_ROCK_VOUCHER_9750,751.0,16.0,,,,,752,16,,,,,751.5,0.0
1,95300,VOLCANIC_ROCK_VOUCHER_9750,749.0,14.0,,,,,750,14,,,,,749.5,0.0
1,95400,VOLCANIC_ROCK_VOUCHER_9750,751.0,13.0,,,,,752,13,,,,,751.5,0.0
1,95500,VOLCANIC_ROCK_VOUCHER_9750,750.0,20.0,,,,,751,20,,,,,750.5,0.0
1,95600,VOLCANIC_ROCK_VOUCHER_9750,747.0,20.0,,,,,749,20,,,,,748.0,0.0
1,95700,VOLCANIC_ROCK_VOUCHER_9750,746.0,13.0,,,,,747,13,,,,,746.5,0.0
1,95800,VOLCANIC_ROCK_VOUCHER_9750,747.0,21.0,,,,,748,21,,,,,747.5,0.0
1,95900,VOLCANIC_ROCK_VOUCHER_9750,747.0,19.0,,,,,748,19,,,,,747.5,0.0
1,96000,VOLCANIC_ROCK_VOUCHER_9750,746.0,21.0,,,,,747,21,,,,,746.5,0.0
1,96100,VOLCANIC_ROCK_VOUCHER_9750,748.0,21.0,,,,,750,21,,,,,749.0,0.0
1,96200,VOLCANIC_ROCK_VOUCHER_9750,747.0,11.0,,,,,748,11,,,,,747.5,0.0
1,96300,VOLCANIC_ROCK_VOUCHER_9750,,,,,,,751,12,,,,,751.0,0.0
1,96400,VOLCANIC_ROCK_VOUCHER_9750,750.0,12.0,,,,,751,12,,,,,750.5,0.0
1,96500,VOLCANIC_ROCK_VOUCHER_9750,750.0,2.0,749.0,16.0,,,751,18,,,,,750.5,0.0
1,96600,VOLCANIC_ROCK_VOUCHER_9750,748.0,19.0,,,,,749,19,,,,,748.5,0.0
1,96700,VOLCANIC_ROCK_VOUCHER_9750,750.0,12.0,,,,,752,12,,,,,751.0,0.0
1,96800,VOLCANIC_ROCK_VOUCHER_9750,753.0,20.0,,,,,754,20,,,,,753.5,0.0
1,96900,VOLCANIC_ROCK_VOUCHER_9750,755.0,12.0,,,,,756,12,,,,,755.5,0.0
1,97000,VOLCANIC_ROCK_VOUCHER_9750,,,,,,,755,3,756.0,14.0,,,755.0,0.0
1,97100,VOLCANIC_ROCK_VOUCHER_9750,753.0,16.0,,,,,754,16,,,,,753.5,0.0
1,97200,VOLCANIC_ROCK_VOUCHER_9750,753.0,11.0,,,,,754,11,,,,,753.5,0.0
1,97300,VOLCANIC_ROCK_VOUCHER_9750,754.0,10.0,,,,,755,10,,,,,754.5,0.0
1,97400,VOLCANIC_ROCK_VOUCHER_9750,751.0,17.0,,,,,752,17,,,,,751.5,0.0
1,97500,VOLCANIC_ROCK_VOUCHER_9750,751.0,18.0,,,,,752,18,,,,,751.5,0.0
1,97600,VOLCANIC_ROCK_VOUCHER_9750,751.0,12.0,,,,,752,12,,,,,751.5,0.0
1,97700,VOLCANIC_ROCK_VOUCHER_9750,750.0,19.0,,,,,751,19,,,,,750.5,0.0
1,97800,VOLCANIC_ROCK_VOUCHER_9750,749.0,22.0,,,,,750,22,,,,,749.5,0.0
1,97900,VOLCANIC_ROCK_VOUCHER_9750,,,,,,,747,14,,,,,747.0,0.0
1,98000,VOLCANIC_ROCK_VOUCHER_9750,747.0,18.0,,,,,749,18,,,,,748.0,0.0
1,98100,VOLCANIC_ROCK_VOUCHER_9750,748.0,28.0,,,,,749,13,,,,,748.5,0.0
1,98200,VOLCANIC_ROCK_VOUCHER_9750,750.0,16.0,,,,,751,16,,,,,750.5,0.0
1,98300,VOLCANIC_ROCK_VOUCHER_9750,749.0,13.0,,,,,751,13,,,,,750.0,0.0
1,98400,VOLCANIC_ROCK_VOUCHER_9750,751.0,17.0,,,,,752,17,,,,,751.5,0.0
1,98500,VOLCANIC_ROCK_VOUCHER_9750,751.0,12.0,,,,,752,12,,,,,751.5,0.0
1,98600,VOLCANIC_ROCK_VOUCHER_9750,750.0,20.0,,,,,751,20,,,,,750.5,0.0
1,98700,VOLCANIC_ROCK_VOUCHER_9750,750.0,28.0,,,,,751,18,,,,,750.5,0.0
1,98800,VOLCANIC_ROCK_VOUCHER_9750,750.0,21.0,,,,,751,21,,,,,750.5,0.0
1,98900,VOLCANIC_ROCK_VOUCHER_9750,752.0,18.0,,,,,753,18,,,,,752.5,0.0
1,99000,VOLCANIC_ROCK_VOUCHER_9750,752.0,15.0,,,,,753,15,,,,,752.5,0.0
1,99100,VOLCANIC_ROCK_VOUCHER_9750,752.0,16.0,,,,,754,16,,,,,753.0,0.0
1,99200,VOLCANIC_ROCK_VOUCHER_9750,751.0,18.0,,,,,752,18,,,,,751.5,0.0
1,99300,VOLCANIC_ROCK_VOUCHER_9750,750.0,14.0,,,,,751,14,,,,,750.5,0.0
1,99400,VOLCANIC_ROCK_VOUCHER_9750,750.0,21.0,,,,,751,21,,,,,750.5,0.0
1,99500,VOLCANIC_ROCK_VOUCHER_9750,749.0,23.0,,,,,750,13,,,,,749.5,0.0
1,99600,VOLCANIC_ROCK_VOUCHER_9750,,,,,,,750,13,,,,,750.0,0.0
1,99700,VOLCANIC_ROCK_VOUCHER_9750,,,,,,,748,8,749.0,12.0,,,748.0,0.0
1,99800,VOLCANIC_ROCK_VOUCHER_9750,747.0,15.0,,,,,748,15,,,,,747.5,0.0
1,99900,VOLCANIC_ROCK_VOUCHER_9750,748.0,14.0,,,,,749,14,,,,,748.5,0.0
1,100000,VOLCANIC_ROCK_VOUCHER_9750,748.0,14.0,,,,,749,14,,,,,748.5,0.0
1,100100,VOLCANIC_ROCK_VOUCHER_9750,753.0,21.0,,,,,755,21,,,,,754.0,0.0
1,100200,VOLCANIC_ROCK_VOUCHER_9750,753.0,10.0,752.0,15.0,,,754,15,,,,,753.5,0.0
1,100300,VOLCANIC_ROCK_VOUCHER_9750,754.0,19.0,,,,,755,19,,,,,754.5,0.0
1,100400,VOLCANIC_ROCK_VOUCHER_9750,753.0,10.0,,,,,754,10,,,,,753.5,0.0
1,100500,VOLCANIC_ROCK_VOUCHER_9750,753.0,12.0,,,,,754,12,,,,,753.5,0.0
1,100600,VOLCANIC_ROCK_VOUCHER_9750,756.0,22.0,,,,,757,22,,,,,756.5,0.0
1,100700,VOLCANIC_ROCK_VOUCHER_9750,755.0,16.0,,,,,756,16,,,,,755.5,0.0
1,100800,VOLCANIC_ROCK_VOUCHER_9750,755.0,10.0,,,,,756,10,,,,,755.5,0.0
1,100900,VOLCANIC_ROCK_VOUCHER_9750,754.0,18.0,,,,,755,18,,,,,754.5,0.0
1,101000,VOLCANIC_ROCK_VOUCHER_9750,754.0,2.0,753.0,16.0,,,755,18,,,,,754.5,0.0
1,101100,VOLCANIC_ROCK_VOUCHER_9750,753.0,12.0,,,,,754,12,,,,,753.5,0.0
1,101200,VOLCANIC_ROCK_VOUCHER_9750,751.0,13.0,,,,,752,13,,,,,751.5,0.0
1,101300,VOLCANIC_ROCK_VOUCHER_9750,,,,,,,750,1,751.0,13.0,,,750.0,0.0
1,101400,VOLCANIC_ROCK_VOUCHER_9750,750.0,21.0,,,,,752,21,,,,,751.0,0.0
1,101500,VOLCANIC_ROCK_VOUCHER_9750,751.0,6.0,,,,,752,16,,,,,751.5,0.0
1,101600,VOLCANIC_ROCK_VOUCHER_9750,745.0,11.0,,,,,746,11,,,,,745.5,0.0
1,101700,VOLCANIC_ROCK_VOUCHER_9750,746.0,15.0,,,,,747,15,,,,,746.5,0.0
1,101800,VOLCANIC_ROCK_VOUCHER_9750,746.0,17.0,,,,,747,17,,,,,746.5,0.0
1,101900,VOLCANIC_ROCK_VOUCHER_9750,748.0,20.0,,,,,749,20,,,,,748.5,0.0
1,102000,VOLCANIC_ROCK_VOUCHER_9750,748.0,14.0,,,,,749,14,,,,,748.5,0.0
1,102100,VOLCANIC_ROCK_VOUCHER_9750,748.0,19.0,,,,,749,19,,,,,748.5,0.0
1,102200,VOLCANIC_ROCK_VOUCHER_9750,749.0,12.0,,,,,750,12,,,,,749.5,0.0
1,102300,VOLCANIC_ROCK_VOUCHER_9750,751.0,2.0,750.0,17.0,,,752,19,,,,,751.5,0.0
1,102400,VOLCANIC_ROCK_VOUCHER_9750,,,,,,,750,6,751.0,14.0,,,750.0,0.0
1,102500,VOLCANIC_ROCK_VOUCHER_9750,748.0,17.0,,,,,749,17,,,,,748.5,0.0
1,102600,VOLCANIC_ROCK_VOUCHER_9750,748.0,13.0,,,,,749,13,,,,,748.5,0.0
1,102700,VOLCANIC_ROCK_VOUCHER_9750,749.0,13.0,,,,,750,13,,,,,749.5,0.0
1,102800,VOLCANIC_ROCK_VOUCHER_9750,751.0,19.0,,,,,752,19,,,,,751.5,0.0
1,102900,VOLCANIC_ROCK_VOUCHER_9750,752.0,25.0,,,,,753,11,,,,,752.5,0.0
1,103000,VOLCANIC_ROCK_VOUCHER_9750,751.0,20.0,,,,,753,20,,,,,752.0,0.0
1,103100,VOLCANIC_ROCK_VOUCHER_9750,753.0,35.0,,,,,754,19,,,,,753.5,0.0
1,103200,VOLCANIC_ROCK_VOUCHER_9750,753.0,11.0,,,,,754,11,,,,,753.5,0.0
1,103300,VOLCANIC_ROCK_VOUCHER_9750,752.0,16.0,,,,,753,16,,,,,752.5,0.0
1,103400,VOLCANIC_ROCK_VOUCHER_9750,752.0,8.0,,,,,753,19,,,,,752.5,0.0
1,103500,VOLCANIC_ROCK_VOUCHER_9750,754.0,16.0,,,,,755,16,,,,,754.5,0.0
1,103600,VOLCANIC_ROCK_VOUCHER_9750,752.0,7.0,,,,,753,20,,,,,752.5,0.0
1,103700,VOLCANIC_ROCK_VOUCHER_9750,753.0,19.0,,,,,754,19,,,,,753.5,0.0
1,103800,VOLCANIC_ROCK_VOUCHER_9750,752.0,13.0,,,,,753,13,,,,,752.5,0.0
1,103900,VOLCANIC_ROCK_VOUCHER_9750,755.0,17.0,,,,,756,17,,,,,755.5,0.0
1,104000,VOLCANIC_ROCK_VOUCHER_9750,756.0,17.0,,,,,757,17,,,,,756.5,0.0
1,104100,VOLCANIC_ROCK_VOUCHER_9750,754.0,20.0,,,,,755,20,,,,,754.5,0.0
1,104200,VOLCANIC_ROCK_VOUCHER_9750,755.0,14.0,,,,,756,14,,,,,755.5,0.0
1,104300,VOLCANIC_ROCK_VOUCHER_9750,755.0,17.0,,,,,756,17,,,,,755.5,0.0
1,104400,VOLCANIC_ROCK_VOUCHER_9750,754.0,16.0,,,,,756,16,,,,,755.0,0.0
1,104500,VOLCANIC_ROCK_VOUCHER_9750,752.0,18.0,,,,,754,18,,,,,753.0,0.0
1,104600,VOLCANIC_ROCK_VOUCHER_9750,749.0,18.0,,,,,750,18,,,,,749.5,0.0
1,104700,VOLCANIC_ROCK_VOUCHER_9750,748.0,13.0,,,,,749,13,,,,,748.5,0.0
1,104800,VOLCANIC_ROCK_VOUCHER_9750,747.0,14.0,,,,,748,14,,,,,747.5,0.0
1,104900,VOLCANIC_ROCK_VOUCHER_9750,745.0,11.0,,,,,747,11,,,,,746.0,0.0
1,105000,VOLCANIC_ROCK_VOUCHER_9750,743.0,20.0,,,,,744,20,,,,,743.5,0.0
1,105100,VOLCANIC_ROCK_VOUCHER_9750,743.0,20.0,742.0,12.0,,,744,12,,,,,743.5,0.0
1,105200,VOLCANIC_ROCK_VOUCHER_9750,745.0,13.0,,,,,746,13,,,,,745.5,0.0
1,105300,VOLCANIC_ROCK_VOUCHER_9750,745.0,12.0,,,,,746,12,,,,,745.5,0.0
1,105400,VOLCANIC_ROCK_VOUCHER_9750,747.0,14.0,,,,,748,14,,,,,747.5,0.0
1,105500,VOLCANIC_ROCK_VOUCHER_9750,745.0,13.0,,,,,746,13,,,,,745.5,0.0
1,105600,VOLCANIC_ROCK_VOUCHER_9750,746.0,13.0,,,,,747,13,,,,,746.5,0.0
1,105700,VOLCANIC_ROCK_VOUCHER_9750,748.0,13.0,,,,,749,13,,,,,748.5,0.0
1,105800,VOLCANIC_ROCK_VOUCHER_9750,747.0,20.0,,,,,748,20,,,,,747.5,0.0
1,105900,VOLCANIC_ROCK_VOUCHER_9750,746.0,17.0,,,,,747,17,,,,,746.5,0.0
1,106000,VOLCANIC_ROCK_VOUCHER_9750,747.0,18.0,,,,,748,18,,,,,747.5,0.0
1,106100,VOLCANIC_ROCK_VOUCHER_9750,745.0,12.0,,,,,746,12,,,,,745.5,0.0
1,106200,VOLCANIC_ROCK_VOUCHER_9750,746.0,15.0,,,,,747,15,,,,,746.5,0.0
1,106300,VOLCANIC_ROCK_VOUCHER_9750,746.0,19.0,,,,,747,19,,,,,746.5,0.0
1,106400,VOLCANIC_ROCK_VOUCHER_9750,743.0,17.0,,,,,744,17,,,,,743.5,0.0
1,106500,VOLCANIC_ROCK_VOUCHER_9750,744.0,17.0,,,,,745,17,,,,,744.5,0.0
1,106600,VOLCANIC_ROCK_VOUCHER_9750,739.0,13.0,,,,,740,13,,,,,739.5,0.0
1,106700,VOLCANIC_ROCK_VOUCHER_9750,739.0,22.0,,,,,740,22,,,,,739.5,0.0
1,106800,VOLCANIC_ROCK_VOUCHER_9750,739.0,14.0,,,,,740,14,,,,,739.5,0.0
1,106900,VOLCANIC_ROCK_VOUCHER_9750,738.0,14.0,,,,,739,14,,,,,738.5,0.0
1,107000,VOLCANIC_ROCK_VOUCHER_9750,740.0,13.0,,,,,741,13,,,,,740.5,0.0
1,107100,VOLCANIC_ROCK_VOUCHER_9750,740.0,19.0,,,,,741,19,,,,,740.5,0.0
1,107200,VOLCANIC_ROCK_VOUCHER_9750,742.0,18.0,,,,,743,18,,,,,742.5,0.0
1,107300,VOLCANIC_ROCK_VOUCHER_9750,741.0,18.0,,,,,742,18,,,,,741.5,0.0
1,107400,VOLCANIC_ROCK_VOUCHER_9750,742.0,16.0,,,,,743,16,,,,,742.5,0.0
1,107500,VOLCANIC_ROCK_VOUCHER_9750,742.0,15.0,,,,,743,15,,,,,742.5,0.0
1,107600,VOLCANIC_ROCK_VOUCHER_9750,743.0,17.0,,,,,744,17,,,,,743.5,0.0
1,107700,VOLCANIC_ROCK_VOUCHER_9750,743.0,10.0,,,,,744,10,,,,,743.5,0.0
1,107800,VOLCANIC_ROCK_VOUCHER_9750,746.0,13.0,,,,,747,13,,,,,746.5,0.0
1,107900,VOLCANIC_ROCK_VOUCHER_9750,745.0,14.0,,,,,746,14,,,,,745.5,0.0
1,108000,VOLCANIC_ROCK_VOUCHER_9750,746.0,16.0,,,,,747,16,,,,,746.5,0.0
1,108100,VOLCANIC_ROCK_VOUCHER_9750,747.0,19.0,,,,,748,19,,,,,747.5,0.0
1,108200,VOLCANIC_ROCK_VOUCHER_9750,743.0,18.0,,,,,744,18,,,,,743.5,0.0
1,108300,VOLCANIC_ROCK_VOUCHER_9750,746.0,11.0,,,,,747,11,,,,,746.5,0.0
1,108400,VOLCANIC_ROCK_VOUCHER_9750,750.0,34.0,,,,,751,14,,,,,750.5,0.0
1,108500,VOLCANIC_ROCK_VOUCHER_9750,750.0,15.0,,,,,751,15,,,,,750.5,0.0
1,108600,VOLCANIC_ROCK_VOUCHER_9750,748.0,12.0,,,,,749,12,,,,,748.5,0.0
1,108700,VOLCANIC_ROCK_VOUCHER_9750,747.0,20.0,,,,,748,20,,,,,747.5,0.0
1,108800,VOLCANIC_ROCK_VOUCHER_9750,750.0,13.0,,,,,751,13,,,,,750.5,0.0
1,108900,VOLCANIC_ROCK_VOUCHER_9750,752.0,1.0,,,,,753,19,,,,,752.5,0.0
1,109000,VOLCANIC_ROCK_VOUCHER_9750,750.0,19.0,,,,,751,19,,,,,750.5,0.0
1,109100,VOLCANIC_ROCK_VOUCHER_9750,748.0,28.0,,,,,749,18,,,,,748.5,0.0
1,109200,VOLCANIC_ROCK_VOUCHER_9750,748.0,0.0,,,,,749,13,,,,,748.5,0.0
1,109300,VOLCANIC_ROCK_VOUCHER_9750,748.0,14.0,,,,,749,14,,,,,748.5,0.0
1,109400,VOLCANIC_ROCK_VOUCHER_9750,746.0,19.0,,,,,747,19,,,,,746.5,0.0
1,109500,VOLCANIC_ROCK_VOUCHER_9750,746.0,14.0,,,,,747,14,,,,,746.5,0.0
1,109600,VOLCANIC_ROCK_VOUCHER_9750,747.0,21.0,,,,,748,21,,,,,747.5,0.0
1,109700,VOLCANIC_ROCK_VOUCHER_9750,746.0,11.0,,,,,747,11,,,,,746.5,0.0
1,109800,VOLCANIC_ROCK_VOUCHER_9750,744.0,10.0,,,,,745,10,,,,,744.5,0.0
1,109900,VOLCANIC_ROCK_VOUCHER_9750,742.0,15.0,,,,,743,15,,,,,742.5,0.0
1,110000,VOLCANIC_ROCK_VOUCHER_9750,742.0,20.0,,,,,743,20,,,,,742.5,0.0
1,110100,VOLCANIC_ROCK_VOUCHER_9750,737.0,20.0,,,,,738,20,,,,,737.5,0.0
1,110200,VOLCANIC_ROCK_VOUCHER_9750,736.0,19.0,,,,,737,19,,,,,736.5,0.0
1,110300,VOLCANIC_ROCK_VOUCHER_9750,737.0,19.0,,,,,738,19,,,,,737.5,0.0
1,110400,VOLCANIC_ROCK_VOUCHER_9750,739.0,15.0,,,,,740,15,,,,,739.5,0.0
1,110500,VOLCANIC_ROCK_VOUCHER_9750,740.0,18.0,,,,,741,18,,,,,740.5,0.0
1,110600,VOLCANIC_ROCK_VOUCHER_9750,742.0,14.0,,,,,743,14,,,,,742.5,0.0
1,110700,VOLCANIC_ROCK_VOUCHER_9750,744.0,17.0,,,,,745,17,,,,,744.5,0.0
1,110800,VOLCANIC_ROCK_VOUCHER_9750,743.0,12.0,,,,,744,12,,,,,743.5,0.0
1,110900,VOLCANIC_ROCK_VOUCHER_9750,747.0,21.0,,,,,748,21,,,,,747.5,0.0
1,111000,VOLCANIC_ROCK_VOUCHER_9750,748.0,14.0,,,,,749,14,,,,,748.5,0.0
1,111100,VOLCANIC_ROCK_VOUCHER_9750,749.0,13.0,,,,,750,13,,,,,749.5,0.0
1,111200,VOLCANIC_ROCK_VOUCHER_9750,748.0,11.0,,,,,749,11,,,,,748.5,0.0
1,111300,VOLCANIC_ROCK_VOUCHER_9750,750.0,11.0,,,,,751,11,,,,,750.5,0.0
1,111400,VOLCANIC_ROCK_VOUCHER_9750,749.0,20.0,,,,,750,20,,,,,749.5,0.0
1,111500,VOLCANIC_ROCK_VOUCHER_9750,750.0,20.0,,,,,751,20,,,,,750.5,0.0
1,111600,VOLCANIC_ROCK_VOUCHER_9750,748.0,10.0,,,,,749,10,,,,,748.5,0.0
1,111700,VOLCANIC_ROCK_VOUCHER_9750,745.0,12.0,,,,,746,12,,,,,745.5,0.0
1,111800,VOLCANIC_ROCK_VOUCHER_9750,745.0,21.0,,,,,746,21,,,,,745.5,0.0
1,111900,VOLCANIC_ROCK_VOUCHER_9750,744.0,16.0,,,,,745,16,,,,,744.5,0.0
1,112000,VOLCANIC_ROCK_VOUCHER_9750,744.0,19.0,,,,,746,19,,,,,745.0,0.0
1,112100,VOLCANIC_ROCK_VOUCHER_9750,745.0,14.0,,,,,746,14,,,,,745.5,0.0
1,112200,VOLCANIC_ROCK_VOUCHER_9750,746.0,11.0,,,,,747,11,,,,,746.5,0.0
1,112300,VOLCANIC_ROCK_VOUCHER_9750,744.0,16.0,,,,,745,16,,,,,744.5,0.0
1,112400,VOLCANIC_ROCK_VOUCHER_9750,744.0,14.0,,,,,745,14,,,,,744.5,0.0
1,112500,VOLCANIC_ROCK_VOUCHER_9750,745.0,5.0,,,,,746,21,,,,,745.5,0.0
1,112600,VOLCANIC_ROCK_VOUCHER_9750,740.0,10.0,,,,,741,10,,,,,740.5,0.0
1,112700,VOLCANIC_ROCK_VOUCHER_9750,742.0,16.0,,,,,743,16,,,,,742.5,0.0
1,112800,VOLCANIC_ROCK_VOUCHER_9750,740.0,13.0,,,,,741,13,,,,,740.5,0.0
1,112900,VOLCANIC_ROCK_VOUCHER_9750,738.0,11.0,,,,,739,11,,,,,738.5,0.0
1,113000,VOLCANIC_ROCK_VOUCHER_9750,738.0,15.0,,,,,739,15,,,,,738.5,0.0
1,113100,VOLCANIC_ROCK_VOUCHER_9750,736.0,16.0,,,,,737,16,,,,,736.5,0.0
1,113200,VOLCANIC_ROCK_VOUCHER_9750,738.0,10.0,,,,,739,10,,,,,738.5,0.0
1,113300,VOLCANIC_ROCK_VOUCHER_9750,737.0,19.0,,,,,738,19,,,,,737.5,0.0
1,113400,VOLCANIC_ROCK_VOUCHER_9750,739.0,15.0,,,,,740,15,,,,,739.5,0.0
1,113500,VOLCANIC_ROCK_VOUCHER_9750,739.0,0.0,,,,,740,14,,,,,739.5,0.0
1,113600,VOLCANIC_ROCK_VOUCHER_9750,739.0,17.0,,,,,740,17,,,,,739.5,0.0
1,113700,VOLCANIC_ROCK_VOUCHER_9750,737.0,17.0,,,,,738,17,,,,,737.5,0.0
1,113800,VOLCANIC_ROCK_VOUCHER_9750,737.0,14.0,,,,,738,14,,,,,737.5,0.0
1,113900,VOLCANIC_ROCK_VOUCHER_9750,736.0,13.0,,,,,737,13,,,,,736.5,0.0
1,114000,VOLCANIC_ROCK_VOUCHER_9750,737.0,19.0,,,,,738,19,,,,,737.5,0.0
1,114100,VOLCANIC_ROCK_VOUCHER_9750,734.0,12.0,,,,,735,12,,,,,734.5,0.0
1,114200,VOLCANIC_ROCK_VOUCHER_9750,733.0,19.0,,,,,734,19,,,,,733.5,0.0
1,114300,VOLCANIC_ROCK_VOUCHER_9750,732.0,15.0,,,,,733,15,,,,,732.5,0.0
1,114400,VOLCANIC_ROCK_VOUCHER_9750,733.0,15.0,,,,,734,15,,,,,733.5,0.0
1,114500,VOLCANIC_ROCK_VOUCHER_9750,731.0,18.0,,,,,733,18,,,,,732.0,0.0
1,114600,VOLCANIC_ROCK_VOUCHER_9750,730.0,12.0,,,,,731,12,,,,,730.5,0.0
1,114700,VOLCANIC_ROCK_VOUCHER_9750,729.0,18.0,,,,,730,18,,,,,729.5,0.0
1,114800,VOLCANIC_ROCK_VOUCHER_9750,730.0,18.0,,,,,731,18,,,,,730.5,0.0
1,114900,VOLCANIC_ROCK_VOUCHER_9750,731.0,18.0,,,,,732,18,,,,,731.5,0.0
1,115000,VOLCANIC_ROCK_VOUCHER_9750,732.0,17.0,,,,,734,17,,,,,733.0,0.0
1,115100,VOLCANIC_ROCK_VOUCHER_9750,731.0,14.0,,,,,732,14,,,,,731.5,0.0
1,115200,VOLCANIC_ROCK_VOUCHER_9750,731.0,21.0,,,,,732,21,,,,,731.5,0.0
1,115300,VOLCANIC_ROCK_VOUCHER_9750,729.0,23.0,,,,,730,13,,,,,729.5,0.0
1,115400,VOLCANIC_ROCK_VOUCHER_9750,730.0,15.0,,,,,731,15,,,,,730.5,0.0
1,115500,VOLCANIC_ROCK_VOUCHER_9750,726.0,12.0,,,,,727,12,,,,,726.5,0.0
1,115600,VOLCANIC_ROCK_VOUCHER_9750,728.0,17.0,,,,,729,17,,,,,728.5,0.0
1,115700,VOLCANIC_ROCK_VOUCHER_9750,728.0,16.0,,,,,729,16,,,,,728.5,0.0
1,115800,VOLCANIC_ROCK_VOUCHER_9750,727.0,18.0,,,,,728,18,,,,,727.5,0.0
1,115900,VOLCANIC_ROCK_VOUCHER_9750,726.0,21.0,,,,,727,21,,,,,726.5,0.0
1,116000,VOLCANIC_ROCK_VOUCHER_9750,725.0,17.0,,,,,726,17,,,,,725.5,0.0
1,116100,VOLCANIC_ROCK_VOUCHER_9750,721.0,16.0,,,,,722,16,,,,,721.5,0.0
1,116200,VOLCANIC_ROCK_VOUCHER_9750,725.0,18.0,,,,,726,18,,,,,725.5,0.0
1,116300,VOLCANIC_ROCK_VOUCHER_9750,723.0,17.0,,,,,724,17,,,,,723.5,0.0
1,116400,VOLCANIC_ROCK_VOUCHER_9750,,,,,,,724,6,725.0,12.0,,,724.0,0.0
1,116500,VOLCANIC_ROCK_VOUCHER_9750,725.0,21.0,,,,,726,21,,,,,725.5,0.0
1,116600,VOLCANIC_ROCK_VOUCHER_9750,723.0,17.0,,,,,724,17,,,,,723.5,0.0
1,116700,VOLCANIC_ROCK_VOUCHER_9750,721.0,16.0,,,,,722,16,,,,,721.5,0.0
1,116800,VOLCANIC_ROCK_VOUCHER_9750,722.0,16.0,,,,,723,16,,,,,722.5,0.0
1,116900,VOLCANIC_ROCK_VOUCHER_9750,723.0,12.0,,,,,725,12,,,,,724.0,0.0
1,117000,VOLCANIC_ROCK_VOUCHER_9750,722.0,17.0,,,,,723,17,,,,,722.5,0.0
1,117100,VOLCANIC_ROCK_VOUCHER_9750,723.0,13.0,,,,,724,13,,,,,723.5,0.0
1,117200,VOLCANIC_ROCK_VOUCHER_9750,723.0,20.0,,,,,724,20,,,,,723.5,0.0
1,117300,VOLCANIC_ROCK_VOUCHER_9750,723.0,17.0,,,,,724,17,,,,,723.5,0.0
1,117400,VOLCANIC_ROCK_VOUCHER_9750,725.0,21.0,,,,,726,21,,,,,725.5,0.0
1,117500,VOLCANIC_ROCK_VOUCHER_9750,725.0,20.0,,,,,726,20,,,,,725.5,0.0
1,117600,VOLCANIC_ROCK_VOUCHER_9750,724.0,17.0,,,,,726,17,,,,,725.0,0.0
1,117700,VOLCANIC_ROCK_VOUCHER_9750,725.0,5.0,,,,,726,18,,,,,725.5,0.0
1,117800,VOLCANIC_ROCK_VOUCHER_9750,725.0,15.0,,,,,726,15,,,,,725.5,0.0
1,117900,VOLCANIC_ROCK_VOUCHER_9750,724.0,18.0,,,,,725,18,,,,,724.5,0.0
1,118000,VOLCANIC_ROCK_VOUCHER_9750,723.0,12.0,,,,,725,12,,,,,724.0,0.0
1,118100,VOLCANIC_ROCK_VOUCHER_9750,723.0,18.0,,,,,724,18,,,,,723.5,0.0
1,118200,VOLCANIC_ROCK_VOUCHER_9750,720.0,19.0,,,,,721,19,,,,,720.5,0.0
1,118300,VOLCANIC_ROCK_VOUCHER_9750,720.0,12.0,,,,,721,12,,,,,720.5,0.0
1,118400,VOLCANIC_ROCK_VOUCHER_9750,722.0,15.0,,,,,723,15,,,,,722.5,0.0
1,118500,VOLCANIC_ROCK_VOUCHER_9750,721.0,21.0,,,,,722,21,,,,,721.5,0.0
1,118600,VOLCANIC_ROCK_VOUCHER_9750,722.0,12.0,,,,,723,12,,,,,722.5,0.0
1,118700,VOLCANIC_ROCK_VOUCHER_9750,722.0,13.0,,,,,723,13,,,,,722.5,0.0
1,118800,VOLCANIC_ROCK_VOUCHER_9750,721.0,13.0,,,,,722,13,,,,,721.5,0.0
1,118900,VOLCANIC_ROCK_VOUCHER_9750,721.0,16.0,,,,,722,16,,,,,721.5,0.0
1,119000,VOLCANIC_ROCK_VOUCHER_9750,720.0,15.0,,,,,721,15,,,,,720.5,0.0
1,119100,VOLCANIC_ROCK_VOUCHER_9750,718.0,17.0,,,,,719,17,,,,,718.5,0.0
1,119200,VOLCANIC_ROCK_VOUCHER_9750,714.0,19.0,,,,,715,19,,,,,714.5,0.0
1,119300,VOLCANIC_ROCK_VOUCHER_9750,714.0,17.0,,,,,715,17,,,,,714.5,0.0
1,119400,VOLCANIC_ROCK_VOUCHER_9750,716.0,20.0,,,,,717,20,,,,,716.5,0.0
1,119500,VOLCANIC_ROCK_VOUCHER_9750,717.0,18.0,,,,,718,18,,,,,717.5,0.0
1,119600,VOLCANIC_ROCK_VOUCHER_9750,712.0,14.0,,,,,713,14,,,,,712.5,0.0
1,119700,VOLCANIC_ROCK_VOUCHER_9750,711.0,20.0,,,,,712,20,,,,,711.5,0.0
1,119800,VOLCANIC_ROCK_VOUCHER_9750,711.0,15.0,,,,,712,15,,,,,711.5,0.0
1,119900,VOLCANIC_ROCK_VOUCHER_9750,712.0,21.0,,,,,713,21,,,,,712.5,0.0
1,120000,VOLCANIC_ROCK_VOUCHER_9750,713.0,15.0,,,,,714,15,,,,,713.5,0.0
1,120100,VOLCANIC_ROCK_VOUCHER_9750,713.0,16.0,,,,,714,16,,,,,713.5,0.0
1,120200,VOLCANIC_ROCK_VOUCHER_9750,713.0,21.0,,,,,714,21,,,,,713.5,0.0
1,120300,VOLCANIC_ROCK_VOUCHER_9750,712.0,22.0,,,,,713,22,,,,,712.5,0.0
1,120400,VOLCANIC_ROCK_VOUCHER_9750,714.0,26.0,,,,,715,10,,,,,714.5,0.0
1,120500,VOLCANIC_ROCK_VOUCHER_9750,713.0,12.0,,,,,714,12,,,,,713.5,0.0
1,120600,VOLCANIC_ROCK_VOUCHER_9750,714.0,15.0,,,,,715,15,,,,,714.5,0.0
1,120700,VOLCANIC_ROCK_VOUCHER_9750,714.0,14.0,,,,,715,14,,,,,714.5,0.0
1,120800,VOLCANIC_ROCK_VOUCHER_9750,713.0,17.0,,,,,714,17,,,,,713.5,0.0
1,120900,VOLCANIC_ROCK_VOUCHER_9750,713.0,17.0,,,,,714,17,,,,,713.5,0.0
1,121000,VOLCANIC_ROCK_VOUCHER_9750,713.0,34.0,,,,,714,15,,,,,713.5,0.0
1,121100,VOLCANIC_ROCK_VOUCHER_9750,712.0,27.0,,,,,713,14,,,,,712.5,0.0
1,121200,VOLCANIC_ROCK_VOUCHER_9750,715.0,18.0,,,,,716,18,,,,,715.5,0.0
1,121300,VOLCANIC_ROCK_VOUCHER_9750,716.0,15.0,,,,,717,15,,,,,716.5,0.0
1,121400,VOLCANIC_ROCK_VOUCHER_9750,717.0,21.0,,,,,718,21,,,,,717.5,0.0
1,121500,VOLCANIC_ROCK_VOUCHER_9750,717.0,12.0,,,,,718,12,,,,,717.5,0.0
1,121600,VOLCANIC_ROCK_VOUCHER_9750,715.0,10.0,,,,,717,10,,,,,716.0,0.0
1,121700,VOLCANIC_ROCK_VOUCHER_9750,716.0,20.0,,,,,717,20,,,,,716.5,0.0
1,121800,VOLCANIC_ROCK_VOUCHER_9750,715.0,10.0,,,,,716,10,,,,,715.5,0.0
1,121900,VOLCANIC_ROCK_VOUCHER_9750,713.0,1.0,,,,,714,13,,,,,713.5,0.0
1,122000,VOLCANIC_ROCK_VOUCHER_9750,713.0,13.0,,,,,714,13,,,,,713.5,0.0
1,122100,VOLCANIC_ROCK_VOUCHER_9750,712.0,14.0,,,,,713,14,,,,,712.5,0.0
1,122200,VOLCANIC_ROCK_VOUCHER_9750,709.0,11.0,,,,,710,11,,,,,709.5,0.0
1,122300,VOLCANIC_ROCK_VOUCHER_9750,708.0,10.0,,,,,709,10,,,,,708.5,0.0
1,122400,VOLCANIC_ROCK_VOUCHER_9750,708.0,14.0,,,,,709,14,,,,,708.5,0.0
1,122500,VOLCANIC_ROCK_VOUCHER_9750,709.0,14.0,,,,,710,14,,,,,709.5,0.0
1,122600,VOLCANIC_ROCK_VOUCHER_9750,709.0,13.0,,,,,710,13,,,,,709.5,0.0
1,122700,VOLCANIC_ROCK_VOUCHER_9750,,,,,,,710,4,711.0,13.0,,,710.0,0.0
1,122800,VOLCANIC_ROCK_VOUCHER_9750,712.0,10.0,,,,,713,10,,,,,712.5,0.0
1,122900,VOLCANIC_ROCK_VOUCHER_9750,713.0,11.0,,,,,714,11,,,,,713.5,0.0
1,123000,VOLCANIC_ROCK_VOUCHER_9750,712.0,15.0,,,,,713,15,,,,,712.5,0.0
1,123100,VOLCANIC_ROCK_VOUCHER_9750,715.0,15.0,,,,,716,15,,,,,715.5,0.0
1,123200,VOLCANIC_ROCK_VOUCHER_9750,715.0,2.0,,,,,716,19,,,,,715.5,0.0
1,123300,VOLCANIC_ROCK_VOUCHER_9750,716.0,14.0,,,,,717,14,,,,,716.5,0.0
1,123400,VOLCANIC_ROCK_VOUCHER_9750,717.0,22.0,,,,,718,22,,,,,717.5,0.0
1,123500,VOLCANIC_ROCK_VOUCHER_9750,716.0,15.0,,,,,717,15,,,,,716.5,0.0
1,123600,VOLCANIC_ROCK_VOUCHER_9750,715.0,10.0,,,,,716,10,,,,,715.5,0.0
1,123700,VOLCANIC_ROCK_VOUCHER_9750,714.0,15.0,,,,,715,15,,,,,714.5,0.0
1,123800,VOLCANIC_ROCK_VOUCHER_9750,713.0,17.0,,,,,715,17,,,,,714.0,0.0
1,123900,VOLCANIC_ROCK_VOUCHER_9750,712.0,21.0,,,,,713,21,,,,,712.5,0.0
1,124000,VOLCANIC_ROCK_VOUCHER_9750,714.0,15.0,,,,,715,15,,,,,714.5,0.0
1,124100,VOLCANIC_ROCK_VOUCHER_9750,712.0,13.0,,,,,713,13,,,,,712.5,0.0
1,124200,VOLCANIC_ROCK_VOUCHER_9750,712.0,16.0,,,,,713,16,,,,,712.5,0.0
1,124300,VOLCANIC_ROCK_VOUCHER_9750,712.0,14.0,,,,,713,14,,,,,712.5,0.0
1,124400,VOLCANIC_ROCK_VOUCHER_9750,711.0,21.0,,,,,713,21,,,,,712.0,0.0
1,124500,VOLCANIC_ROCK_VOUCHER_9750,711.0,19.0,,,,,712,19,,,,,711.5,0.0
1,124600,VOLCANIC_ROCK_VOUCHER_9750,711.0,19.0,710.0,18.0,,,712,18,,,,,711.5,0.0
1,124700,VOLCANIC_ROCK_VOUCHER_9750,709.0,30.0,,,,,710,17,,,,,709.5,0.0
1,124800,VOLCANIC_ROCK_VOUCHER_9750,705.0,7.0,,,,,706,18,,,,,705.5,0.0
1,124900,VOLCANIC_ROCK_VOUCHER_9750,703.0,15.0,,,,,704,15,,,,,703.5,0.0
1,125000,VOLCANIC_ROCK_VOUCHER_9750,705.0,14.0,,,,,706,14,,,,,705.5,0.0
1,125100,VOLCANIC_ROCK_VOUCHER_9750,704.0,18.0,,,,,705,18,,,,,704.5,0.0
1,125200,VOLCANIC_ROCK_VOUCHER_9750,707.0,27.0,,,,,708,16,,,,,707.5,0.0
1,125300,VOLCANIC_ROCK_VOUCHER_9750,704.0,18.0,,,,,706,18,,,,,705.0,0.0
1,125400,VOLCANIC_ROCK_VOUCHER_9750,703.0,12.0,,,,,704,12,,,,,703.5,0.0
1,125500,VOLCANIC_ROCK_VOUCHER_9750,702.0,19.0,,,,,703,19,,,,,702.5,0.0
1,125600,VOLCANIC_ROCK_VOUCHER_9750,701.0,13.0,,,,,702,13,,,,,701.5,0.0
1,125700,VOLCANIC_ROCK_VOUCHER_9750,702.0,15.0,,,,,703,15,,,,,702.5,0.0
1,125800,VOLCANIC_ROCK_VOUCHER_9750,704.0,14.0,,,,,705,14,,,,,704.5,0.0
1,125900,VOLCANIC_ROCK_VOUCHER_9750,705.0,20.0,,,,,706,20,,,,,705.5,0.0
1,126000,VOLCANIC_ROCK_VOUCHER_9750,704.0,19.0,,,,,705,19,,,,,704.5,0.0
1,126100,VOLCANIC_ROCK_VOUCHER_9750,703.0,9.0,,,,,704,19,,,,,703.5,0.0
1,126200,VOLCANIC_ROCK_VOUCHER_9750,703.0,14.0,,,,,704,14,,,,,703.5,0.0
1,126300,VOLCANIC_ROCK_VOUCHER_9750,706.0,18.0,,,,,707,18,,,,,706.5,0.0
1,126400,VOLCANIC_ROCK_VOUCHER_9750,709.0,15.0,,,,,711,15,,,,,710.0,0.0
1,126500,VOLCANIC_ROCK_VOUCHER_9750,709.0,21.0,,,,,710,21,,,,,709.5,0.0
1,126600,VOLCANIC_ROCK_VOUCHER_9750,704.0,16.0,,,,,705,16,,,,,704.5,0.0
1,126700,VOLCANIC_ROCK_VOUCHER_9750,703.0,19.0,,,,,705,19,,,,,704.0,0.0
1,126800,VOLCANIC_ROCK_VOUCHER_9750,705.0,12.0,,,,,706,12,,,,,705.5,0.0
1,126900,VOLCANIC_ROCK_VOUCHER_9750,704.0,12.0,,,,,705,12,,,,,704.5,0.0
1,127000,VOLCANIC_ROCK_VOUCHER_9750,705.0,14.0,,,,,707,14,,,,,706.0,0.0
1,127100,VOLCANIC_ROCK_VOUCHER_9750,705.0,20.0,,,,,707,20,,,,,706.0,0.0
1,127200,VOLCANIC_ROCK_VOUCHER_9750,705.0,21.0,,,,,706,21,,,,,705.5,0.0
1,127300,VOLCANIC_ROCK_VOUCHER_9750,704.0,12.0,,,,,705,12,,,,,704.5,0.0
1,127400,VOLCANIC_ROCK_VOUCHER_9750,703.0,16.0,,,,,704,16,,,,,703.5,0.0
1,127500,VOLCANIC_ROCK_VOUCHER_9750,702.0,16.0,,,,,703,16,,,,,702.5,0.0
1,127600,VOLCANIC_ROCK_VOUCHER_9750,699.0,19.0,,,,,701,19,,,,,700.0,0.0
1,127700,VOLCANIC_ROCK_VOUCHER_9750,699.0,18.0,,,,,700,18,,,,,699.5,0.0
1,127800,VOLCANIC_ROCK_VOUCHER_9750,698.0,13.0,,,,,699,13,,,,,698.5,0.0
1,127900,VOLCANIC_ROCK_VOUCHER_9750,698.0,12.0,,,,,700,12,,,,,699.0,0.0
1,128000,VOLCANIC_ROCK_VOUCHER_9750,699.0,20.0,,,,,700,20,,,,,699.5,0.0
1,128100,VOLCANIC_ROCK_VOUCHER_9750,700.0,18.0,,,,,702,18,,,,,701.0,0.0
1,128200,VOLCANIC_ROCK_VOUCHER_9750,695.0,18.0,,,,,696,18,,,,,695.5,0.0
1,128300,VOLCANIC_ROCK_VOUCHER_9750,693.0,13.0,,,,,695,13,,,,,694.0,0.0
1,128400,VOLCANIC_ROCK_VOUCHER_9750,693.0,18.0,,,,,694,18,,,,,693.5,0.0
1,128500,VOLCANIC_ROCK_VOUCHER_9750,695.0,15.0,,,,,696,15,,,,,695.5,0.0
1,128600,VOLCANIC_ROCK_VOUCHER_9750,695.0,20.0,,,,,696,20,,,,,695.5,0.0
1,128700,VOLCANIC_ROCK_VOUCHER_9750,695.0,18.0,,,,,696,18,,,,,695.5,0.0
1,128800,VOLCANIC_ROCK_VOUCHER_9750,695.0,13.0,,,,,696,13,,,,,695.5,0.0
1,128900,VOLCANIC_ROCK_VOUCHER_9750,694.0,13.0,,,,,695,13,,,,,694.5,0.0
1,129000,VOLCANIC_ROCK_VOUCHER_9750,696.0,14.0,,,,,697,14,,,,,696.5,0.0
1,129100,VOLCANIC_ROCK_VOUCHER_9750,692.0,16.0,,,,,693,16,,,,,692.5,0.0
1,129200,VOLCANIC_ROCK_VOUCHER_9750,684.0,19.0,,,,,686,19,,,,,685.0,0.0
1,129300,VOLCANIC_ROCK_VOUCHER_9750,678.0,11.0,,,,,679,11,,,,,678.5,0.0
1,129400,VOLCANIC_ROCK_VOUCHER_9750,676.0,15.0,,,,,677,15,,,,,676.5,0.0
1,129500,VOLCANIC_ROCK_VOUCHER_9750,677.0,12.0,,,,,678,12,,,,,677.5,0.0
1,129600,VOLCANIC_ROCK_VOUCHER_9750,673.0,17.0,,,,,674,17,,,,,673.5,0.0
1,129700,VOLCANIC_ROCK_VOUCHER_9750,670.0,10.0,,,,,671,10,,,,,670.5,0.0
1,129800,VOLCANIC_ROCK_VOUCHER_9750,660.0,21.0,,,,,661,21,,,,,660.5,0.0
1,129900,VOLCANIC_ROCK_VOUCHER_9750,660.0,17.0,,,,,661,17,,,,,660.5,0.0
1,130000,VOLCANIC_ROCK_VOUCHER_9750,660.0,20.0,,,,,661,20,,,,,660.5,0.0
1,130100,VOLCANIC_ROCK_VOUCHER_9750,660.0,15.0,,,,,661,15,,,,,660.5,0.0
1,130200,VOLCANIC_ROCK_VOUCHER_9750,660.0,18.0,,,,,661,18,,,,,660.5,0.0
1,130300,VOLCANIC_ROCK_VOUCHER_9750,664.0,20.0,,,,,665,20,,,,,664.5,0.0
1,130400,VOLCANIC_ROCK_VOUCHER_9750,,,,,,,669,2,670.0,18.0,,,669.0,0.0
1,130500,VOLCANIC_ROCK_VOUCHER_9750,664.0,22.0,,,,,665,22,,,,,664.5,0.0
1,130600,VOLCANIC_ROCK_VOUCHER_9750,665.0,12.0,,,,,666,12,,,,,665.5,0.0
1,130700,VOLCANIC_ROCK_VOUCHER_9750,663.0,16.0,,,,,664,16,,,,,663.5,0.0
1,130800,VOLCANIC_ROCK_VOUCHER_9750,661.0,10.0,,,,,662,10,,,,,661.5,0.0
1,130900,VOLCANIC_ROCK_VOUCHER_9750,662.0,12.0,,,,,663,12,,,,,662.5,0.0
1,131000,VOLCANIC_ROCK_VOUCHER_9750,662.0,14.0,,,,,663,14,,,,,662.5,0.0
1,131100,VOLCANIC_ROCK_VOUCHER_9750,657.0,20.0,,,,,658,20,,,,,657.5,0.0
1,131200,VOLCANIC_ROCK_VOUCHER_9750,659.0,15.0,,,,,660,15,,,,,659.5,0.0
1,131300,VOLCANIC_ROCK_VOUCHER_9750,664.0,13.0,,,,,665,13,,,,,664.5,0.0
1,131400,VOLCANIC_ROCK_VOUCHER_9750,663.0,15.0,,,,,664,15,,,,,663.5,0.0
1,131500,VOLCANIC_ROCK_VOUCHER_9750,665.0,14.0,,,,,666,14,,,,,665.5,0.0
1,131600,VOLCANIC_ROCK_VOUCHER_9750,671.0,18.0,,,,,672,18,,,,,671.5,0.0
1,131700,VOLCANIC_ROCK_VOUCHER_9750,668.0,18.0,,,,,669,18,,,,,668.5,0.0
1,131800,VOLCANIC_ROCK_VOUCHER_9750,669.0,12.0,,,,,671,12,,,,,670.0,0.0
1,131900,VOLCANIC_ROCK_VOUCHER_9750,672.0,13.0,,,,,673,13,,,,,672.5,0.0
1,132000,VOLCANIC_ROCK_VOUCHER_9750,668.0,15.0,,,,,670,15,,,,,669.0,0.0
1,132100,VOLCANIC_ROCK_VOUCHER_9750,670.0,12.0,,,,,671,12,,,,,670.5,0.0
1,132200,VOLCANIC_ROCK_VOUCHER_9750,669.0,33.0,,,,,671,13,,,,,670.0,0.0
1,132300,VOLCANIC_ROCK_VOUCHER_9750,673.0,18.0,,,,,674,18,,,,,673.5,0.0
1,132400,VOLCANIC_ROCK_VOUCHER_9750,670.0,15.0,,,,,671,15,,,,,670.5,0.0
1,132500,VOLCANIC_ROCK_VOUCHER_9750,667.0,12.0,,,,,668,12,,,,,667.5,0.0
1,132600,VOLCANIC_ROCK_VOUCHER_9750,669.0,19.0,,,,,670,19,,,,,669.5,0.0
1,132700,VOLCANIC_ROCK_VOUCHER_9750,671.0,20.0,,,,,672,20,,,,,671.5,0.0
1,132800,VOLCANIC_ROCK_VOUCHER_9750,672.0,20.0,,,,,673,20,,,,,672.5,0.0
1,132900,VOLCANIC_ROCK_VOUCHER_9750,672.0,18.0,,,,,673,18,,,,,672.5,0.0
1,133000,VOLCANIC_ROCK_VOUCHER_9750,673.0,12.0,,,,,674,12,,,,,673.5,0.0
1,133100,VOLCANIC_ROCK_VOUCHER_9750,669.0,15.0,,,,,670,15,,,,,669.5,0.0
1,133200,VOLCANIC_ROCK_VOUCHER_9750,672.0,16.0,,,,,673,16,,,,,672.5,0.0
1,133300,VOLCANIC_ROCK_VOUCHER_9750,672.0,20.0,,,,,673,20,,,,,672.5,0.0
1,133400,VOLCANIC_ROCK_VOUCHER_9750,676.0,13.0,,,,,677,13,,,,,676.5,0.0
1,133500,VOLCANIC_ROCK_VOUCHER_9750,683.0,15.0,,,,,684,22,,,,,683.5,0.0
1,133600,VOLCANIC_ROCK_VOUCHER_9750,683.0,19.0,,,,,684,19,,,,,683.5,0.0
1,133700,VOLCANIC_ROCK_VOUCHER_9750,677.0,10.0,,,,,678,10,,,,,677.5,0.0
1,133800,VOLCANIC_ROCK_VOUCHER_9750,680.0,33.0,,,,,681,18,,,,,680.5,0.0
1,133900,VOLCANIC_ROCK_VOUCHER_9750,677.0,15.0,,,,,678,15,,,,,677.5,0.0
1,134000,VOLCANIC_ROCK_VOUCHER_9750,679.0,19.0,,,,,680,19,,,,,679.5,0.0
1,134100,VOLCANIC_ROCK_VOUCHER_9750,671.0,19.0,,,,,672,19,,,,,671.5,0.0
1,134200,VOLCANIC_ROCK_VOUCHER_9750,675.0,19.0,,,,,676,19,,,,,675.5,0.0
1,134300,VOLCANIC_ROCK_VOUCHER_9750,675.0,20.0,,,,,676,20,,,,,675.5,0.0
1,134400,VOLCANIC_ROCK_VOUCHER_9750,676.0,28.0,,,,,677,15,,,,,676.5,0.0
1,134500,VOLCANIC_ROCK_VOUCHER_9750,677.0,19.0,,,,,678,19,,,,,677.5,0.0
1,134600,VOLCANIC_ROCK_VOUCHER_9750,677.0,10.0,,,,,678,10,,,,,677.5,0.0
1,134700,VOLCANIC_ROCK_VOUCHER_9750,674.0,14.0,,,,,675,14,,,,,674.5,0.0
1,134800,VOLCANIC_ROCK_VOUCHER_9750,676.0,19.0,,,,,677,19,,,,,676.5,0.0
1,134900,VOLCANIC_ROCK_VOUCHER_9750,677.0,11.0,,,,,678,11,,,,,677.5,0.0
1,135000,VOLCANIC_ROCK_VOUCHER_9750,679.0,11.0,,,,,680,11,,,,,679.5,0.0
1,135100,VOLCANIC_ROCK_VOUCHER_9750,679.0,31.0,,,,,680,22,,,,,679.5,0.0
1,135200,VOLCANIC_ROCK_VOUCHER_9750,688.0,1.0,687.0,14.0,,,689,15,,,,,688.5,0.0
1,135300,VOLCANIC_ROCK_VOUCHER_9750,686.0,11.0,,,,,687,11,,,,,686.5,0.0
1,135400,VOLCANIC_ROCK_VOUCHER_9750,685.0,21.0,,,,,687,21,,,,,686.0,0.0
1,135500,VOLCANIC_ROCK_VOUCHER_9750,686.0,16.0,,,,,687,16,,,,,686.5,0.0
1,135600,VOLCANIC_ROCK_VOUCHER_9750,685.0,12.0,,,,,687,12,,,,,686.0,0.0
1,135700,VOLCANIC_ROCK_VOUCHER_9750,692.0,5.0,,,,,693,15,,,,,692.5,0.0
1,135800,VOLCANIC_ROCK_VOUCHER_9750,691.0,13.0,,,,,692,13,,,,,691.5,0.0
1,135900,VOLCANIC_ROCK_VOUCHER_9750,692.0,20.0,,,,,693,20,,,,,692.5,0.0
1,136000,VOLCANIC_ROCK_VOUCHER_9750,691.0,15.0,690.0,17.0,,,692,17,,,,,691.5,0.0
1,136100,VOLCANIC_ROCK_VOUCHER_9750,693.0,9.0,,,,,694,19,,,,,693.5,0.0
1,136200,VOLCANIC_ROCK_VOUCHER_9750,691.0,17.0,,,,,692,17,,,,,691.5,0.0
1,136300,VOLCANIC_ROCK_VOUCHER_9750,691.0,19.0,,,,,692,19,,,,,691.5,0.0
1,136400,VOLCANIC_ROCK_VOUCHER_9750,686.0,16.0,,,,,687,16,,,,,686.5,0.0
1,136500,VOLCANIC_ROCK_VOUCHER_9750,683.0,17.0,,,,,685,17,,,,,684.0,0.0
1,136600,VOLCANIC_ROCK_VOUCHER_9750,682.0,20.0,,,,,683,20,,,,,682.5,0.0
1,136700,VOLCANIC_ROCK_VOUCHER_9750,681.0,40.0,,,,,682,20,,,,,681.5,0.0
1,136800,VOLCANIC_ROCK_VOUCHER_9750,677.0,21.0,,,,,678,16,,,,,677.5,0.0
1,136900,VOLCANIC_ROCK_VOUCHER_9750,676.0,20.0,,,,,678,20,,,,,677.0,0.0
1,137000,VOLCANIC_ROCK_VOUCHER_9750,675.0,2.0,674.0,19.0,,,676,21,,,,,675.5,0.0
1,137100,VOLCANIC_ROCK_VOUCHER_9750,675.0,21.0,,,,,676,21,,,,,675.5,0.0
1,137200,VOLCANIC_ROCK_VOUCHER_9750,680.0,19.0,,,,,681,19,,,,,680.5,0.0
1,137300,VOLCANIC_ROCK_VOUCHER_9750,677.0,21.0,,,,,678,21,,,,,677.5,0.0
1,137400,VOLCANIC_ROCK_VOUCHER_9750,679.0,19.0,,,,,680,19,,,,,679.5,0.0
1,137500,VOLCANIC_ROCK_VOUCHER_9750,680.0,13.0,,,,,682,13,,,,,681.0,0.0
1,137600,VOLCANIC_ROCK_VOUCHER_9750,680.0,16.0,,,,,681,16,,,,,680.5,0.0
1,137700,VOLCANIC_ROCK_VOUCHER_9750,680.0,19.0,,,,,681,19,,,,,680.5,0.0
1,137800,VOLCANIC_ROCK_VOUCHER_9750,679.0,17.0,,,,,680,17,,,,,679.5,0.0
1,137900,VOLCANIC_ROCK_VOUCHER_9750,674.0,17.0,,,,,675,17,,,,,674.5,0.0
1,138000,VOLCANIC_ROCK_VOUCHER_9750,673.0,14.0,,,,,674,14,,,,,673.5,0.0
1,138100,VOLCANIC_ROCK_VOUCHER_9750,678.0,11.0,,,,,679,11,,,,,678.5,0.0
1,138200,VOLCANIC_ROCK_VOUCHER_9750,682.0,18.0,,,,,684,18,,,,,683.0,0.0
1,138300,VOLCANIC_ROCK_VOUCHER_9750,681.0,10.0,,,,,682,10,,,,,681.5,0.0
1,138400,VOLCANIC_ROCK_VOUCHER_9750,680.0,20.0,,,,,681,20,,,,,680.5,0.0
1,138500,VOLCANIC_ROCK_VOUCHER_9750,679.0,16.0,,,,,680,16,,,,,679.5,0.0
1,138600,VOLCANIC_ROCK_VOUCHER_9750,679.0,17.0,,,,,680,17,,,,,679.5,0.0
1,138700,VOLCANIC_ROCK_VOUCHER_9750,685.0,18.0,,,,,686,12,,,,,685.5,0.0
1,138800,VOLCANIC_ROCK_VOUCHER_9750,684.0,18.0,,,,,685,18,,,,,684.5,0.0
1,138900,VOLCANIC_ROCK_VOUCHER_9750,684.0,18.0,,,,,686,18,,,,,685.0,0.0
1,139000,VOLCANIC_ROCK_VOUCHER_9750,683.0,19.0,,,,,684,19,,,,,683.5,0.0
1,139100,VOLCANIC_ROCK_VOUCHER_9750,680.0,13.0,,,,,682,13,,,,,681.0,0.0
1,139200,VOLCANIC_ROCK_VOUCHER_9750,686.0,21.0,,,,,687,21,,,,,686.5,0.0
1,139300,VOLCANIC_ROCK_VOUCHER_9750,687.0,18.0,,,,,688,18,,,,,687.5,0.0
1,139400,VOLCANIC_ROCK_VOUCHER_9750,687.0,15.0,,,,,688,15,,,,,687.5,0.0
1,139500,VOLCANIC_ROCK_VOUCHER_9750,685.0,22.0,,,,,686,22,,,,,685.5,0.0
1,139600,VOLCANIC_ROCK_VOUCHER_9750,682.0,10.0,,,,,683,10,,,,,682.5,0.0
1,139700,VOLCANIC_ROCK_VOUCHER_9750,688.0,21.0,,,,,689,11,,,,,688.5,0.0
1,139800,VOLCANIC_ROCK_VOUCHER_9750,688.0,13.0,,,,,689,13,,,,,688.5,0.0
