day,timestamp,product,bid_price_1,bid_volume_1,bid_price_2,bid_volume_2,bid_price_3,bid_volume_3,ask_price_1,ask_volume_1,ask_price_2,ask_volume_2,ask_price_3,ask_volume_3,mid_price,profit_and_loss
2,0,CROISSANTS,4265.0,64.0,4264.0,59.0,,,4266.0,123.0,,,,,4265.5,0.0
2,100,CROISSANTS,4265.0,48.0,4264.0,54.0,,,4266.0,102.0,,,,,4265.5,0.0
2,200,CROISSANTS,4265.0,112.0,,,,,4266.0,112.0,,,,,4265.5,0.0
2,300,CROISSANTS,4265.0,109.0,,,,,4266.0,109.0,,,,,4265.5,0.0
2,400,CROISSANTS,4266.0,55.0,4265.0,52.0,,,4267.0,107.0,,,,,4266.5,0.0
2,500,CROISSANTS,4265.0,127.0,,,,,4266.0,39.0,4267.0,88.0,,,4265.5,0.0
2,600,CROISSANTS,4264.0,121.0,,,,,4266.0,121.0,,,,,4265.0,0.0
2,700,CROISSANTS,4265.0,64.0,4264.0,77.0,,,4266.0,141.0,,,,,4265.5,0.0
2,800,CROISSANTS,4265.0,117.0,,,,,4266.0,48.0,4267.0,69.0,,,4265.5,0.0
2,900,CROISSANTS,4265.0,121.0,,,,,4266.0,121.0,,,,,4265.5,0.0
2,1000,CROISSANTS,4266.0,105.0,,,,,4267.0,40.0,4268.0,65.0,,,4266.5,0.0
2,1100,CROISSANTS,4266.0,127.0,,,,,4267.0,127.0,,,,,4266.5,0.0
2,1200,CROISSANTS,4266.0,117.0,,,,,4267.0,37.0,4268.0,80.0,,,4266.5,0.0
2,1300,CROISSANTS,4266.0,126.0,,,,,4267.0,49.0,4268.0,77.0,,,4266.5,0.0
2,1400,CROISSANTS,4266.0,158.0,,,,,4267.0,60.0,4268.0,98.0,,,4266.5,0.0
2,1500,CROISSANTS,4266.0,125.0,,,,,4267.0,125.0,,,,,4266.5,0.0
2,1600,CROISSANTS,4267.0,151.0,,,,,4269.0,151.0,,,,,4268.0,0.0
2,1700,CROISSANTS,4268.0,36.0,4267.0,86.0,,,4269.0,122.0,,,,,4268.5,0.0
2,1800,CROISSANTS,4268.0,35.0,4267.0,90.0,,,4269.0,125.0,,,,,4268.5,0.0
2,1900,CROISSANTS,4267.0,102.0,,,,,4269.0,102.0,,,,,4268.0,0.0
2,2000,CROISSANTS,4268.0,55.0,4267.0,89.0,,,4269.0,139.0,,,,,4268.5,0.0
2,2100,CROISSANTS,4267.0,140.0,,,,,4269.0,140.0,,,,,4268.0,0.0
2,2200,CROISSANTS,4267.0,133.0,,,,,4268.0,133.0,,,,,4267.5,0.0
2,2300,CROISSANTS,4267.0,38.0,4266.0,82.0,,,4268.0,120.0,,,,,4267.5,0.0
2,2400,CROISSANTS,4267.0,106.0,,,,,4268.0,106.0,,,,,4267.5,0.0
2,2500,CROISSANTS,4267.0,65.0,4266.0,92.0,,,4268.0,157.0,,,,,4267.5,0.0
2,2600,CROISSANTS,4266.0,136.0,,,,,4267.0,41.0,4268.0,95.0,,,4266.5,0.0
2,2700,CROISSANTS,4266.0,106.0,,,,,4268.0,106.0,,,,,4267.0,0.0
2,2800,CROISSANTS,4266.0,129.0,,,,,4267.0,129.0,,,,,4266.5,0.0
2,2900,CROISSANTS,4267.0,117.0,,,,,4268.0,117.0,,,,,4267.5,0.0
2,3000,CROISSANTS,4266.0,91.0,,,,,4267.0,40.0,4268.0,51.0,,,4266.5,0.0
2,3100,CROISSANTS,4266.0,115.0,,,,,4268.0,115.0,,,,,4267.0,0.0
2,3200,CROISSANTS,4267.0,130.0,,,,,4268.0,130.0,,,,,4267.5,0.0
2,3300,CROISSANTS,4267.0,123.0,,,,,4268.0,123.0,,,,,4267.5,0.0
2,3400,CROISSANTS,4267.0,52.0,4266.0,50.0,,,4268.0,102.0,,,,,4267.5,0.0
2,3500,CROISSANTS,4267.0,53.0,4266.0,87.0,,,4268.0,140.0,,,,,4267.5,0.0
2,3600,CROISSANTS,4267.0,154.0,,,,,4268.0,57.0,4269.0,97.0,,,4267.5,0.0
2,3700,CROISSANTS,4267.0,133.0,,,,,4268.0,133.0,,,,,4267.5,0.0
2,3800,CROISSANTS,4267.0,146.0,,,,,4268.0,146.0,,,,,4267.5,0.0
2,3900,CROISSANTS,4267.0,135.0,,,,,4268.0,135.0,,,,,4267.5,0.0
2,4000,CROISSANTS,4267.0,142.0,,,,,4268.0,142.0,,,,,4267.5,0.0
2,4100,CROISSANTS,4267.0,136.0,,,,,4268.0,136.0,,,,,4267.5,0.0
2,4200,CROISSANTS,4267.0,128.0,,,,,4269.0,128.0,,,,,4268.0,0.0
2,4300,CROISSANTS,4267.0,114.0,,,,,4268.0,55.0,4269.0,59.0,,,4267.5,0.0
2,4400,CROISSANTS,4267.0,91.0,,,,,4268.0,35.0,4269.0,56.0,,,4267.5,0.0
2,4500,CROISSANTS,4267.0,144.0,,,,,4269.0,144.0,,,,,4268.0,0.0
2,4600,CROISSANTS,4267.0,115.0,,,,,4268.0,63.0,4269.0,52.0,,,4267.5,0.0
2,4700,CROISSANTS,4267.0,149.0,,,,,4268.0,58.0,4269.0,91.0,,,4267.5,0.0
2,4800,CROISSANTS,4267.0,120.0,,,,,4268.0,40.0,4269.0,80.0,,,4267.5,0.0
2,4900,CROISSANTS,4267.0,144.0,,,,,4268.0,56.0,4269.0,82.0,,,4267.5,0.0
2,5000,CROISSANTS,4267.0,120.0,,,,,4268.0,124.0,,,,,4267.5,0.0
2,5100,CROISSANTS,4267.0,113.0,,,,,4269.0,113.0,,,,,4268.0,0.0
2,5200,CROISSANTS,4267.0,123.0,,,,,4268.0,123.0,,,,,4267.5,0.0
2,5300,CROISSANTS,4267.0,137.0,,,,,4268.0,137.0,,,,,4267.5,0.0
2,5400,CROISSANTS,4267.0,144.0,,,,,4268.0,55.0,4269.0,89.0,,,4267.5,0.0
2,5500,CROISSANTS,4267.0,115.0,,,,,4268.0,39.0,4269.0,76.0,,,4267.5,0.0
2,5600,CROISSANTS,4267.0,128.0,,,,,4268.0,128.0,,,,,4267.5,0.0
2,5700,CROISSANTS,4266.0,143.0,,,,,4267.0,54.0,4268.0,89.0,,,4266.5,0.0
2,5800,CROISSANTS,4266.0,114.0,,,,,4268.0,114.0,,,,,4267.0,0.0
2,5900,CROISSANTS,4266.0,124.0,,,,,4267.0,39.0,4268.0,85.0,,,4266.5,0.0
2,6000,CROISSANTS,4266.0,117.0,,,,,4267.0,53.0,4268.0,64.0,,,4266.5,0.0
2,6100,CROISSANTS,4266.0,114.0,,,,,4267.0,114.0,,,,,4266.5,0.0
2,6200,CROISSANTS,4265.0,144.0,,,,,4266.0,61.0,4267.0,83.0,,,4265.5,0.0
2,6300,CROISSANTS,4265.0,146.0,,,,,4266.0,146.0,,,,,4265.5,0.0
2,6400,CROISSANTS,4265.0,140.0,,,,,4266.0,51.0,4267.0,89.0,,,4265.5,0.0
2,6500,CROISSANTS,4265.0,149.0,,,,,4266.0,149.0,,,,,4265.5,0.0
2,6600,CROISSANTS,4265.0,151.0,,,,,4266.0,51.0,4267.0,100.0,,,4265.5,0.0
2,6700,CROISSANTS,4265.0,135.0,,,,,4266.0,54.0,4267.0,81.0,,,4265.5,0.0
2,6800,CROISSANTS,4265.0,137.0,,,,,4266.0,137.0,,,,,4265.5,0.0
2,6900,CROISSANTS,4265.0,120.0,,,,,4266.0,45.0,4267.0,75.0,,,4265.5,0.0
2,7000,CROISSANTS,4265.0,133.0,,,,,4266.0,60.0,4267.0,73.0,,,4265.5,0.0
2,7100,CROISSANTS,4266.0,119.0,,,,,4268.0,126.0,,,,,4267.0,0.0
2,7200,CROISSANTS,4267.0,100.0,,,,,4269.0,105.0,,,,,4268.0,0.0
2,7300,CROISSANTS,4268.0,51.0,4267.0,58.0,,,4269.0,109.0,,,,,4268.5,0.0
2,7400,CROISSANTS,4268.0,36.0,4267.0,74.0,,,4269.0,110.0,,,,,4268.5,0.0
2,7500,CROISSANTS,4267.0,115.0,,,,,4268.0,115.0,,,,,4267.5,0.0
2,7600,CROISSANTS,4267.0,138.0,,,,,4269.0,138.0,,,,,4268.0,0.0
2,7700,CROISSANTS,4267.0,160.0,,,,,4268.0,160.0,,,,,4267.5,0.0
2,7800,CROISSANTS,4268.0,41.0,4267.0,89.0,,,4269.0,130.0,,,,,4268.5,0.0
2,7900,CROISSANTS,4267.0,150.0,,,,,4269.0,150.0,,,,,4268.0,0.0
2,8000,CROISSANTS,4267.0,136.0,,,,,4268.0,136.0,,,,,4267.5,0.0
2,8100,CROISSANTS,4267.0,144.0,,,,,4268.0,144.0,,,,,4267.5,0.0
2,8200,CROISSANTS,4266.0,109.0,,,,,4268.0,109.0,,,,,4267.0,0.0
2,8300,CROISSANTS,4266.0,102.0,,,,,4268.0,102.0,,,,,4267.0,0.0
2,8400,CROISSANTS,4267.0,137.0,,,,,4269.0,137.0,,,,,4268.0,0.0
2,8500,CROISSANTS,4268.0,53.0,4267.0,87.0,,,4269.0,140.0,,,,,4268.5,0.0
2,8600,CROISSANTS,4269.0,113.0,,,,,4270.0,113.0,,,,,4269.5,0.0
2,8700,CROISSANTS,4269.0,140.0,,,,,4270.0,140.0,,,,,4269.5,0.0
2,8800,CROISSANTS,4268.0,115.0,,,,,4270.0,115.0,,,,,4269.0,0.0
2,8900,CROISSANTS,4269.0,51.0,4268.0,82.0,,,4270.0,133.0,,,,,4269.5,0.0
2,9000,CROISSANTS,4269.0,125.0,,,,,4270.0,50.0,4271.0,75.0,,,4269.5,0.0
2,9100,CROISSANTS,4269.0,104.0,,,,,4270.0,5.0,4271.0,104.0,,,4269.5,0.0
2,9200,CROISSANTS,4269.0,110.0,,,,,4270.0,110.0,,,,,4269.5,0.0
2,9300,CROISSANTS,4269.0,123.0,,,,,4270.0,53.0,4271.0,70.0,,,4269.5,0.0
2,9400,CROISSANTS,4269.0,133.0,,,,,4270.0,45.0,4271.0,88.0,,,4269.5,0.0
2,9500,CROISSANTS,4269.0,128.0,,,,,4270.0,39.0,4271.0,89.0,,,4269.5,0.0
2,9600,CROISSANTS,4269.0,100.0,,,,,4270.0,100.0,,,,,4269.5,0.0
2,9700,CROISSANTS,4268.0,97.0,,,,,4270.0,97.0,,,,,4269.0,0.0
2,9800,CROISSANTS,4269.0,130.0,,,,,4270.0,130.0,,,,,4269.5,0.0
2,9900,CROISSANTS,4269.0,104.0,,,,,4271.0,104.0,,,,,4270.0,0.0
2,10000,CROISSANTS,4269.0,147.0,,,,,4270.0,55.0,4271.0,92.0,,,4269.5,0.0
2,10100,CROISSANTS,4270.0,120.0,,,,,4271.0,50.0,4272.0,70.0,,,4270.5,0.0
2,10200,CROISSANTS,4270.0,126.0,,,,,4271.0,126.0,,,,,4270.5,0.0
2,10300,CROISSANTS,4270.0,40.0,4269.0,73.0,,,4271.0,113.0,,,,,4270.5,0.0
2,10400,CROISSANTS,4269.0,118.0,,,,,4271.0,118.0,,,,,4270.0,0.0
2,10500,CROISSANTS,4269.0,155.0,,,,,4270.0,155.0,,,,,4269.5,0.0
2,10600,CROISSANTS,4269.0,107.0,,,,,4270.0,107.0,,,,,4269.5,0.0
2,10700,CROISSANTS,4269.0,127.0,,,,,4270.0,127.0,,,,,4269.5,0.0
2,10800,CROISSANTS,4268.0,123.0,,,,,4270.0,123.0,,,,,4269.0,0.0
2,10900,CROISSANTS,4269.0,55.0,4268.0,95.0,,,4270.0,150.0,,,,,4269.5,0.0
2,11000,CROISSANTS,4268.0,132.0,,,,,4269.0,132.0,,,,,4268.5,0.0
2,11100,CROISSANTS,4268.0,124.0,,,,,4269.0,124.0,,,,,4268.5,0.0
2,11200,CROISSANTS,4268.0,63.0,4267.0,50.0,,,4269.0,113.0,,,,,4268.5,0.0
2,11300,CROISSANTS,4268.0,118.0,,,,,4269.0,118.0,,,,,4268.5,0.0
2,11400,CROISSANTS,4268.0,132.0,,,,,4269.0,132.0,,,,,4268.5,0.0
2,11500,CROISSANTS,4267.0,156.0,,,,,4268.0,64.0,4269.0,92.0,,,4267.5,0.0
2,11600,CROISSANTS,4267.0,110.0,,,,,4268.0,37.0,4269.0,73.0,,,4267.5,0.0
2,11700,CROISSANTS,4267.0,151.0,,,,,4268.0,151.0,,,,,4267.5,0.0
2,11800,CROISSANTS,4266.0,106.0,,,,,4267.0,38.0,4268.0,68.0,,,4266.5,0.0
2,11900,CROISSANTS,4267.0,127.0,,,,,4268.0,127.0,,,,,4267.5,0.0
2,12000,CROISSANTS,4266.0,98.0,,,,,4268.0,98.0,,,,,4267.0,0.0
2,12100,CROISSANTS,4267.0,46.0,4266.0,94.0,,,4268.0,140.0,,,,,4267.5,0.0
2,12200,CROISSANTS,4266.0,85.0,,,,,4267.0,35.0,4268.0,50.0,,,4266.5,0.0
2,12300,CROISSANTS,4266.0,146.0,,,,,4267.0,146.0,,,,,4266.5,0.0
2,12400,CROISSANTS,4266.0,141.0,,,,,4267.0,141.0,,,,,4266.5,0.0
2,12500,CROISSANTS,4266.0,152.0,,,,,4267.0,55.0,4268.0,97.0,,,4266.5,0.0
2,12600,CROISSANTS,4266.0,118.0,,,,,4267.0,118.0,,,,,4266.5,0.0
2,12700,CROISSANTS,4266.0,147.0,,,,,4268.0,147.0,,,,,4267.0,0.0
2,12800,CROISSANTS,4267.0,63.0,4266.0,53.0,,,4268.0,116.0,,,,,4267.5,0.0
2,12900,CROISSANTS,4267.0,39.0,4266.0,86.0,,,4268.0,125.0,,,,,4267.5,0.0
2,13000,CROISSANTS,4267.0,52.0,4266.0,53.0,,,4268.0,105.0,,,,,4267.5,0.0
2,13100,CROISSANTS,4267.0,39.0,4266.0,99.0,,,4268.0,138.0,,,,,4267.5,0.0
2,13200,CROISSANTS,4267.0,59.0,4266.0,68.0,,,4268.0,127.0,,,,,4267.5,0.0
2,13300,CROISSANTS,4267.0,63.0,4266.0,61.0,,,4268.0,124.0,,,,,4267.5,0.0
2,13400,CROISSANTS,4267.0,63.0,4266.0,65.0,,,4268.0,128.0,,,,,4267.5,0.0
2,13500,CROISSANTS,4267.0,48.0,4266.0,88.0,,,4268.0,136.0,,,,,4267.5,0.0
2,13600,CROISSANTS,4267.0,44.0,4266.0,76.0,,,4268.0,120.0,,,,,4267.5,0.0
2,13700,CROISSANTS,4267.0,125.0,,,,,4268.0,125.0,,,,,4267.5,0.0
2,13800,CROISSANTS,4267.0,151.0,,,,,4268.0,151.0,,,,,4267.5,0.0
2,13900,CROISSANTS,4267.0,134.0,,,,,4268.0,47.0,4269.0,87.0,,,4267.5,0.0
2,14000,CROISSANTS,4267.0,150.0,,,,,4268.0,55.0,4269.0,95.0,,,4267.5,0.0
2,14100,CROISSANTS,4267.0,143.0,,,,,4268.0,57.0,4269.0,86.0,,,4267.5,0.0
2,14200,CROISSANTS,4268.0,138.0,,,,,4269.0,138.0,,,,,4268.5,0.0
2,14300,CROISSANTS,4267.0,118.0,,,,,4269.0,118.0,,,,,4268.0,0.0
2,14400,CROISSANTS,4268.0,44.0,4267.0,86.0,,,4269.0,139.0,,,,,4268.5,0.0
2,14500,CROISSANTS,4267.0,152.0,,,,,4269.0,152.0,,,,,4268.0,0.0
2,14600,CROISSANTS,4267.0,135.0,,,,,4268.0,135.0,,,,,4267.5,0.0
2,14700,CROISSANTS,4267.0,50.0,4266.0,72.0,,,4268.0,122.0,,,,,4267.5,0.0
2,14800,CROISSANTS,4267.0,25.0,4266.0,59.0,,,4268.0,94.0,,,,,4267.5,0.0
2,14900,CROISSANTS,4267.0,63.0,4266.0,98.0,,,4268.0,161.0,,,,,4267.5,0.0
2,15000,CROISSANTS,4267.0,57.0,4266.0,100.0,,,4268.0,157.0,,,,,4267.5,0.0
2,15100,CROISSANTS,4267.0,59.0,4266.0,68.0,,,4268.0,127.0,,,,,4267.5,0.0
2,15200,CROISSANTS,4267.0,53.0,4266.0,99.0,,,4268.0,152.0,,,,,4267.5,0.0
2,15300,CROISSANTS,4266.0,136.0,,,,,4267.0,136.0,,,,,4266.5,0.0
2,15400,CROISSANTS,4266.0,117.0,,,,,4267.0,117.0,,,,,4266.5,0.0
2,15500,CROISSANTS,4266.0,121.0,,,,,4267.0,38.0,4268.0,83.0,,,4266.5,0.0
2,15600,CROISSANTS,4266.0,94.0,,,,,4267.0,94.0,,,,,4266.5,0.0
2,15700,CROISSANTS,4266.0,157.0,,,,,4267.0,157.0,,,,,4266.5,0.0
2,15800,CROISSANTS,4266.0,133.0,,,,,4267.0,133.0,,,,,4266.5,0.0
2,15900,CROISSANTS,4266.0,149.0,,,,,4267.0,149.0,,,,,4266.5,0.0
2,16000,CROISSANTS,4266.0,121.0,,,,,4267.0,121.0,,,,,4266.5,0.0
2,16100,CROISSANTS,4266.0,97.0,,,,,4267.0,97.0,,,,,4266.5,0.0
2,16200,CROISSANTS,4265.0,121.0,,,,,4267.0,121.0,,,,,4266.0,0.0
2,16300,CROISSANTS,4265.0,99.0,,,,,4267.0,99.0,,,,,4266.0,0.0
2,16400,CROISSANTS,4265.0,116.0,,,,,4267.0,116.0,,,,,4266.0,0.0
2,16500,CROISSANTS,4266.0,47.0,4265.0,56.0,,,4267.0,103.0,,,,,4266.5,0.0
2,16600,CROISSANTS,4265.0,119.0,,,,,4266.0,55.0,4267.0,64.0,,,4265.5,0.0
2,16700,CROISSANTS,4265.0,118.0,,,,,4267.0,118.0,,,,,4266.0,0.0
2,16800,CROISSANTS,4265.0,141.0,,,,,4267.0,141.0,,,,,4266.0,0.0
2,16900,CROISSANTS,4265.0,121.0,,,,,4266.0,121.0,,,,,4265.5,0.0
2,17000,CROISSANTS,4265.0,133.0,,,,,4266.0,133.0,,,,,4265.5,0.0
2,17100,CROISSANTS,4265.0,135.0,,,,,4266.0,135.0,,,,,4265.5,0.0
2,17200,CROISSANTS,4265.0,93.0,,,,,4266.0,93.0,,,,,4265.5,0.0
2,17300,CROISSANTS,4265.0,137.0,,,,,4266.0,137.0,,,,,4265.5,0.0
2,17400,CROISSANTS,4264.0,119.0,,,,,4265.0,119.0,,,,,4264.5,0.0
2,17500,CROISSANTS,4264.0,37.0,4263.0,63.0,,,4265.0,100.0,,,,,4264.5,0.0
2,17600,CROISSANTS,4264.0,107.0,,,,,4265.0,107.0,,,,,4264.5,0.0
2,17700,CROISSANTS,4264.0,124.0,,,,,4265.0,124.0,,,,,4264.5,0.0
2,17800,CROISSANTS,4264.0,114.0,,,,,4265.0,114.0,,,,,4264.5,0.0
2,17900,CROISSANTS,4264.0,157.0,,,,,4265.0,157.0,,,,,4264.5,0.0
2,18000,CROISSANTS,4264.0,121.0,,,,,4265.0,121.0,,,,,4264.5,0.0
2,18100,CROISSANTS,4263.0,126.0,,,,,4264.0,126.0,,,,,4263.5,0.0
2,18200,CROISSANTS,4263.0,44.0,4262.0,61.0,,,4264.0,105.0,,,,,4263.5,0.0
2,18300,CROISSANTS,4263.0,46.0,4262.0,50.0,,,4264.0,96.0,,,,,4263.5,0.0
2,18400,CROISSANTS,4264.0,45.0,4263.0,58.0,,,4265.0,103.0,,,,,4264.5,0.0
2,18500,CROISSANTS,4264.0,42.0,4263.0,89.0,,,4265.0,131.0,,,,,4264.5,0.0
2,18600,CROISSANTS,4264.0,57.0,4263.0,94.0,,,4265.0,151.0,,,,,4264.5,0.0
2,18700,CROISSANTS,4264.0,39.0,4263.0,90.0,,,4265.0,129.0,,,,,4264.5,0.0
2,18800,CROISSANTS,4264.0,98.0,,,,,4265.0,98.0,,,,,4264.5,0.0
2,18900,CROISSANTS,4264.0,140.0,,,,,4265.0,140.0,,,,,4264.5,0.0
2,19000,CROISSANTS,4265.0,106.0,,,,,4266.0,106.0,,,,,4265.5,0.0
2,19100,CROISSANTS,4265.0,52.0,4264.0,64.0,,,4266.0,116.0,,,,,4265.5,0.0
2,19200,CROISSANTS,4264.0,131.0,,,,,4265.0,48.0,4266.0,83.0,,,4264.5,0.0
2,19300,CROISSANTS,4265.0,48.0,4264.0,86.0,,,4266.0,127.0,,,,,4265.5,0.0
2,19400,CROISSANTS,4264.0,101.0,,,,,4265.0,36.0,4266.0,65.0,,,4264.5,0.0
2,19500,CROISSANTS,4264.0,138.0,,,,,4265.0,57.0,4266.0,81.0,,,4264.5,0.0
2,19600,CROISSANTS,4264.0,159.0,,,,,4265.0,159.0,,,,,4264.5,0.0
2,19700,CROISSANTS,4264.0,120.0,,,,,4265.0,120.0,,,,,4264.5,0.0
2,19800,CROISSANTS,4264.0,122.0,,,,,4265.0,122.0,,,,,4264.5,0.0
2,19900,CROISSANTS,4263.0,103.0,,,,,4265.0,103.0,,,,,4264.0,0.0
2,20000,CROISSANTS,4263.0,142.0,,,,,4264.0,56.0,4265.0,86.0,,,4263.5,0.0
2,20100,CROISSANTS,4263.0,51.0,4262.0,100.0,,,4264.0,151.0,,,,,4263.5,0.0
2,20200,CROISSANTS,4263.0,123.0,,,,,4264.0,123.0,,,,,4263.5,0.0
2,20300,CROISSANTS,4263.0,131.0,,,,,4264.0,35.0,4265.0,96.0,,,4263.5,0.0
2,20400,CROISSANTS,4263.0,151.0,,,,,4264.0,151.0,,,,,4263.5,0.0
2,20500,CROISSANTS,4263.0,43.0,4262.0,96.0,,,4264.0,139.0,,,,,4263.5,0.0
2,20600,CROISSANTS,4263.0,151.0,,,,,4265.0,151.0,,,,,4264.0,0.0
2,20700,CROISSANTS,4264.0,46.0,4263.0,63.0,,,4265.0,109.0,,,,,4264.5,0.0
2,20800,CROISSANTS,4265.0,44.0,4264.0,98.0,,,4266.0,142.0,,,,,4265.5,0.0
2,20900,CROISSANTS,4265.0,138.0,,,,,4266.0,138.0,,,,,4265.5,0.0
2,21000,CROISSANTS,4265.0,145.0,,,,,4266.0,145.0,,,,,4265.5,0.0
2,21100,CROISSANTS,4265.0,51.0,4264.0,91.0,,,4266.0,142.0,,,,,4265.5,0.0
2,21200,CROISSANTS,4265.0,151.0,,,,,4266.0,151.0,,,,,4265.5,0.0
2,21300,CROISSANTS,4265.0,37.0,4264.0,73.0,,,4266.0,110.0,,,,,4265.5,0.0
2,21400,CROISSANTS,4265.0,106.0,,,,,4266.0,106.0,,,,,4265.5,0.0
2,21500,CROISSANTS,4265.0,112.0,,,,,4266.0,112.0,,,,,4265.5,0.0
2,21600,CROISSANTS,4264.0,127.0,,,,,4266.0,127.0,,,,,4265.0,0.0
2,21700,CROISSANTS,4264.0,160.0,,,,,4265.0,160.0,,,,,4264.5,0.0
2,21800,CROISSANTS,4264.0,130.0,,,,,4265.0,41.0,4266.0,89.0,,,4264.5,0.0
2,21900,CROISSANTS,4265.0,152.0,,,,,4266.0,152.0,,,,,4265.5,0.0
2,22000,CROISSANTS,4265.0,137.0,,,,,4266.0,137.0,,,,,4265.5,0.0
2,22100,CROISSANTS,4264.0,105.0,,,,,4266.0,105.0,,,,,4265.0,0.0
2,22200,CROISSANTS,4265.0,53.0,4264.0,75.0,,,4266.0,128.0,,,,,4265.5,0.0
2,22300,CROISSANTS,4265.0,154.0,,,,,4266.0,154.0,,,,,4265.5,0.0
2,22400,CROISSANTS,4265.0,60.0,4264.0,93.0,,,4266.0,153.0,,,,,4265.5,0.0
2,22500,CROISSANTS,4265.0,153.0,,,,,4266.0,153.0,,,,,4265.5,0.0
2,22600,CROISSANTS,4265.0,131.0,,,,,4266.0,131.0,,,,,4265.5,0.0
2,22700,CROISSANTS,4264.0,105.0,,,,,4266.0,105.0,,,,,4265.0,0.0
2,22800,CROISSANTS,4264.0,149.0,,,,,4266.0,149.0,,,,,4265.0,0.0
2,22900,CROISSANTS,4264.0,107.0,,,,,4265.0,39.0,4266.0,68.0,,,4264.5,0.0
2,23000,CROISSANTS,4264.0,113.0,,,,,4265.0,113.0,,,,,4264.5,0.0
2,23100,CROISSANTS,4264.0,57.0,4263.0,78.0,,,4265.0,135.0,,,,,4264.5,0.0
2,23200,CROISSANTS,4264.0,55.0,4263.0,88.0,,,4265.0,143.0,,,,,4264.5,0.0
2,23300,CROISSANTS,4264.0,100.0,,,,,4265.0,100.0,,,,,4264.5,0.0
2,23400,CROISSANTS,4263.0,109.0,,,,,4265.0,109.0,,,,,4264.0,0.0
2,23500,CROISSANTS,4264.0,57.0,4263.0,100.0,,,4265.0,157.0,,,,,4264.5,0.0
2,23600,CROISSANTS,4264.0,50.0,4263.0,89.0,,,4265.0,139.0,,,,,4264.5,0.0
2,23700,CROISSANTS,4264.0,41.0,4263.0,93.0,,,4265.0,134.0,,,,,4264.5,0.0
2,23800,CROISSANTS,4263.0,136.0,,,,,4265.0,136.0,,,,,4264.0,0.0
2,23900,CROISSANTS,4264.0,43.0,4263.0,81.0,,,4265.0,124.0,,,,,4264.5,0.0
2,24000,CROISSANTS,4264.0,36.0,4263.0,59.0,,,4265.0,95.0,,,,,4264.5,0.0
2,24100,CROISSANTS,4263.0,113.0,,,,,4264.0,113.0,,,,,4263.5,0.0
2,24200,CROISSANTS,4263.0,142.0,,,,,4264.0,142.0,,,,,4263.5,0.0
2,24300,CROISSANTS,4263.0,133.0,,,,,4264.0,50.0,4265.0,83.0,,,4263.5,0.0
2,24400,CROISSANTS,4263.0,94.0,,,,,4264.0,46.0,4265.0,57.0,,,4263.5,0.0
2,24500,CROISSANTS,4263.0,112.0,,,,,4264.0,62.0,4265.0,50.0,,,4263.5,0.0
2,24600,CROISSANTS,4263.0,135.0,,,,,4265.0,135.0,,,,,4264.0,0.0
2,24700,CROISSANTS,4264.0,60.0,4263.0,51.0,,,4265.0,111.0,,,,,4264.5,0.0
2,24800,CROISSANTS,4263.0,140.0,,,,,4265.0,140.0,,,,,4264.0,0.0
2,24900,CROISSANTS,4264.0,47.0,4263.0,76.0,,,4265.0,123.0,,,,,4264.5,0.0
2,25000,CROISSANTS,4263.0,123.0,,,,,4265.0,123.0,,,,,4264.0,0.0
2,25100,CROISSANTS,4264.0,113.0,,,,,4265.0,105.0,,,,,4264.5,0.0
2,25200,CROISSANTS,4264.0,114.0,,,,,4265.0,114.0,,,,,4264.5,0.0
2,25300,CROISSANTS,4264.0,57.0,4263.0,59.0,,,4265.0,116.0,,,,,4264.5,0.0
2,25400,CROISSANTS,4264.0,65.0,4263.0,61.0,,,4265.0,126.0,,,,,4264.5,0.0
2,25500,CROISSANTS,4263.0,136.0,,,,,4264.0,47.0,4265.0,89.0,,,4263.5,0.0
2,25600,CROISSANTS,4264.0,61.0,4263.0,95.0,,,4265.0,156.0,,,,,4264.5,0.0
2,25700,CROISSANTS,4264.0,104.0,,,,,4265.0,104.0,,,,,4264.5,0.0
2,25800,CROISSANTS,4264.0,118.0,,,,,4265.0,118.0,,,,,4264.5,0.0
2,25900,CROISSANTS,4263.0,113.0,,,,,4265.0,113.0,,,,,4264.0,0.0
2,26000,CROISSANTS,4263.0,107.0,,,,,4264.0,42.0,4265.0,65.0,,,4263.5,0.0
2,26100,CROISSANTS,4263.0,136.0,,,,,4265.0,136.0,,,,,4264.0,0.0
2,26200,CROISSANTS,4264.0,39.0,4263.0,57.0,,,4265.0,96.0,,,,,4264.5,0.0
2,26300,CROISSANTS,4264.0,38.0,4263.0,76.0,,,4265.0,114.0,,,,,4264.5,0.0
2,26400,CROISSANTS,4264.0,43.0,4263.0,62.0,,,4265.0,105.0,,,,,4264.5,0.0
2,26500,CROISSANTS,4264.0,58.0,4263.0,63.0,,,4265.0,121.0,,,,,4264.5,0.0
2,26600,CROISSANTS,4264.0,106.0,,,,,4266.0,106.0,,,,,4265.0,0.0
2,26700,CROISSANTS,4264.0,96.0,,,,,4265.0,40.0,4266.0,56.0,,,4264.5,0.0
2,26800,CROISSANTS,4264.0,109.0,,,,,4265.0,49.0,4266.0,68.0,,,4264.5,0.0
2,26900,CROISSANTS,4264.0,89.0,,,,,4265.0,89.0,,,,,4264.5,0.0
2,27000,CROISSANTS,4264.0,105.0,,,,,4265.0,42.0,4266.0,63.0,,,4264.5,0.0
2,27100,CROISSANTS,4264.0,131.0,,,,,4266.0,131.0,,,,,4265.0,0.0
2,27200,CROISSANTS,4265.0,35.0,4264.0,70.0,,,4266.0,105.0,,,,,4265.5,0.0
2,27300,CROISSANTS,4265.0,59.0,4264.0,85.0,,,4266.0,144.0,,,,,4265.5,0.0
2,27400,CROISSANTS,4264.0,125.0,,,,,4265.0,48.0,4266.0,77.0,,,4264.5,0.0
2,27500,CROISSANTS,4264.0,143.0,,,,,4265.0,143.0,,,,,4264.5,0.0
2,27600,CROISSANTS,4264.0,144.0,,,,,4265.0,55.0,4266.0,89.0,,,4264.5,0.0
2,27700,CROISSANTS,4264.0,47.0,4263.0,63.0,,,4265.0,110.0,,,,,4264.5,0.0
2,27800,CROISSANTS,4264.0,38.0,4263.0,86.0,,,4265.0,124.0,,,,,4264.5,0.0
2,27900,CROISSANTS,4264.0,45.0,4263.0,98.0,,,4265.0,143.0,,,,,4264.5,0.0
2,28000,CROISSANTS,4264.0,60.0,4263.0,88.0,,,4265.0,144.0,,,,,4264.5,0.0
2,28100,CROISSANTS,4264.0,94.0,,,,,4265.0,41.0,4266.0,53.0,,,4264.5,0.0
2,28200,CROISSANTS,4264.0,119.0,,,,,4265.0,43.0,4266.0,76.0,,,4264.5,0.0
2,28300,CROISSANTS,4264.0,118.0,,,,,4265.0,44.0,4266.0,74.0,,,4264.5,0.0
2,28400,CROISSANTS,4265.0,42.0,4264.0,58.0,,,4266.0,100.0,,,,,4265.5,0.0
2,28500,CROISSANTS,4265.0,92.0,,,,,4266.0,37.0,4267.0,55.0,,,4265.5,0.0
2,28600,CROISSANTS,4265.0,121.0,,,,,4266.0,59.0,4267.0,62.0,,,4265.5,0.0
2,28700,CROISSANTS,4265.0,157.0,,,,,4266.0,157.0,,,,,4265.5,0.0
2,28800,CROISSANTS,4264.0,142.0,,,,,4266.0,142.0,,,,,4265.0,0.0
2,28900,CROISSANTS,4265.0,56.0,4264.0,81.0,,,4266.0,137.0,,,,,4265.5,0.0
2,29000,CROISSANTS,4264.0,96.0,,,,,4266.0,96.0,,,,,4265.0,0.0
2,29100,CROISSANTS,4265.0,121.0,,,,,4266.0,121.0,,,,,4265.5,0.0
2,29200,CROISSANTS,4265.0,35.0,4264.0,81.0,,,4266.0,116.0,,,,,4265.5,0.0
2,29300,CROISSANTS,4265.0,133.0,,,,,4266.0,123.0,,,,,4265.5,0.0
2,29400,CROISSANTS,4266.0,47.0,4265.0,56.0,,,4267.0,103.0,,,,,4266.5,0.0
2,29500,CROISSANTS,4266.0,42.0,4265.0,50.0,,,4267.0,92.0,,,,,4266.5,0.0
2,29600,CROISSANTS,4266.0,94.0,,,,,4267.0,94.0,,,,,4266.5,0.0
2,29700,CROISSANTS,4266.0,151.0,,,,,4268.0,151.0,,,,,4267.0,0.0
2,29800,CROISSANTS,4266.0,128.0,,,,,4267.0,128.0,,,,,4266.5,0.0
2,29900,CROISSANTS,4266.0,110.0,,,,,4267.0,110.0,,,,,4266.5,0.0
2,30000,CROISSANTS,4266.0,107.0,,,,,4267.0,107.0,,,,,4266.5,0.0
2,30100,CROISSANTS,4266.0,155.0,,,,,4267.0,155.0,,,,,4266.5,0.0
2,30200,CROISSANTS,4265.0,130.0,,,,,4266.0,130.0,,,,,4265.5,0.0
2,30300,CROISSANTS,4266.0,47.0,4265.0,93.0,,,4267.0,140.0,,,,,4266.5,0.0
2,30400,CROISSANTS,4266.0,148.0,,,,,4267.0,148.0,,,,,4266.5,0.0
2,30500,CROISSANTS,4266.0,133.0,,,,,4267.0,133.0,,,,,4266.5,0.0
2,30600,CROISSANTS,4266.0,140.0,,,,,4267.0,140.0,,,,,4266.5,0.0
2,30700,CROISSANTS,4266.0,147.0,,,,,4267.0,147.0,,,,,4266.5,0.0
2,30800,CROISSANTS,4266.0,41.0,4265.0,88.0,,,4267.0,129.0,,,,,4266.5,0.0
2,30900,CROISSANTS,4265.0,126.0,,,,,4267.0,126.0,,,,,4266.0,0.0
2,31000,CROISSANTS,4265.0,136.0,,,,,4267.0,136.0,,,,,4266.0,0.0
2,31100,CROISSANTS,4265.0,158.0,,,,,4267.0,158.0,,,,,4266.0,0.0
2,31200,CROISSANTS,4266.0,115.0,,,,,4267.0,115.0,,,,,4266.5,0.0
2,31300,CROISSANTS,4266.0,116.0,,,,,4267.0,116.0,,,,,4266.5,0.0
2,31400,CROISSANTS,4266.0,110.0,,,,,4268.0,110.0,,,,,4267.0,0.0
2,31500,CROISSANTS,4266.0,103.0,,,,,4268.0,103.0,,,,,4267.0,0.0
2,31600,CROISSANTS,4267.0,119.0,,,,,4268.0,119.0,,,,,4267.5,0.0
2,31700,CROISSANTS,4267.0,130.0,,,,,4269.0,130.0,,,,,4268.0,0.0
2,31800,CROISSANTS,4268.0,59.0,4267.0,92.0,,,4269.0,151.0,,,,,4268.5,0.0
2,31900,CROISSANTS,4267.0,120.0,,,,,4269.0,120.0,,,,,4268.0,0.0
2,32000,CROISSANTS,4267.0,122.0,,,,,4269.0,122.0,,,,,4268.0,0.0
2,32100,CROISSANTS,4268.0,62.0,4267.0,87.0,,,4269.0,149.0,,,,,4268.5,0.0
2,32200,CROISSANTS,4267.0,118.0,,,,,4269.0,118.0,,,,,4268.0,0.0
2,32300,CROISSANTS,4267.0,142.0,,,,,4268.0,142.0,,,,,4267.5,0.0
2,32400,CROISSANTS,4267.0,116.0,,,,,4268.0,43.0,4269.0,73.0,,,4267.5,0.0
2,32500,CROISSANTS,4267.0,144.0,,,,,4269.0,144.0,,,,,4268.0,0.0
2,32600,CROISSANTS,4269.0,117.0,,,,,4270.0,126.0,,,,,4269.5,0.0
2,32700,CROISSANTS,4270.0,55.0,4269.0,89.0,,,4271.0,144.0,,,,,4270.5,0.0
2,32800,CROISSANTS,4270.0,124.0,,,,,4271.0,124.0,,,,,4270.5,0.0
2,32900,CROISSANTS,4269.0,131.0,,,,,4270.0,49.0,4271.0,82.0,,,4269.5,0.0
2,33000,CROISSANTS,4269.0,109.0,,,,,4270.0,109.0,,,,,4269.5,0.0
2,33100,CROISSANTS,4269.0,44.0,4268.0,95.0,,,4270.0,139.0,,,,,4269.5,0.0
2,33200,CROISSANTS,4268.0,137.0,,,,,4269.0,47.0,4270.0,99.0,,,4268.5,0.0
2,33300,CROISSANTS,4268.0,124.0,,,,,4269.0,124.0,,,,,4268.5,0.0
2,33400,CROISSANTS,4268.0,161.0,,,,,4269.0,161.0,,,,,4268.5,0.0
2,33500,CROISSANTS,4268.0,95.0,,,,,4269.0,95.0,,,,,4268.5,0.0
2,33600,CROISSANTS,4268.0,132.0,,,,,4269.0,35.0,4270.0,97.0,,,4268.5,0.0
2,33700,CROISSANTS,4268.0,111.0,,,,,4269.0,106.0,,,,,4268.5,0.0
2,33800,CROISSANTS,4268.0,117.0,,,,,4269.0,46.0,4270.0,71.0,,,4268.5,0.0
2,33900,CROISSANTS,4269.0,95.0,,,,,4270.0,40.0,4271.0,55.0,,,4269.5,0.0
2,34000,CROISSANTS,4269.0,127.0,,,,,4270.0,127.0,,,,,4269.5,0.0
2,34100,CROISSANTS,4270.0,48.0,4269.0,80.0,,,4271.0,128.0,,,,,4270.5,0.0
2,34200,CROISSANTS,4270.0,114.0,,,,,4272.0,114.0,,,,,4271.0,0.0
2,34300,CROISSANTS,4270.0,106.0,,,,,4271.0,36.0,4272.0,70.0,,,4270.5,0.0
2,34400,CROISSANTS,4271.0,59.0,4270.0,95.0,,,4272.0,154.0,,,,,4271.5,0.0
2,34500,CROISSANTS,4271.0,51.0,4270.0,81.0,,,4272.0,132.0,,,,,4271.5,0.0
2,34600,CROISSANTS,4270.0,127.0,,,,,4272.0,127.0,,,,,4271.0,0.0
2,34700,CROISSANTS,4270.0,151.0,,,,,4271.0,151.0,,,,,4270.5,0.0
2,34800,CROISSANTS,4270.0,48.0,4269.0,94.0,,,4271.0,142.0,,,,,4270.5,0.0
2,34900,CROISSANTS,4270.0,143.0,,,,,4271.0,143.0,,,,,4270.5,0.0
2,35000,CROISSANTS,4271.0,62.0,4270.0,75.0,,,4272.0,137.0,,,,,4271.5,0.0
2,35100,CROISSANTS,4271.0,40.0,4270.0,64.0,,,4272.0,104.0,,,,,4271.5,0.0
2,35200,CROISSANTS,4271.0,126.0,,,,,4272.0,126.0,,,,,4271.5,0.0
2,35300,CROISSANTS,4271.0,122.0,,,,,4272.0,122.0,,,,,4271.5,0.0
2,35400,CROISSANTS,4270.0,130.0,,,,,4271.0,130.0,,,,,4270.5,0.0
2,35500,CROISSANTS,4270.0,40.0,4269.0,72.0,,,4271.0,112.0,,,,,4270.5,0.0
2,35600,CROISSANTS,4269.0,124.0,,,,,4271.0,124.0,,,,,4270.0,0.0
2,35700,CROISSANTS,4269.0,39.0,4268.0,96.0,,,4270.0,135.0,,,,,4269.5,0.0
2,35800,CROISSANTS,4268.0,128.0,,,,,4270.0,128.0,,,,,4269.0,0.0
2,35900,CROISSANTS,4268.0,114.0,,,,,4270.0,114.0,,,,,4269.0,0.0
2,36000,CROISSANTS,4269.0,128.0,,,,,4270.0,52.0,4271.0,76.0,,,4269.5,0.0
2,36100,CROISSANTS,4269.0,126.0,,,,,4270.0,54.0,4271.0,72.0,,,4269.5,0.0
2,36200,CROISSANTS,4268.0,131.0,,,,,4269.0,52.0,4270.0,79.0,,,4268.5,0.0
2,36300,CROISSANTS,4269.0,107.0,,,,,4270.0,107.0,,,,,4269.5,0.0
2,36400,CROISSANTS,4268.0,108.0,,,,,4269.0,108.0,,,,,4268.5,0.0
2,36500,CROISSANTS,4268.0,152.0,,,,,4269.0,146.0,,,,,4268.5,0.0
2,36600,CROISSANTS,4268.0,136.0,,,,,4269.0,136.0,,,,,4268.5,0.0
2,36700,CROISSANTS,4268.0,136.0,,,,,4270.0,136.0,,,,,4269.0,0.0
2,36800,CROISSANTS,4268.0,144.0,,,,,4270.0,144.0,,,,,4269.0,0.0
2,36900,CROISSANTS,4269.0,57.0,4268.0,53.0,,,4270.0,110.0,,,,,4269.5,0.0
2,37000,CROISSANTS,4269.0,54.0,4268.0,89.0,,,4270.0,143.0,,,,,4269.5,0.0
2,37100,CROISSANTS,4268.0,128.0,,,,,4269.0,60.0,4270.0,68.0,,,4268.5,0.0
2,37200,CROISSANTS,4269.0,52.0,4268.0,70.0,,,4270.0,122.0,,,,,4269.5,0.0
2,37300,CROISSANTS,4268.0,124.0,,,,,4270.0,124.0,,,,,4269.0,0.0
2,37400,CROISSANTS,4268.0,120.0,,,,,4269.0,53.0,4270.0,74.0,,,4268.5,0.0
2,37500,CROISSANTS,4268.0,120.0,,,,,4270.0,120.0,,,,,4269.0,0.0
2,37600,CROISSANTS,4268.0,121.0,,,,,4270.0,121.0,,,,,4269.0,0.0
2,37700,CROISSANTS,4268.0,100.0,,,,,4270.0,100.0,,,,,4269.0,0.0
2,37800,CROISSANTS,4269.0,53.0,4268.0,57.0,,,4270.0,110.0,,,,,4269.5,0.0
2,37900,CROISSANTS,4268.0,148.0,,,,,4269.0,148.0,,,,,4268.5,0.0
2,38000,CROISSANTS,4268.0,114.0,,,,,4269.0,42.0,4270.0,72.0,,,4268.5,0.0
2,38100,CROISSANTS,4268.0,105.0,,,,,4270.0,105.0,,,,,4269.0,0.0
2,38200,CROISSANTS,4269.0,56.0,4268.0,61.0,,,4270.0,117.0,,,,,4269.5,0.0
2,38300,CROISSANTS,4269.0,95.0,,,,,4271.0,95.0,,,,,4270.0,0.0
2,38400,CROISSANTS,4269.0,117.0,,,,,4271.0,117.0,,,,,4270.0,0.0
2,38500,CROISSANTS,4269.0,128.0,,,,,4270.0,35.0,4271.0,93.0,,,4269.5,0.0
2,38600,CROISSANTS,4269.0,102.0,,,,,4270.0,102.0,,,,,4269.5,0.0
2,38700,CROISSANTS,4269.0,87.0,,,,,4270.0,87.0,,,,,4269.5,0.0
2,38800,CROISSANTS,4269.0,119.0,,,,,4270.0,119.0,,,,,4269.5,0.0
2,38900,CROISSANTS,4269.0,95.0,,,,,4270.0,95.0,,,,,4269.5,0.0
2,39000,CROISSANTS,4269.0,128.0,,,,,4270.0,128.0,,,,,4269.5,0.0
2,39100,CROISSANTS,4269.0,130.0,,,,,4271.0,130.0,,,,,4270.0,0.0
2,39200,CROISSANTS,4270.0,134.0,,,,,4271.0,134.0,,,,,4270.5,0.0
2,39300,CROISSANTS,4270.0,130.0,,,,,4271.0,130.0,,,,,4270.5,0.0
2,39400,CROISSANTS,4271.0,102.0,,,,,4272.0,102.0,,,,,4271.5,0.0
2,39500,CROISSANTS,4271.0,135.0,,,,,4272.0,135.0,,,,,4271.5,0.0
2,39600,CROISSANTS,4272.0,140.0,,,,,4273.0,44.0,4274.0,96.0,,,4272.5,0.0
2,39700,CROISSANTS,4272.0,115.0,,,,,4273.0,45.0,4274.0,70.0,,,4272.5,0.0
2,39800,CROISSANTS,4271.0,103.0,,,,,4272.0,47.0,4273.0,56.0,,,4271.5,0.0
2,39900,CROISSANTS,4272.0,136.0,,,,,4273.0,136.0,,,,,4272.5,0.0
2,40000,CROISSANTS,4271.0,133.0,,,,,4272.0,51.0,4273.0,82.0,,,4271.5,0.0
2,40100,CROISSANTS,4271.0,136.0,,,,,4272.0,45.0,4273.0,87.0,,,4271.5,0.0
2,40200,CROISSANTS,4271.0,150.0,,,,,4272.0,150.0,,,,,4271.5,0.0
2,40300,CROISSANTS,4271.0,45.0,4270.0,60.0,,,4272.0,105.0,,,,,4271.5,0.0
2,40400,CROISSANTS,4270.0,163.0,,,,,4272.0,163.0,,,,,4271.0,0.0
2,40500,CROISSANTS,4270.0,152.0,,,,,4272.0,152.0,,,,,4271.0,0.0
2,40600,CROISSANTS,4271.0,48.0,4270.0,59.0,,,4272.0,107.0,,,,,4271.5,0.0
2,40700,CROISSANTS,4270.0,64.0,4269.0,68.0,,,4271.0,132.0,,,,,4270.5,0.0
2,40800,CROISSANTS,4269.0,159.0,,,,,4271.0,159.0,,,,,4270.0,0.0
2,40900,CROISSANTS,4269.0,120.0,,,,,4270.0,120.0,,,,,4269.5,0.0
2,41000,CROISSANTS,4269.0,136.0,,,,,4270.0,136.0,,,,,4269.5,0.0
2,41100,CROISSANTS,4269.0,138.0,,,,,4270.0,138.0,,,,,4269.5,0.0
2,41200,CROISSANTS,4268.0,166.0,,,,,4269.0,160.0,,,,,4268.5,0.0
2,41300,CROISSANTS,4268.0,99.0,,,,,4269.0,99.0,,,,,4268.5,0.0
2,41400,CROISSANTS,4268.0,135.0,,,,,4269.0,53.0,4270.0,82.0,,,4268.5,0.0
2,41500,CROISSANTS,4268.0,122.0,,,,,4269.0,122.0,,,,,4268.5,0.0
2,41600,CROISSANTS,4268.0,141.0,,,,,4269.0,57.0,4270.0,84.0,,,4268.5,0.0
2,41700,CROISSANTS,4268.0,125.0,,,,,4269.0,125.0,,,,,4268.5,0.0
2,41800,CROISSANTS,4268.0,147.0,,,,,4269.0,147.0,,,,,4268.5,0.0
2,41900,CROISSANTS,4268.0,142.0,,,,,4269.0,142.0,,,,,4268.5,0.0
2,42000,CROISSANTS,4267.0,97.0,,,,,4268.0,40.0,4269.0,57.0,,,4267.5,0.0
2,42100,CROISSANTS,4267.0,139.0,,,,,4268.0,44.0,4269.0,95.0,,,4267.5,0.0
2,42200,CROISSANTS,4267.0,130.0,,,,,4268.0,130.0,,,,,4267.5,0.0
2,42300,CROISSANTS,4267.0,116.0,,,,,4268.0,58.0,4269.0,58.0,,,4267.5,0.0
2,42400,CROISSANTS,4267.0,134.0,,,,,4268.0,134.0,,,,,4267.5,0.0
2,42500,CROISSANTS,4266.0,111.0,,,,,4267.0,61.0,4268.0,50.0,,,4266.5,0.0
2,42600,CROISSANTS,4266.0,144.0,,,,,4267.0,48.0,4268.0,96.0,,,4266.5,0.0
2,42700,CROISSANTS,4266.0,97.0,,,,,4267.0,97.0,,,,,4266.5,0.0
2,42800,CROISSANTS,4266.0,112.0,,,,,4267.0,47.0,4268.0,65.0,,,4266.5,0.0
2,42900,CROISSANTS,4267.0,40.0,4266.0,83.0,,,4268.0,123.0,,,,,4267.5,0.0
2,43000,CROISSANTS,4267.0,98.0,,,,,4268.0,98.0,,,,,4267.5,0.0
2,43100,CROISSANTS,4266.0,120.0,,,,,4268.0,120.0,,,,,4267.0,0.0
2,43200,CROISSANTS,4267.0,131.0,,,,,4268.0,131.0,,,,,4267.5,0.0
2,43300,CROISSANTS,4266.0,143.0,,,,,4268.0,143.0,,,,,4267.0,0.0
2,43400,CROISSANTS,4266.0,108.0,,,,,4267.0,8.0,4268.0,108.0,,,4266.5,0.0
2,43500,CROISSANTS,4267.0,46.0,4266.0,61.0,,,4268.0,107.0,,,,,4267.5,0.0
2,43600,CROISSANTS,4266.0,134.0,,,,,4267.0,45.0,4268.0,89.0,,,4266.5,0.0
2,43700,CROISSANTS,4266.0,123.0,,,,,4267.0,47.0,4268.0,76.0,,,4266.5,0.0
2,43800,CROISSANTS,4266.0,60.0,4265.0,65.0,,,4267.0,125.0,,,,,4266.5,0.0
2,43900,CROISSANTS,4266.0,57.0,4265.0,79.0,,,4267.0,136.0,,,,,4266.5,0.0
2,44000,CROISSANTS,4266.0,111.0,,,,,4268.0,111.0,,,,,4267.0,0.0
2,44100,CROISSANTS,4266.0,119.0,,,,,4267.0,119.0,,,,,4266.5,0.0
2,44200,CROISSANTS,4266.0,105.0,,,,,4267.0,42.0,4268.0,63.0,,,4266.5,0.0
2,44300,CROISSANTS,4266.0,117.0,,,,,4267.0,117.0,,,,,4266.5,0.0
2,44400,CROISSANTS,4266.0,151.0,,,,,4267.0,54.0,4268.0,97.0,,,4266.5,0.0
2,44500,CROISSANTS,4266.0,129.0,,,,,4267.0,129.0,,,,,4266.5,0.0
2,44600,CROISSANTS,4266.0,133.0,,,,,4267.0,133.0,,,,,4266.5,0.0
2,44700,CROISSANTS,4266.0,118.0,,,,,4267.0,65.0,4268.0,53.0,,,4266.5,0.0
2,44800,CROISSANTS,4265.0,116.0,,,,,4266.0,35.0,4267.0,81.0,,,4265.5,0.0
2,44900,CROISSANTS,4265.0,152.0,,,,,4266.0,59.0,4267.0,93.0,,,4265.5,0.0
2,45000,CROISSANTS,4265.0,142.0,,,,,4267.0,142.0,,,,,4266.0,0.0
2,45100,CROISSANTS,4265.0,122.0,,,,,4267.0,122.0,,,,,4266.0,0.0
2,45200,CROISSANTS,4265.0,145.0,,,,,4267.0,145.0,,,,,4266.0,0.0
2,45300,CROISSANTS,4265.0,158.0,,,,,4266.0,158.0,,,,,4265.5,0.0
2,45400,CROISSANTS,4265.0,143.0,,,,,4266.0,143.0,,,,,4265.5,0.0
2,45500,CROISSANTS,4265.0,151.0,,,,,4266.0,151.0,,,,,4265.5,0.0
2,45600,CROISSANTS,4265.0,121.0,,,,,4266.0,121.0,,,,,4265.5,0.0
2,45700,CROISSANTS,4265.0,38.0,4264.0,85.0,,,4266.0,123.0,,,,,4265.5,0.0
2,45800,CROISSANTS,4265.0,138.0,,,,,4266.0,138.0,,,,,4265.5,0.0
2,45900,CROISSANTS,4265.0,54.0,4264.0,77.0,,,4266.0,131.0,,,,,4265.5,0.0
2,46000,CROISSANTS,4265.0,143.0,,,,,4266.0,143.0,,,,,4265.5,0.0
2,46100,CROISSANTS,4265.0,134.0,,,,,4266.0,134.0,,,,,4265.5,0.0
2,46200,CROISSANTS,4265.0,143.0,,,,,4266.0,143.0,,,,,4265.5,0.0
2,46300,CROISSANTS,4265.0,121.0,,,,,4266.0,121.0,,,,,4265.5,0.0
2,46400,CROISSANTS,4265.0,109.0,,,,,4266.0,59.0,4267.0,50.0,,,4265.5,0.0
2,46500,CROISSANTS,4265.0,118.0,,,,,4266.0,118.0,,,,,4265.5,0.0
2,46600,CROISSANTS,4265.0,100.0,,,,,4266.0,100.0,,,,,4265.5,0.0
2,46700,CROISSANTS,4265.0,51.0,4264.0,80.0,,,4266.0,131.0,,,,,4265.5,0.0
2,46800,CROISSANTS,4265.0,101.0,,,,,4266.0,48.0,4267.0,53.0,,,4265.5,0.0
2,46900,CROISSANTS,4265.0,139.0,,,,,4266.0,51.0,4267.0,88.0,,,4265.5,0.0
2,47000,CROISSANTS,4265.0,132.0,,,,,4267.0,132.0,,,,,4266.0,0.0
2,47100,CROISSANTS,4265.0,101.0,,,,,4266.0,39.0,4267.0,62.0,,,4265.5,0.0
2,47200,CROISSANTS,4265.0,125.0,,,,,4267.0,125.0,,,,,4266.0,0.0
2,47300,CROISSANTS,4265.0,159.0,,,,,4266.0,59.0,4267.0,100.0,,,4265.5,0.0
2,47400,CROISSANTS,4265.0,61.0,4264.0,87.0,,,4266.0,148.0,,,,,4265.5,0.0
2,47500,CROISSANTS,4265.0,35.0,4264.0,67.0,,,4266.0,102.0,,,,,4265.5,0.0
2,47600,CROISSANTS,4265.0,57.0,4264.0,69.0,,,4266.0,126.0,,,,,4265.5,0.0
2,47700,CROISSANTS,4265.0,52.0,4264.0,71.0,,,4266.0,123.0,,,,,4265.5,0.0
2,47800,CROISSANTS,4265.0,150.0,,,,,4266.0,150.0,,,,,4265.5,0.0
2,47900,CROISSANTS,4265.0,125.0,,,,,4267.0,125.0,,,,,4266.0,0.0
2,48000,CROISSANTS,4265.0,120.0,,,,,4266.0,120.0,,,,,4265.5,0.0
2,48100,CROISSANTS,4265.0,46.0,4264.0,50.0,,,4266.0,96.0,,,,,4265.5,0.0
2,48200,CROISSANTS,4266.0,47.0,4265.0,68.0,,,4267.0,115.0,,,,,4266.5,0.0
2,48300,CROISSANTS,4265.0,138.0,,,,,4267.0,138.0,,,,,4266.0,0.0
2,48400,CROISSANTS,4265.0,56.0,4264.0,66.0,,,4266.0,122.0,,,,,4265.5,0.0
2,48500,CROISSANTS,4265.0,109.0,,,,,4266.0,109.0,,,,,4265.5,0.0
2,48600,CROISSANTS,4265.0,143.0,,,,,4267.0,143.0,,,,,4266.0,0.0
2,48700,CROISSANTS,4265.0,94.0,,,,,4267.0,94.0,,,,,4266.0,0.0
2,48800,CROISSANTS,4265.0,120.0,,,,,4266.0,35.0,4267.0,85.0,,,4265.5,0.0
2,48900,CROISSANTS,4265.0,147.0,,,,,4266.0,48.0,4267.0,99.0,,,4265.5,0.0
2,49000,CROISSANTS,4265.0,129.0,,,,,4266.0,61.0,4267.0,68.0,,,4265.5,0.0
2,49100,CROISSANTS,4265.0,133.0,,,,,4266.0,63.0,4267.0,70.0,,,4265.5,0.0
2,49200,CROISSANTS,4265.0,135.0,,,,,4267.0,135.0,,,,,4266.0,0.0
2,49300,CROISSANTS,4266.0,137.0,,,,,4267.0,46.0,4268.0,91.0,,,4266.5,0.0
2,49400,CROISSANTS,4266.0,119.0,,,,,4267.0,42.0,4268.0,77.0,,,4266.5,0.0
2,49500,CROISSANTS,4266.0,142.0,,,,,4267.0,142.0,,,,,4266.5,0.0
2,49600,CROISSANTS,4266.0,109.0,,,,,4267.0,115.0,,,,,4266.5,0.0
2,49700,CROISSANTS,4266.0,132.0,,,,,4267.0,49.0,4268.0,83.0,,,4266.5,0.0
2,49800,CROISSANTS,4266.0,136.0,,,,,4267.0,136.0,,,,,4266.5,0.0
2,49900,CROISSANTS,4266.0,112.0,,,,,4267.0,45.0,4268.0,67.0,,,4266.5,0.0
2,50000,CROISSANTS,4266.0,104.0,,,,,4267.0,39.0,4268.0,65.0,,,4266.5,0.0
2,50100,CROISSANTS,4266.0,154.0,,,,,4267.0,154.0,,,,,4266.5,0.0
2,50200,CROISSANTS,4266.0,92.0,,,,,4267.0,40.0,4268.0,52.0,,,4266.5,0.0
2,50300,CROISSANTS,4266.0,150.0,,,,,4268.0,150.0,,,,,4267.0,0.0
2,50400,CROISSANTS,4266.0,52.0,4265.0,65.0,,,4267.0,117.0,,,,,4266.5,0.0
2,50500,CROISSANTS,4265.0,122.0,,,,,4267.0,128.0,,,,,4266.0,0.0
2,50600,CROISSANTS,4265.0,99.0,,,,,4266.0,99.0,,,,,4265.5,0.0
2,50700,CROISSANTS,4265.0,101.0,,,,,4266.0,37.0,4267.0,64.0,,,4265.5,0.0
2,50800,CROISSANTS,4264.0,135.0,,,,,4265.0,37.0,4266.0,98.0,,,4264.5,0.0
2,50900,CROISSANTS,4264.0,110.0,,,,,4265.0,110.0,,,,,4264.5,0.0
2,51000,CROISSANTS,4264.0,114.0,,,,,4265.0,56.0,4266.0,58.0,,,4264.5,0.0
2,51100,CROISSANTS,4264.0,100.0,,,,,4265.0,43.0,4266.0,57.0,,,4264.5,0.0
2,51200,CROISSANTS,4264.0,121.0,,,,,4265.0,64.0,4266.0,57.0,,,4264.5,0.0
2,51300,CROISSANTS,4264.0,113.0,,,,,4265.0,41.0,4266.0,72.0,,,4264.5,0.0
2,51400,CROISSANTS,4265.0,132.0,,,,,4266.0,132.0,,,,,4265.5,0.0
2,51500,CROISSANTS,4266.0,117.0,,,,,4267.0,117.0,,,,,4266.5,0.0
2,51600,CROISSANTS,4265.0,100.0,,,,,4267.0,100.0,,,,,4266.0,0.0
2,51700,CROISSANTS,4265.0,122.0,,,,,4266.0,42.0,4267.0,80.0,,,4265.5,0.0
2,51800,CROISSANTS,4265.0,137.0,,,,,4266.0,137.0,,,,,4265.5,0.0
2,51900,CROISSANTS,4265.0,121.0,,,,,4266.0,46.0,4267.0,75.0,,,4265.5,0.0
2,52000,CROISSANTS,4266.0,55.0,4265.0,58.0,,,4267.0,113.0,,,,,4266.5,0.0
2,52100,CROISSANTS,4266.0,128.0,,,,,4267.0,128.0,,,,,4266.5,0.0
2,52200,CROISSANTS,4266.0,128.0,,,,,4267.0,128.0,,,,,4266.5,0.0
2,52300,CROISSANTS,4266.0,103.0,,,,,4267.0,103.0,,,,,4266.5,0.0
2,52400,CROISSANTS,4266.0,59.0,4265.0,83.0,,,4267.0,142.0,,,,,4266.5,0.0
2,52500,CROISSANTS,4266.0,106.0,,,,,4267.0,106.0,,,,,4266.5,0.0
2,52600,CROISSANTS,4268.0,152.0,,,,,4269.0,152.0,,,,,4268.5,0.0
2,52700,CROISSANTS,4267.0,111.0,,,,,4268.0,35.0,4269.0,76.0,,,4267.5,0.0
2,52800,CROISSANTS,4267.0,139.0,,,,,4268.0,63.0,4269.0,76.0,,,4267.5,0.0
2,52900,CROISSANTS,4267.0,100.0,,,,,4268.0,41.0,4269.0,59.0,,,4267.5,0.0
2,53000,CROISSANTS,4267.0,145.0,,,,,4268.0,65.0,4269.0,80.0,,,4267.5,0.0
2,53100,CROISSANTS,4267.0,133.0,,,,,4268.0,133.0,,,,,4267.5,0.0
2,53200,CROISSANTS,4266.0,122.0,,,,,4267.0,54.0,4268.0,68.0,,,4266.5,0.0
2,53300,CROISSANTS,4266.0,134.0,,,,,4267.0,134.0,,,,,4266.5,0.0
2,53400,CROISSANTS,4266.0,63.0,4265.0,84.0,,,4267.0,147.0,,,,,4266.5,0.0
2,53500,CROISSANTS,4266.0,49.0,4265.0,91.0,,,4267.0,140.0,,,,,4266.5,0.0
2,53600,CROISSANTS,4265.0,99.0,,,,,4267.0,99.0,,,,,4266.0,0.0
2,53700,CROISSANTS,4265.0,114.0,,,,,4266.0,49.0,4267.0,65.0,,,4265.5,0.0
2,53800,CROISSANTS,4265.0,123.0,,,,,4267.0,123.0,,,,,4266.0,0.0
2,53900,CROISSANTS,4265.0,113.0,,,,,4267.0,113.0,,,,,4266.0,0.0
2,54000,CROISSANTS,4266.0,130.0,,,,,4267.0,44.0,4268.0,86.0,,,4266.5,0.0
2,54100,CROISSANTS,4266.0,109.0,,,,,4267.0,44.0,4268.0,65.0,,,4266.5,0.0
2,54200,CROISSANTS,4265.0,121.0,,,,,4267.0,121.0,,,,,4266.0,0.0
2,54300,CROISSANTS,4265.0,115.0,,,,,4267.0,115.0,,,,,4266.0,0.0
2,54400,CROISSANTS,4266.0,49.0,4265.0,85.0,,,4267.0,134.0,,,,,4266.5,0.0
2,54500,CROISSANTS,4265.0,113.0,,,,,4266.0,113.0,,,,,4265.5,0.0
2,54600,CROISSANTS,4265.0,161.0,,,,,4266.0,161.0,,,,,4265.5,0.0
2,54700,CROISSANTS,4265.0,154.0,,,,,4266.0,154.0,,,,,4265.5,0.0
2,54800,CROISSANTS,4265.0,100.0,,,,,4266.0,100.0,,,,,4265.5,0.0
2,54900,CROISSANTS,4265.0,38.0,4264.0,87.0,,,4266.0,125.0,,,,,4265.5,0.0
2,55000,CROISSANTS,4264.0,116.0,,,,,4265.0,62.0,4266.0,54.0,,,4264.5,0.0
2,55100,CROISSANTS,4264.0,121.0,,,,,4265.0,40.0,4266.0,81.0,,,4264.5,0.0
2,55200,CROISSANTS,4264.0,145.0,,,,,4265.0,61.0,4266.0,84.0,,,4264.5,0.0
2,55300,CROISSANTS,4264.0,138.0,,,,,4265.0,56.0,4266.0,82.0,,,4264.5,0.0
2,55400,CROISSANTS,4264.0,123.0,,,,,4265.0,44.0,4266.0,79.0,,,4264.5,0.0
2,55500,CROISSANTS,4264.0,130.0,,,,,4265.0,130.0,,,,,4264.5,0.0
2,55600,CROISSANTS,4264.0,111.0,,,,,4266.0,111.0,,,,,4265.0,0.0
2,55700,CROISSANTS,4264.0,125.0,,,,,4265.0,44.0,4266.0,81.0,,,4264.5,0.0
2,55800,CROISSANTS,4265.0,38.0,4264.0,75.0,,,4266.0,113.0,,,,,4265.5,0.0
2,55900,CROISSANTS,4264.0,149.0,,,,,4265.0,54.0,4266.0,95.0,,,4264.5,0.0
2,56000,CROISSANTS,4264.0,117.0,,,,,4265.0,58.0,4266.0,59.0,,,4264.5,0.0
2,56100,CROISSANTS,4265.0,159.0,,,,,4266.0,159.0,,,,,4265.5,0.0
2,56200,CROISSANTS,4265.0,134.0,,,,,4266.0,134.0,,,,,4265.5,0.0
2,56300,CROISSANTS,4265.0,150.0,,,,,4266.0,150.0,,,,,4265.5,0.0
2,56400,CROISSANTS,4264.0,124.0,,,,,4266.0,124.0,,,,,4265.0,0.0
2,56500,CROISSANTS,4264.0,138.0,,,,,4265.0,138.0,,,,,4264.5,0.0
2,56600,CROISSANTS,4264.0,109.0,,,,,4265.0,109.0,,,,,4264.5,0.0
2,56700,CROISSANTS,4264.0,112.0,,,,,4265.0,112.0,,,,,4264.5,0.0
2,56800,CROISSANTS,4264.0,95.0,,,,,4265.0,44.0,4266.0,51.0,,,4264.5,0.0
2,56900,CROISSANTS,4265.0,61.0,4264.0,61.0,,,4266.0,122.0,,,,,4265.5,0.0
2,57000,CROISSANTS,4264.0,127.0,,,,,4266.0,127.0,,,,,4265.0,0.0
2,57100,CROISSANTS,4264.0,117.0,,,,,4265.0,39.0,4266.0,78.0,,,4264.5,0.0
2,57200,CROISSANTS,4264.0,99.0,,,,,4266.0,99.0,,,,,4265.0,0.0
2,57300,CROISSANTS,4265.0,123.0,,,,,4266.0,123.0,,,,,4265.5,0.0
2,57400,CROISSANTS,4265.0,143.0,,,,,4266.0,143.0,,,,,4265.5,0.0
2,57500,CROISSANTS,4265.0,135.0,,,,,4266.0,135.0,,,,,4265.5,0.0
2,57600,CROISSANTS,4265.0,142.0,,,,,4267.0,142.0,,,,,4266.0,0.0
2,57700,CROISSANTS,4265.0,109.0,,,,,4266.0,109.0,,,,,4265.5,0.0
2,57800,CROISSANTS,4265.0,65.0,4264.0,93.0,,,4266.0,158.0,,,,,4265.5,0.0
2,57900,CROISSANTS,4264.0,138.0,,,,,4266.0,138.0,,,,,4265.0,0.0
2,58000,CROISSANTS,4264.0,147.0,,,,,4265.0,147.0,,,,,4264.5,0.0
2,58100,CROISSANTS,4264.0,133.0,,,,,4265.0,133.0,,,,,4264.5,0.0
2,58200,CROISSANTS,4264.0,132.0,,,,,4265.0,132.0,,,,,4264.5,0.0
2,58300,CROISSANTS,4263.0,119.0,,,,,4265.0,119.0,,,,,4264.0,0.0
2,58400,CROISSANTS,4264.0,54.0,4263.0,95.0,,,4265.0,149.0,,,,,4264.5,0.0
2,58500,CROISSANTS,4263.0,158.0,,,,,4265.0,158.0,,,,,4264.0,0.0
2,58600,CROISSANTS,4264.0,43.0,4263.0,77.0,,,4265.0,120.0,,,,,4264.5,0.0
2,58700,CROISSANTS,4264.0,101.0,,,,,4265.0,101.0,,,,,4264.5,0.0
2,58800,CROISSANTS,4264.0,125.0,,,,,4265.0,58.0,4266.0,67.0,,,4264.5,0.0
2,58900,CROISSANTS,4265.0,123.0,,,,,4266.0,123.0,,,,,4265.5,0.0
2,59000,CROISSANTS,4265.0,136.0,,,,,4266.0,136.0,,,,,4265.5,0.0
2,59100,CROISSANTS,4265.0,116.0,,,,,4266.0,116.0,,,,,4265.5,0.0
2,59200,CROISSANTS,4265.0,112.0,,,,,4266.0,112.0,,,,,4265.5,0.0
2,59300,CROISSANTS,4265.0,121.0,,,,,4266.0,121.0,,,,,4265.5,0.0
2,59400,CROISSANTS,4265.0,112.0,,,,,4266.0,62.0,4267.0,50.0,,,4265.5,0.0
2,59500,CROISSANTS,4265.0,149.0,,,,,4267.0,149.0,,,,,4266.0,0.0
2,59600,CROISSANTS,4265.0,108.0,,,,,4267.0,108.0,,,,,4266.0,0.0
2,59700,CROISSANTS,4265.0,122.0,,,,,4267.0,122.0,,,,,4266.0,0.0
2,59800,CROISSANTS,4265.0,125.0,,,,,4267.0,125.0,,,,,4266.0,0.0
2,59900,CROISSANTS,4265.0,38.0,4264.0,76.0,,,4266.0,114.0,,,,,4265.5,0.0
2,60000,CROISSANTS,4264.0,131.0,,,,,4265.0,60.0,4266.0,71.0,,,4264.5,0.0
2,60100,CROISSANTS,4264.0,149.0,,,,,4265.0,52.0,4266.0,97.0,,,4264.5,0.0
2,60200,CROISSANTS,4264.0,117.0,,,,,4266.0,117.0,,,,,4265.0,0.0
2,60300,CROISSANTS,4264.0,122.0,,,,,4265.0,9.0,4266.0,122.0,,,4264.5,0.0
2,60400,CROISSANTS,4265.0,46.0,4264.0,96.0,,,4266.0,142.0,,,,,4265.5,0.0
2,60500,CROISSANTS,4265.0,50.0,4264.0,57.0,,,4266.0,107.0,,,,,4265.5,0.0
2,60600,CROISSANTS,4265.0,51.0,4264.0,79.0,,,4266.0,130.0,,,,,4265.5,0.0
2,60700,CROISSANTS,4265.0,57.0,4264.0,95.0,,,4266.0,152.0,,,,,4265.5,0.0
2,60800,CROISSANTS,4265.0,41.0,4264.0,92.0,,,4266.0,133.0,,,,,4265.5,0.0
2,60900,CROISSANTS,4265.0,148.0,,,,,4266.0,148.0,,,,,4265.5,0.0
2,61000,CROISSANTS,4265.0,64.0,4264.0,67.0,,,4266.0,131.0,,,,,4265.5,0.0
2,61100,CROISSANTS,4265.0,38.0,4264.0,51.0,,,4266.0,89.0,,,,,4265.5,0.0
2,61200,CROISSANTS,4265.0,33.0,4264.0,73.0,,,4266.0,116.0,,,,,4265.5,0.0
2,61300,CROISSANTS,4264.0,99.0,,,,,4266.0,99.0,,,,,4265.0,0.0
2,61400,CROISSANTS,4264.0,116.0,,,,,4265.0,60.0,4266.0,56.0,,,4264.5,0.0
2,61500,CROISSANTS,4264.0,134.0,,,,,4265.0,40.0,4266.0,94.0,,,4264.5,0.0
2,61600,CROISSANTS,4264.0,140.0,,,,,4265.0,140.0,,,,,4264.5,0.0
2,61700,CROISSANTS,4264.0,122.0,,,,,4265.0,117.0,,,,,4264.5,0.0
2,61800,CROISSANTS,4264.0,102.0,,,,,4265.0,102.0,,,,,4264.5,0.0
2,61900,CROISSANTS,4263.0,132.0,,,,,4264.0,54.0,4265.0,78.0,,,4263.5,0.0
2,62000,CROISSANTS,4263.0,98.0,,,,,4265.0,98.0,,,,,4264.0,0.0
2,62100,CROISSANTS,4263.0,117.0,,,,,4264.0,61.0,4265.0,56.0,,,4263.5,0.0
2,62200,CROISSANTS,4263.0,128.0,,,,,4264.0,55.0,4265.0,73.0,,,4263.5,0.0
2,62300,CROISSANTS,4264.0,59.0,4263.0,52.0,,,4265.0,111.0,,,,,4264.5,0.0
2,62400,CROISSANTS,4264.0,55.0,4263.0,95.0,,,4265.0,150.0,,,,,4264.5,0.0
2,62500,CROISSANTS,4264.0,118.0,,,,,4265.0,118.0,,,,,4264.5,0.0
2,62600,CROISSANTS,4264.0,105.0,,,,,4265.0,105.0,,,,,4264.5,0.0
2,62700,CROISSANTS,4264.0,99.0,,,,,4265.0,99.0,,,,,4264.5,0.0
2,62800,CROISSANTS,4264.0,49.0,4263.0,89.0,,,4265.0,138.0,,,,,4264.5,0.0
2,62900,CROISSANTS,4263.0,158.0,,,,,4264.0,59.0,4265.0,99.0,,,4263.5,0.0
2,63000,CROISSANTS,4263.0,103.0,,,,,4265.0,103.0,,,,,4264.0,0.0
2,63100,CROISSANTS,4263.0,151.0,,,,,4265.0,151.0,,,,,4264.0,0.0
2,63200,CROISSANTS,4263.0,150.0,,,,,4264.0,56.0,4265.0,94.0,,,4263.5,0.0
2,63300,CROISSANTS,4263.0,119.0,,,,,4264.0,64.0,4265.0,51.0,,,4263.5,0.0
2,63400,CROISSANTS,4263.0,127.0,,,,,4264.0,44.0,4265.0,83.0,,,4263.5,0.0
2,63500,CROISSANTS,4263.0,136.0,,,,,4264.0,63.0,4265.0,73.0,,,4263.5,0.0
2,63600,CROISSANTS,4262.0,105.0,,,,,4263.0,49.0,4264.0,56.0,,,4262.5,0.0
2,63700,CROISSANTS,4262.0,115.0,,,,,4263.0,45.0,4264.0,70.0,,,4262.5,0.0
2,63800,CROISSANTS,4263.0,35.0,4262.0,53.0,,,4264.0,88.0,,,,,4263.5,0.0
2,63900,CROISSANTS,4264.0,48.0,4263.0,76.0,,,4265.0,124.0,,,,,4264.5,0.0
2,64000,CROISSANTS,4264.0,61.0,4263.0,66.0,,,4265.0,127.0,,,,,4264.5,0.0
2,64100,CROISSANTS,4264.0,45.0,4263.0,80.0,,,4265.0,125.0,,,,,4264.5,0.0
2,64200,CROISSANTS,4263.0,133.0,,,,,4265.0,133.0,,,,,4264.0,0.0
2,64300,CROISSANTS,4263.0,120.0,,,,,4264.0,120.0,,,,,4263.5,0.0
2,64400,CROISSANTS,4262.0,144.0,,,,,4264.0,144.0,,,,,4263.0,0.0
2,64500,CROISSANTS,4262.0,121.0,,,,,4264.0,121.0,,,,,4263.0,0.0
2,64600,CROISSANTS,4262.0,129.0,,,,,4264.0,129.0,,,,,4263.0,0.0
2,64700,CROISSANTS,4263.0,128.0,,,,,4264.0,128.0,,,,,4263.5,0.0
2,64800,CROISSANTS,4263.0,63.0,4262.0,65.0,,,4264.0,128.0,,,,,4263.5,0.0
2,64900,CROISSANTS,4263.0,142.0,,,,,4264.0,62.0,4265.0,80.0,,,4263.5,0.0
2,65000,CROISSANTS,4263.0,123.0,,,,,4265.0,123.0,,,,,4264.0,0.0
2,65100,CROISSANTS,4263.0,148.0,,,,,4264.0,156.0,,,,,4263.5,0.0
2,65200,CROISSANTS,4263.0,65.0,4262.0,52.0,,,4264.0,117.0,,,,,4263.5,0.0
2,65300,CROISSANTS,4262.0,111.0,,,,,4264.0,111.0,,,,,4263.0,0.0
2,65400,CROISSANTS,4262.0,152.0,,,,,4264.0,152.0,,,,,4263.0,0.0
2,65500,CROISSANTS,4263.0,96.0,,,,,4264.0,96.0,,,,,4263.5,0.0
2,65600,CROISSANTS,4263.0,59.0,4262.0,52.0,,,4264.0,111.0,,,,,4263.5,0.0
2,65700,CROISSANTS,4263.0,54.0,4262.0,93.0,,,4264.0,147.0,,,,,4263.5,0.0
2,65800,CROISSANTS,4263.0,44.0,4262.0,56.0,,,4264.0,100.0,,,,,4263.5,0.0
2,65900,CROISSANTS,4263.0,37.0,4262.0,63.0,,,4264.0,100.0,,,,,4263.5,0.0
2,66000,CROISSANTS,4263.0,49.0,4262.0,84.0,,,4264.0,133.0,,,,,4263.5,0.0
2,66100,CROISSANTS,4262.0,125.0,,,,,4264.0,125.0,,,,,4263.0,0.0
2,66200,CROISSANTS,4262.0,122.0,,,,,4263.0,122.0,,,,,4262.5,0.0
2,66300,CROISSANTS,4262.0,117.0,,,,,4263.0,117.0,,,,,4262.5,0.0
2,66400,CROISSANTS,4263.0,62.0,4262.0,66.0,,,4264.0,128.0,,,,,4263.5,0.0
2,66500,CROISSANTS,4263.0,50.0,4262.0,84.0,,,4264.0,134.0,,,,,4263.5,0.0
2,66600,CROISSANTS,4263.0,151.0,,,,,4264.0,61.0,4265.0,90.0,,,4263.5,0.0
2,66700,CROISSANTS,4263.0,102.0,,,,,4264.0,102.0,,,,,4263.5,0.0
2,66800,CROISSANTS,4263.0,54.0,4262.0,88.0,,,4264.0,142.0,,,,,4263.5,0.0
2,66900,CROISSANTS,4263.0,121.0,,,,,4264.0,121.0,,,,,4263.5,0.0
2,67000,CROISSANTS,4263.0,118.0,,,,,4264.0,45.0,4265.0,69.0,,,4263.5,0.0
2,67100,CROISSANTS,4263.0,133.0,,,,,4264.0,60.0,4265.0,73.0,,,4263.5,0.0
2,67200,CROISSANTS,4263.0,107.0,,,,,4264.0,107.0,,,,,4263.5,0.0
2,67300,CROISSANTS,4263.0,50.0,4262.0,84.0,,,4264.0,134.0,,,,,4263.5,0.0
2,67400,CROISSANTS,4262.0,117.0,,,,,4263.0,117.0,,,,,4262.5,0.0
2,67500,CROISSANTS,4262.0,110.0,,,,,4263.0,54.0,4264.0,56.0,,,4262.5,0.0
2,67600,CROISSANTS,4263.0,119.0,,,,,4264.0,119.0,,,,,4263.5,0.0
2,67700,CROISSANTS,4263.0,143.0,,,,,4264.0,143.0,,,,,4263.5,0.0
2,67800,CROISSANTS,4263.0,117.0,,,,,4264.0,117.0,,,,,4263.5,0.0
2,67900,CROISSANTS,4264.0,49.0,4263.0,98.0,,,4265.0,147.0,,,,,4264.5,0.0
2,68000,CROISSANTS,4263.0,117.0,,,,,4264.0,58.0,4265.0,59.0,,,4263.5,0.0
2,68100,CROISSANTS,4263.0,138.0,,,,,4264.0,48.0,4265.0,90.0,,,4263.5,0.0
2,68200,CROISSANTS,4264.0,59.0,4263.0,92.0,,,4265.0,151.0,,,,,4264.5,0.0
2,68300,CROISSANTS,4264.0,109.0,,,,,4265.0,105.0,,,,,4264.5,0.0
2,68400,CROISSANTS,4264.0,64.0,4263.0,95.0,,,4265.0,159.0,,,,,4264.5,0.0
2,68500,CROISSANTS,4264.0,111.0,,,,,4265.0,111.0,,,,,4264.5,0.0
2,68600,CROISSANTS,4264.0,146.0,,,,,4265.0,48.0,4266.0,98.0,,,4264.5,0.0
2,68700,CROISSANTS,4264.0,138.0,,,,,4265.0,51.0,4266.0,87.0,,,4264.5,0.0
2,68800,CROISSANTS,4264.0,112.0,,,,,4265.0,55.0,4266.0,57.0,,,4264.5,0.0
2,68900,CROISSANTS,4264.0,54.0,4263.0,81.0,,,4265.0,135.0,,,,,4264.5,0.0
2,69000,CROISSANTS,4263.0,125.0,,,,,4265.0,125.0,,,,,4264.0,0.0
2,69100,CROISSANTS,4263.0,144.0,,,,,4265.0,144.0,,,,,4264.0,0.0
2,69200,CROISSANTS,4263.0,64.0,4262.0,85.0,,,4264.0,149.0,,,,,4263.5,0.0
2,69300,CROISSANTS,4262.0,111.0,,,,,4264.0,111.0,,,,,4263.0,0.0
2,69400,CROISSANTS,4262.0,132.0,,,,,4264.0,132.0,,,,,4263.0,0.0
2,69500,CROISSANTS,4262.0,114.0,,,,,4263.0,114.0,,,,,4262.5,0.0
2,69600,CROISSANTS,4262.0,118.0,,,,,4264.0,118.0,,,,,4263.0,0.0
2,69700,CROISSANTS,4262.0,129.0,,,,,4264.0,129.0,,,,,4263.0,0.0
2,69800,CROISSANTS,4263.0,49.0,4262.0,88.0,,,4264.0,137.0,,,,,4263.5,0.0
2,69900,CROISSANTS,4263.0,42.0,4262.0,70.0,,,4264.0,112.0,,,,,4263.5,0.0
2,70000,CROISSANTS,4263.0,140.0,,,,,4264.0,140.0,,,,,4263.5,0.0
2,70100,CROISSANTS,4263.0,133.0,,,,,4264.0,133.0,,,,,4263.5,0.0
2,70200,CROISSANTS,4264.0,135.0,,,,,4265.0,135.0,,,,,4264.5,0.0
2,70300,CROISSANTS,4264.0,108.0,,,,,4266.0,108.0,,,,,4265.0,0.0
2,70400,CROISSANTS,4264.0,126.0,,,,,4265.0,36.0,4266.0,90.0,,,4264.5,0.0
2,70500,CROISSANTS,4265.0,53.0,4264.0,51.0,,,4266.0,104.0,,,,,4265.5,0.0
2,70600,CROISSANTS,4264.0,101.0,,,,,4266.0,101.0,,,,,4265.0,0.0
2,70700,CROISSANTS,4265.0,102.0,,,,,4266.0,102.0,,,,,4265.5,0.0
2,70800,CROISSANTS,4265.0,65.0,4264.0,89.0,,,4266.0,154.0,,,,,4265.5,0.0
2,70900,CROISSANTS,4265.0,119.0,,,,,4266.0,119.0,,,,,4265.5,0.0
2,71000,CROISSANTS,4265.0,135.0,,,,,4266.0,135.0,,,,,4265.5,0.0
2,71100,CROISSANTS,4265.0,57.0,4264.0,57.0,,,4266.0,114.0,,,,,4265.5,0.0
2,71200,CROISSANTS,4266.0,126.0,,,,,4267.0,126.0,,,,,4266.5,0.0
2,71300,CROISSANTS,4266.0,153.0,,,,,4267.0,153.0,,,,,4266.5,0.0
2,71400,CROISSANTS,4266.0,165.0,,,,,4267.0,165.0,,,,,4266.5,0.0
2,71500,CROISSANTS,4266.0,124.0,,,,,4267.0,134.0,,,,,4266.5,0.0
2,71600,CROISSANTS,4266.0,64.0,4265.0,87.0,,,4267.0,151.0,,,,,4266.5,0.0
2,71700,CROISSANTS,4266.0,65.0,4265.0,52.0,,,4267.0,117.0,,,,,4266.5,0.0
2,71800,CROISSANTS,4266.0,130.0,,,,,4267.0,130.0,,,,,4266.5,0.0
2,71900,CROISSANTS,4266.0,155.0,,,,,4267.0,155.0,,,,,4266.5,0.0
2,72000,CROISSANTS,4267.0,105.0,,,,,4268.0,105.0,,,,,4267.5,0.0
2,72100,CROISSANTS,4267.0,153.0,,,,,4268.0,53.0,4269.0,100.0,,,4267.5,0.0
2,72200,CROISSANTS,4267.0,147.0,,,,,4268.0,147.0,,,,,4267.5,0.0
2,72300,CROISSANTS,4267.0,115.0,,,,,4268.0,115.0,,,,,4267.5,0.0
2,72400,CROISSANTS,4267.0,140.0,,,,,4268.0,56.0,4269.0,89.0,,,4267.5,0.0
2,72500,CROISSANTS,4267.0,133.0,,,,,4269.0,133.0,,,,,4268.0,0.0
2,72600,CROISSANTS,4267.0,98.0,,,,,4268.0,37.0,4269.0,61.0,,,4267.5,0.0
2,72700,CROISSANTS,4267.0,128.0,,,,,4268.0,128.0,,,,,4267.5,0.0
2,72800,CROISSANTS,4267.0,96.0,,,,,4269.0,96.0,,,,,4268.0,0.0
2,72900,CROISSANTS,4267.0,115.0,,,,,4268.0,115.0,,,,,4267.5,0.0
2,73000,CROISSANTS,4266.0,118.0,,,,,4268.0,118.0,,,,,4267.0,0.0
2,73100,CROISSANTS,4267.0,137.0,,,,,4268.0,137.0,,,,,4267.5,0.0
2,73200,CROISSANTS,4267.0,137.0,,,,,4268.0,62.0,4269.0,75.0,,,4267.5,0.0
2,73300,CROISSANTS,4267.0,125.0,,,,,4268.0,54.0,4269.0,71.0,,,4267.5,0.0
2,73400,CROISSANTS,4267.0,122.0,,,,,4268.0,53.0,4269.0,69.0,,,4267.5,0.0
2,73500,CROISSANTS,4267.0,96.0,,,,,4268.0,96.0,,,,,4267.5,0.0
2,73600,CROISSANTS,4267.0,147.0,,,,,4268.0,63.0,4269.0,84.0,,,4267.5,0.0
2,73700,CROISSANTS,4267.0,129.0,,,,,4268.0,129.0,,,,,4267.5,0.0
2,73800,CROISSANTS,4267.0,160.0,,,,,4268.0,160.0,,,,,4267.5,0.0
2,73900,CROISSANTS,4266.0,102.0,,,,,4267.0,38.0,4268.0,64.0,,,4266.5,0.0
2,74000,CROISSANTS,4266.0,97.0,,,,,4267.0,97.0,,,,,4266.5,0.0
2,74100,CROISSANTS,4266.0,124.0,,,,,4267.0,44.0,4268.0,80.0,,,4266.5,0.0
2,74200,CROISSANTS,4266.0,115.0,,,,,4267.0,115.0,,,,,4266.5,0.0
2,74300,CROISSANTS,4266.0,124.0,,,,,4268.0,124.0,,,,,4267.0,0.0
2,74400,CROISSANTS,4266.0,99.0,,,,,4267.0,105.0,,,,,4266.5,0.0
2,74500,CROISSANTS,4266.0,47.0,4265.0,89.0,,,4267.0,136.0,,,,,4266.5,0.0
2,74600,CROISSANTS,4266.0,131.0,,,,,4268.0,131.0,,,,,4267.0,0.0
2,74700,CROISSANTS,4267.0,123.0,,,,,4268.0,123.0,,,,,4267.5,0.0
2,74800,CROISSANTS,4267.0,118.0,,,,,4268.0,118.0,,,,,4267.5,0.0
2,74900,CROISSANTS,4267.0,59.0,4266.0,67.0,,,4268.0,126.0,,,,,4267.5,0.0
2,75000,CROISSANTS,4267.0,115.0,,,,,4268.0,115.0,,,,,4267.5,0.0
2,75100,CROISSANTS,4266.0,153.0,,,,,4268.0,153.0,,,,,4267.0,0.0
2,75200,CROISSANTS,4267.0,38.0,4266.0,95.0,,,4268.0,133.0,,,,,4267.5,0.0
2,75300,CROISSANTS,4267.0,112.0,,,,,4268.0,112.0,,,,,4267.5,0.0
2,75400,CROISSANTS,4266.0,119.0,,,,,4268.0,119.0,,,,,4267.0,0.0
2,75500,CROISSANTS,4266.0,134.0,,,,,4267.0,134.0,,,,,4266.5,0.0
2,75600,CROISSANTS,4266.0,131.0,,,,,4267.0,131.0,,,,,4266.5,0.0
2,75700,CROISSANTS,4266.0,152.0,,,,,4267.0,152.0,,,,,4266.5,0.0
2,75800,CROISSANTS,4266.0,123.0,,,,,4267.0,123.0,,,,,4266.5,0.0
2,75900,CROISSANTS,4265.0,108.0,,,,,4266.0,108.0,,,,,4265.5,0.0
2,76000,CROISSANTS,4265.0,126.0,,,,,4266.0,126.0,,,,,4265.5,0.0
2,76100,CROISSANTS,4265.0,158.0,,,,,4266.0,158.0,,,,,4265.5,0.0
2,76200,CROISSANTS,4264.0,129.0,,,,,4266.0,129.0,,,,,4265.0,0.0
2,76300,CROISSANTS,4264.0,109.0,,,,,4266.0,109.0,,,,,4265.0,0.0
2,76400,CROISSANTS,4265.0,46.0,4264.0,81.0,,,4266.0,131.0,,,,,4265.5,0.0
2,76500,CROISSANTS,4264.0,143.0,,,,,4265.0,58.0,4266.0,85.0,,,4264.5,0.0
2,76600,CROISSANTS,4264.0,112.0,,,,,4265.0,53.0,4266.0,59.0,,,4264.5,0.0
2,76700,CROISSANTS,4264.0,146.0,,,,,4266.0,137.0,,,,,4265.0,0.0
2,76800,CROISSANTS,4264.0,133.0,,,,,4265.0,62.0,4266.0,78.0,,,4264.5,0.0
2,76900,CROISSANTS,4264.0,109.0,,,,,4265.0,58.0,4266.0,51.0,,,4264.5,0.0
2,77000,CROISSANTS,4264.0,113.0,,,,,4265.0,48.0,4266.0,65.0,,,4264.5,0.0
2,77100,CROISSANTS,4264.0,63.0,4263.0,93.0,,,4265.0,156.0,,,,,4264.5,0.0
2,77200,CROISSANTS,4264.0,116.0,,,,,4265.0,125.0,,,,,4264.5,0.0
2,77300,CROISSANTS,4264.0,132.0,,,,,4265.0,63.0,4266.0,69.0,,,4264.5,0.0
2,77400,CROISSANTS,4263.0,128.0,,,,,4264.0,58.0,4265.0,70.0,,,4263.5,0.0
2,77500,CROISSANTS,4263.0,141.0,,,,,4264.0,56.0,4265.0,89.0,,,4263.5,0.0
2,77600,CROISSANTS,4263.0,103.0,,,,,4265.0,103.0,,,,,4264.0,0.0
2,77700,CROISSANTS,4263.0,144.0,,,,,4264.0,144.0,,,,,4263.5,0.0
2,77800,CROISSANTS,4263.0,110.0,,,,,4264.0,110.0,,,,,4263.5,0.0
2,77900,CROISSANTS,4263.0,134.0,,,,,4264.0,44.0,4265.0,90.0,,,4263.5,0.0
2,78000,CROISSANTS,4263.0,50.0,4262.0,92.0,,,4264.0,142.0,,,,,4263.5,0.0
2,78100,CROISSANTS,4263.0,124.0,,,,,4264.0,124.0,,,,,4263.5,0.0
2,78200,CROISSANTS,4263.0,135.0,,,,,4264.0,135.0,,,,,4263.5,0.0
2,78300,CROISSANTS,4263.0,158.0,,,,,4264.0,158.0,,,,,4263.5,0.0
2,78400,CROISSANTS,4263.0,145.0,,,,,4264.0,61.0,4265.0,84.0,,,4263.5,0.0
2,78500,CROISSANTS,4263.0,49.0,4262.0,83.0,,,4264.0,132.0,,,,,4263.5,0.0
2,78600,CROISSANTS,4263.0,42.0,4262.0,100.0,,,4264.0,142.0,,,,,4263.5,0.0
2,78700,CROISSANTS,4263.0,131.0,,,,,4264.0,131.0,,,,,4263.5,0.0
2,78800,CROISSANTS,4263.0,118.0,,,,,4264.0,65.0,4265.0,53.0,,,4263.5,0.0
2,78900,CROISSANTS,4263.0,107.0,,,,,4264.0,43.0,4265.0,64.0,,,4263.5,0.0
2,79000,CROISSANTS,4264.0,141.0,,,,,4265.0,141.0,,,,,4264.5,0.0
2,79100,CROISSANTS,4264.0,41.0,4263.0,52.0,,,4265.0,93.0,,,,,4264.5,0.0
2,79200,CROISSANTS,4263.0,108.0,,,,,4264.0,116.0,,,,,4263.5,0.0
2,79300,CROISSANTS,4263.0,105.0,,,,,4264.0,105.0,,,,,4263.5,0.0
2,79400,CROISSANTS,4263.0,49.0,4262.0,54.0,,,4264.0,103.0,,,,,4263.5,0.0
2,79500,CROISSANTS,4263.0,121.0,,,,,4264.0,121.0,,,,,4263.5,0.0
2,79600,CROISSANTS,4263.0,135.0,,,,,4264.0,135.0,,,,,4263.5,0.0
2,79700,CROISSANTS,4262.0,127.0,,,,,4264.0,127.0,,,,,4263.0,0.0
2,79800,CROISSANTS,4262.0,107.0,,,,,4264.0,107.0,,,,,4263.0,0.0
2,79900,CROISSANTS,4261.0,138.0,,,,,4263.0,138.0,,,,,4262.0,0.0
2,80000,CROISSANTS,4262.0,40.0,4261.0,66.0,,,4263.0,106.0,,,,,4262.5,0.0
2,80100,CROISSANTS,4261.0,124.0,,,,,4263.0,124.0,,,,,4262.0,0.0
2,80200,CROISSANTS,4262.0,55.0,4261.0,54.0,,,4263.0,109.0,,,,,4262.5,0.0
2,80300,CROISSANTS,4262.0,46.0,4261.0,79.0,,,4263.0,125.0,,,,,4262.5,0.0
2,80400,CROISSANTS,4261.0,125.0,,,,,4263.0,125.0,,,,,4262.0,0.0
2,80500,CROISSANTS,4261.0,146.0,,,,,4263.0,146.0,,,,,4262.0,0.0
2,80600,CROISSANTS,4261.0,105.0,,,,,4263.0,105.0,,,,,4262.0,0.0
2,80700,CROISSANTS,4261.0,127.0,,,,,4263.0,127.0,,,,,4262.0,0.0
2,80800,CROISSANTS,4262.0,62.0,4261.0,94.0,,,4263.0,156.0,,,,,4262.5,0.0
2,80900,CROISSANTS,4262.0,51.0,4261.0,57.0,,,4263.0,108.0,,,,,4262.5,0.0
2,81000,CROISSANTS,4262.0,136.0,,,,,4264.0,136.0,,,,,4263.0,0.0
2,81100,CROISSANTS,4262.0,110.0,,,,,4263.0,110.0,,,,,4262.5,0.0
2,81200,CROISSANTS,4262.0,108.0,,,,,4263.0,108.0,,,,,4262.5,0.0
2,81300,CROISSANTS,4262.0,112.0,,,,,4263.0,112.0,,,,,4262.5,0.0
2,81400,CROISSANTS,4262.0,120.0,,,,,4263.0,120.0,,,,,4262.5,0.0
2,81500,CROISSANTS,4262.0,144.0,,,,,4263.0,144.0,,,,,4262.5,0.0
2,81600,CROISSANTS,4262.0,123.0,,,,,4263.0,123.0,,,,,4262.5,0.0
2,81700,CROISSANTS,4262.0,57.0,4261.0,88.0,,,4263.0,145.0,,,,,4262.5,0.0
2,81800,CROISSANTS,4261.0,126.0,,,,,4263.0,126.0,,,,,4262.0,0.0
2,81900,CROISSANTS,4262.0,42.0,4261.0,70.0,,,4263.0,112.0,,,,,4262.5,0.0
2,82000,CROISSANTS,4262.0,124.0,,,,,4263.0,124.0,,,,,4262.5,0.0
2,82100,CROISSANTS,4262.0,120.0,,,,,4264.0,120.0,,,,,4263.0,0.0
2,82200,CROISSANTS,4263.0,114.0,,,,,4264.0,114.0,,,,,4263.5,0.0
2,82300,CROISSANTS,4263.0,100.0,,,,,4264.0,100.0,,,,,4263.5,0.0
2,82400,CROISSANTS,4263.0,131.0,,,,,4265.0,131.0,,,,,4264.0,0.0
2,82500,CROISSANTS,4264.0,140.0,,,,,4265.0,62.0,4266.0,78.0,,,4264.5,0.0
2,82600,CROISSANTS,4264.0,134.0,,,,,4265.0,134.0,,,,,4264.5,0.0
2,82700,CROISSANTS,4263.0,123.0,,,,,4264.0,43.0,4265.0,80.0,,,4263.5,0.0
2,82800,CROISSANTS,4263.0,139.0,,,,,4264.0,47.0,4265.0,92.0,,,4263.5,0.0
2,82900,CROISSANTS,4263.0,126.0,,,,,4264.0,46.0,4265.0,80.0,,,4263.5,0.0
2,83000,CROISSANTS,4263.0,64.0,4262.0,75.0,,,4264.0,139.0,,,,,4263.5,0.0
2,83100,CROISSANTS,4262.0,112.0,,,,,4264.0,112.0,,,,,4263.0,0.0
2,83200,CROISSANTS,4263.0,37.0,4262.0,73.0,,,4264.0,110.0,,,,,4263.5,0.0
2,83300,CROISSANTS,4262.0,129.0,,,,,4264.0,129.0,,,,,4263.0,0.0
2,83400,CROISSANTS,4263.0,134.0,,,,,4264.0,134.0,,,,,4263.5,0.0
2,83500,CROISSANTS,4262.0,105.0,,,,,4264.0,105.0,,,,,4263.0,0.0
2,83600,CROISSANTS,4262.0,122.0,,,,,4263.0,44.0,4264.0,78.0,,,4262.5,0.0
2,83700,CROISSANTS,4262.0,111.0,,,,,4263.0,48.0,4264.0,63.0,,,4262.5,0.0
2,83800,CROISSANTS,4262.0,142.0,,,,,4263.0,60.0,4264.0,82.0,,,4262.5,0.0
2,83900,CROISSANTS,4262.0,149.0,,,,,4263.0,65.0,4264.0,84.0,,,4262.5,0.0
2,84000,CROISSANTS,4262.0,128.0,,,,,4263.0,128.0,,,,,4262.5,0.0
2,84100,CROISSANTS,4262.0,126.0,,,,,4263.0,126.0,,,,,4262.5,0.0
2,84200,CROISSANTS,4262.0,147.0,,,,,4263.0,147.0,,,,,4262.5,0.0
2,84300,CROISSANTS,4262.0,118.0,,,,,4263.0,118.0,,,,,4262.5,0.0
2,84400,CROISSANTS,4263.0,109.0,,,,,4264.0,100.0,,,,,4263.5,0.0
2,84500,CROISSANTS,4264.0,135.0,,,,,4265.0,56.0,4266.0,79.0,,,4264.5,0.0
2,84600,CROISSANTS,4264.0,113.0,,,,,4265.0,113.0,,,,,4264.5,0.0
2,84700,CROISSANTS,4264.0,140.0,,,,,4265.0,140.0,,,,,4264.5,0.0
2,84800,CROISSANTS,4264.0,122.0,,,,,4265.0,48.0,4266.0,84.0,,,4264.5,0.0
2,84900,CROISSANTS,4265.0,120.0,,,,,4266.0,120.0,,,,,4265.5,0.0
2,85000,CROISSANTS,4264.0,109.0,,,,,4266.0,109.0,,,,,4265.0,0.0
2,85100,CROISSANTS,4264.0,112.0,,,,,4265.0,112.0,,,,,4264.5,0.0
2,85200,CROISSANTS,4264.0,123.0,,,,,4266.0,123.0,,,,,4265.0,0.0
2,85300,CROISSANTS,4264.0,108.0,,,,,4265.0,108.0,,,,,4264.5,0.0
2,85400,CROISSANTS,4264.0,133.0,,,,,4265.0,133.0,,,,,4264.5,0.0
2,85500,CROISSANTS,4263.0,137.0,,,,,4265.0,137.0,,,,,4264.0,0.0
2,85600,CROISSANTS,4263.0,136.0,,,,,4265.0,136.0,,,,,4264.0,0.0
2,85700,CROISSANTS,4263.0,139.0,,,,,4265.0,139.0,,,,,4264.0,0.0
2,85800,CROISSANTS,4263.0,133.0,,,,,4265.0,128.0,,,,,4264.0,0.0
2,85900,CROISSANTS,4264.0,124.0,,,,,4265.0,124.0,,,,,4264.5,0.0
2,86000,CROISSANTS,4264.0,43.0,4263.0,55.0,,,4265.0,98.0,,,,,4264.5,0.0
2,86100,CROISSANTS,4264.0,111.0,,,,,4265.0,38.0,4266.0,73.0,,,4264.5,0.0
2,86200,CROISSANTS,4265.0,66.0,4264.0,91.0,,,4266.0,152.0,,,,,4265.5,0.0
2,86300,CROISSANTS,4264.0,123.0,,,,,4266.0,123.0,,,,,4265.0,0.0
2,86400,CROISSANTS,4265.0,112.0,,,,,4266.0,112.0,,,,,4265.5,0.0
2,86500,CROISSANTS,4265.0,38.0,4264.0,79.0,,,4266.0,117.0,,,,,4265.5,0.0
2,86600,CROISSANTS,4265.0,134.0,,,,,4267.0,134.0,,,,,4266.0,0.0
2,86700,CROISSANTS,4266.0,58.0,4265.0,64.0,,,4267.0,122.0,,,,,4266.5,0.0
2,86800,CROISSANTS,4265.0,121.0,,,,,4267.0,121.0,,,,,4266.0,0.0
2,86900,CROISSANTS,4266.0,45.0,4265.0,72.0,,,4267.0,117.0,,,,,4266.5,0.0
2,87000,CROISSANTS,4266.0,104.0,,,,,4267.0,104.0,,,,,4266.5,0.0
2,87100,CROISSANTS,4266.0,63.0,4265.0,67.0,,,4267.0,130.0,,,,,4266.5,0.0
2,87200,CROISSANTS,4265.0,129.0,,,,,4267.0,129.0,,,,,4266.0,0.0
2,87300,CROISSANTS,4265.0,129.0,,,,,4266.0,63.0,4267.0,66.0,,,4265.5,0.0
2,87400,CROISSANTS,4265.0,136.0,,,,,4266.0,54.0,4267.0,82.0,,,4265.5,0.0
2,87500,CROISSANTS,4265.0,126.0,,,,,4266.0,41.0,4267.0,85.0,,,4265.5,0.0
2,87600,CROISSANTS,4265.0,141.0,,,,,4266.0,141.0,,,,,4265.5,0.0
2,87700,CROISSANTS,4265.0,119.0,,,,,4266.0,119.0,,,,,4265.5,0.0
2,87800,CROISSANTS,4265.0,142.0,,,,,4267.0,142.0,,,,,4266.0,0.0
2,87900,CROISSANTS,4265.0,118.0,,,,,4267.0,118.0,,,,,4266.0,0.0
2,88000,CROISSANTS,4265.0,160.0,,,,,4267.0,160.0,,,,,4266.0,0.0
2,88100,CROISSANTS,4265.0,100.0,,,,,4267.0,100.0,,,,,4266.0,0.0
2,88200,CROISSANTS,4265.0,126.0,,,,,4267.0,126.0,,,,,4266.0,0.0
2,88300,CROISSANTS,4266.0,95.0,,,,,4267.0,95.0,,,,,4266.5,0.0
2,88400,CROISSANTS,4266.0,148.0,,,,,4267.0,148.0,,,,,4266.5,0.0
2,88500,CROISSANTS,4266.0,102.0,,,,,4267.0,110.0,,,,,4266.5,0.0
2,88600,CROISSANTS,4266.0,106.0,,,,,4267.0,42.0,4268.0,64.0,,,4266.5,0.0
2,88700,CROISSANTS,4266.0,135.0,,,,,4267.0,135.0,,,,,4266.5,0.0
2,88800,CROISSANTS,4266.0,119.0,,,,,4267.0,119.0,,,,,4266.5,0.0
2,88900,CROISSANTS,4266.0,118.0,,,,,4268.0,118.0,,,,,4267.0,0.0
2,89000,CROISSANTS,4266.0,146.0,,,,,4268.0,138.0,,,,,4267.0,0.0
2,89100,CROISSANTS,4266.0,120.0,,,,,4268.0,120.0,,,,,4267.0,0.0
2,89200,CROISSANTS,4268.0,117.0,,,,,4269.0,117.0,,,,,4268.5,0.0
2,89300,CROISSANTS,4268.0,132.0,,,,,4269.0,132.0,,,,,4268.5,0.0
2,89400,CROISSANTS,4267.0,42.0,4266.0,54.0,,,4268.0,96.0,,,,,4267.5,0.0
2,89500,CROISSANTS,4266.0,123.0,,,,,4268.0,123.0,,,,,4267.0,0.0
2,89600,CROISSANTS,4266.0,106.0,,,,,4267.0,106.0,,,,,4266.5,0.0
2,89700,CROISSANTS,4266.0,118.0,,,,,4267.0,118.0,,,,,4266.5,0.0
2,89800,CROISSANTS,4266.0,40.0,4265.0,60.0,,,4267.0,110.0,,,,,4266.5,0.0
2,89900,CROISSANTS,4266.0,102.0,,,,,4267.0,102.0,,,,,4266.5,0.0
2,90000,CROISSANTS,4266.0,119.0,,,,,4267.0,119.0,,,,,4266.5,0.0
2,90100,CROISSANTS,4266.0,96.0,,,,,4267.0,96.0,,,,,4266.5,0.0
2,90200,CROISSANTS,4265.0,144.0,,,,,4267.0,144.0,,,,,4266.0,0.0
2,90300,CROISSANTS,4265.0,116.0,,,,,4266.0,48.0,4267.0,68.0,,,4265.5,0.0
2,90400,CROISSANTS,4265.0,139.0,,,,,4266.0,62.0,4267.0,77.0,,,4265.5,0.0
2,90500,CROISSANTS,4265.0,115.0,,,,,4267.0,115.0,,,,,4266.0,0.0
2,90600,CROISSANTS,4265.0,105.0,,,,,4266.0,105.0,,,,,4265.5,0.0
2,90700,CROISSANTS,4265.0,122.0,,,,,4266.0,114.0,,,,,4265.5,0.0
2,90800,CROISSANTS,4265.0,134.0,,,,,4267.0,126.0,,,,,4266.0,0.0
2,90900,CROISSANTS,4265.0,159.0,,,,,4267.0,159.0,,,,,4266.0,0.0
2,91000,CROISSANTS,4266.0,36.0,4265.0,53.0,,,4267.0,89.0,,,,,4266.5,0.0
2,91100,CROISSANTS,4265.0,117.0,,,,,4267.0,117.0,,,,,4266.0,0.0
2,91200,CROISSANTS,4265.0,117.0,,,,,4267.0,117.0,,,,,4266.0,0.0
2,91300,CROISSANTS,4266.0,52.0,4265.0,51.0,,,4267.0,103.0,,,,,4266.5,0.0
2,91400,CROISSANTS,4266.0,64.0,4265.0,79.0,,,4267.0,143.0,,,,,4266.5,0.0
2,91500,CROISSANTS,4265.0,113.0,,,,,4267.0,113.0,,,,,4266.0,0.0
2,91600,CROISSANTS,4265.0,137.0,,,,,4266.0,38.0,4267.0,99.0,,,4265.5,0.0
2,91700,CROISSANTS,4265.0,142.0,,,,,4267.0,142.0,,,,,4266.0,0.0
2,91800,CROISSANTS,4265.0,93.0,,,,,4267.0,93.0,,,,,4266.0,0.0
2,91900,CROISSANTS,4265.0,85.0,,,,,4267.0,85.0,,,,,4266.0,0.0
2,92000,CROISSANTS,4266.0,127.0,,,,,4267.0,127.0,,,,,4266.5,0.0
2,92100,CROISSANTS,4266.0,119.0,,,,,4267.0,119.0,,,,,4266.5,0.0
2,92200,CROISSANTS,4266.0,101.0,,,,,4267.0,101.0,,,,,4266.5,0.0
2,92300,CROISSANTS,4266.0,46.0,4265.0,94.0,,,4267.0,140.0,,,,,4266.5,0.0
2,92400,CROISSANTS,4266.0,103.0,,,,,4267.0,103.0,,,,,4266.5,0.0
2,92500,CROISSANTS,4266.0,138.0,,,,,4267.0,40.0,4268.0,98.0,,,4266.5,0.0
2,92600,CROISSANTS,4266.0,124.0,,,,,4267.0,42.0,4268.0,82.0,,,4266.5,0.0
2,92700,CROISSANTS,4266.0,99.0,,,,,4267.0,99.0,,,,,4266.5,0.0
2,92800,CROISSANTS,4266.0,129.0,,,,,4267.0,129.0,,,,,4266.5,0.0
2,92900,CROISSANTS,4266.0,125.0,,,,,4268.0,125.0,,,,,4267.0,0.0
2,93000,CROISSANTS,4267.0,99.0,,,,,4268.0,99.0,,,,,4267.5,0.0
2,93100,CROISSANTS,4267.0,151.0,,,,,4268.0,151.0,,,,,4267.5,0.0
2,93200,CROISSANTS,4267.0,51.0,4266.0,50.0,,,4268.0,101.0,,,,,4267.5,0.0
2,93300,CROISSANTS,4267.0,142.0,,,,,4268.0,142.0,,,,,4267.5,0.0
2,93400,CROISSANTS,4267.0,44.0,4266.0,87.0,,,4268.0,131.0,,,,,4267.5,0.0
2,93500,CROISSANTS,4267.0,130.0,,,,,4268.0,130.0,,,,,4267.5,0.0
2,93600,CROISSANTS,4267.0,65.0,4266.0,78.0,,,4268.0,143.0,,,,,4267.5,0.0
2,93700,CROISSANTS,4267.0,152.0,,,,,4268.0,152.0,,,,,4267.5,0.0
2,93800,CROISSANTS,4267.0,136.0,,,,,4268.0,136.0,,,,,4267.5,0.0
2,93900,CROISSANTS,4267.0,34.0,4266.0,65.0,,,4268.0,107.0,,,,,4267.5,0.0
2,94000,CROISSANTS,4267.0,130.0,,,,,4268.0,130.0,,,,,4267.5,0.0
2,94100,CROISSANTS,4267.0,151.0,,,,,4268.0,151.0,,,,,4267.5,0.0
2,94200,CROISSANTS,4267.0,88.0,,,,,4268.0,38.0,4269.0,50.0,,,4267.5,0.0
2,94300,CROISSANTS,4267.0,137.0,,,,,4268.0,59.0,4269.0,78.0,,,4267.5,0.0
2,94400,CROISSANTS,4267.0,92.0,,,,,4268.0,92.0,,,,,4267.5,0.0
2,94500,CROISSANTS,4267.0,149.0,,,,,4268.0,149.0,,,,,4267.5,0.0
2,94600,CROISSANTS,4267.0,148.0,,,,,4268.0,148.0,,,,,4267.5,0.0
2,94700,CROISSANTS,4267.0,126.0,,,,,4268.0,126.0,,,,,4267.5,0.0
2,94800,CROISSANTS,4267.0,96.0,,,,,4268.0,96.0,,,,,4267.5,0.0
2,94900,CROISSANTS,4267.0,102.0,,,,,4268.0,46.0,4269.0,56.0,,,4267.5,0.0
2,95000,CROISSANTS,4266.0,141.0,,,,,4268.0,141.0,,,,,4267.0,0.0
2,95100,CROISSANTS,4267.0,40.0,4266.0,72.0,,,4268.0,112.0,,,,,4267.5,0.0
2,95200,CROISSANTS,4267.0,131.0,,,,,4268.0,131.0,,,,,4267.5,0.0
2,95300,CROISSANTS,4267.0,49.0,4266.0,85.0,,,4268.0,134.0,,,,,4267.5,0.0
2,95400,CROISSANTS,4267.0,147.0,,,,,4268.0,147.0,,,,,4267.5,0.0
2,95500,CROISSANTS,4266.0,144.0,,,,,4268.0,138.0,,,,,4267.0,0.0
2,95600,CROISSANTS,4267.0,60.0,4266.0,56.0,,,4268.0,116.0,,,,,4267.5,0.0
2,95700,CROISSANTS,4266.0,144.0,,,,,4267.0,55.0,4268.0,89.0,,,4266.5,0.0
2,95800,CROISSANTS,4266.0,101.0,,,,,4267.0,48.0,4268.0,53.0,,,4266.5,0.0
2,95900,CROISSANTS,4266.0,117.0,,,,,4268.0,117.0,,,,,4267.0,0.0
2,96000,CROISSANTS,4266.0,139.0,,,,,4267.0,41.0,4268.0,98.0,,,4266.5,0.0
2,96100,CROISSANTS,4265.0,98.0,,,,,4267.0,98.0,,,,,4266.0,0.0
2,96200,CROISSANTS,4266.0,121.0,,,,,4267.0,121.0,,,,,4266.5,0.0
2,96300,CROISSANTS,4266.0,100.0,,,,,4267.0,104.0,,,,,4266.5,0.0
2,96400,CROISSANTS,4266.0,139.0,,,,,4267.0,139.0,,,,,4266.5,0.0
2,96500,CROISSANTS,4266.0,121.0,,,,,4267.0,121.0,,,,,4266.5,0.0
2,96600,CROISSANTS,4266.0,152.0,,,,,4267.0,152.0,,,,,4266.5,0.0
2,96700,CROISSANTS,4266.0,102.0,,,,,4267.0,39.0,4268.0,73.0,,,4266.5,0.0
2,96800,CROISSANTS,4266.0,123.0,,,,,4267.0,115.0,,,,,4266.5,0.0
2,96900,CROISSANTS,4265.0,135.0,,,,,4267.0,135.0,,,,,4266.0,0.0
2,97000,CROISSANTS,4265.0,112.0,,,,,4266.0,112.0,,,,,4265.5,0.0
2,97100,CROISSANTS,4265.0,37.0,4264.0,88.0,,,4266.0,125.0,,,,,4265.5,0.0
2,97200,CROISSANTS,4265.0,124.0,,,,,4266.0,124.0,,,,,4265.5,0.0
2,97300,CROISSANTS,4265.0,114.0,,,,,4266.0,114.0,,,,,4265.5,0.0
2,97400,CROISSANTS,4265.0,125.0,,,,,4266.0,125.0,,,,,4265.5,0.0
2,97500,CROISSANTS,4264.0,121.0,,,,,4266.0,121.0,,,,,4265.0,0.0
2,97600,CROISSANTS,4265.0,41.0,4264.0,99.0,,,4266.0,140.0,,,,,4265.5,0.0
2,97700,CROISSANTS,4265.0,60.0,4264.0,96.0,,,4266.0,156.0,,,,,4265.5,0.0
2,97800,CROISSANTS,4265.0,109.0,,,,,4266.0,109.0,,,,,4265.5,0.0
2,97900,CROISSANTS,4265.0,128.0,,,,,4266.0,128.0,,,,,4265.5,0.0
2,98000,CROISSANTS,4265.0,88.0,,,,,4266.0,88.0,,,,,4265.5,0.0
2,98100,CROISSANTS,4265.0,126.0,,,,,4266.0,126.0,,,,,4265.5,0.0
2,98200,CROISSANTS,4266.0,57.0,4265.0,63.0,,,4267.0,120.0,,,,,4266.5,0.0
2,98300,CROISSANTS,4265.0,130.0,,,,,4266.0,43.0,4267.0,87.0,,,4265.5,0.0
2,98400,CROISSANTS,4265.0,110.0,,,,,4266.0,54.0,4267.0,56.0,,,4265.5,0.0
2,98500,CROISSANTS,4265.0,115.0,,,,,4266.0,4.0,4267.0,115.0,,,4265.5,0.0
2,98600,CROISSANTS,4265.0,151.0,,,,,4266.0,62.0,4267.0,89.0,,,4265.5,0.0
2,98700,CROISSANTS,4265.0,146.0,,,,,4266.0,55.0,4267.0,91.0,,,4265.5,0.0
2,98800,CROISSANTS,4265.0,140.0,,,,,4266.0,55.0,4267.0,85.0,,,4265.5,0.0
2,98900,CROISSANTS,4264.0,153.0,,,,,4266.0,153.0,,,,,4265.0,0.0
2,99000,CROISSANTS,4264.0,98.0,,,,,4266.0,98.0,,,,,4265.0,0.0
2,99100,CROISSANTS,4264.0,138.0,,,,,4266.0,138.0,,,,,4265.0,0.0
2,99200,CROISSANTS,4264.0,98.0,,,,,4265.0,98.0,,,,,4264.5,0.0
2,99300,CROISSANTS,4264.0,136.0,,,,,4265.0,136.0,,,,,4264.5,0.0
2,99400,CROISSANTS,4264.0,125.0,,,,,4265.0,125.0,,,,,4264.5,0.0
2,99500,CROISSANTS,4263.0,120.0,,,,,4265.0,120.0,,,,,4264.0,0.0
2,99600,CROISSANTS,4264.0,64.0,4263.0,79.0,,,4265.0,143.0,,,,,4264.5,0.0
2,99700,CROISSANTS,4263.0,101.0,,,,,4265.0,101.0,,,,,4264.0,0.0
2,99800,CROISSANTS,4264.0,52.0,4263.0,51.0,,,4265.0,103.0,,,,,4264.5,0.0
2,99900,CROISSANTS,4262.0,102.0,,,,,4264.0,102.0,,,,,4263.0,0.0
2,100000,CROISSANTS,4263.0,64.0,4262.0,65.0,,,4264.0,129.0,,,,,4263.5,0.0
2,100100,CROISSANTS,4263.0,96.0,,,,,4264.0,96.0,,,,,4263.5,0.0
2,100200,CROISSANTS,4263.0,64.0,4262.0,59.0,,,4264.0,123.0,,,,,4263.5,0.0
2,100300,CROISSANTS,4263.0,92.0,,,,,4264.0,92.0,,,,,4263.5,0.0
2,100400,CROISSANTS,4263.0,37.0,4262.0,83.0,,,4264.0,120.0,,,,,4263.5,0.0
2,100500,CROISSANTS,4263.0,45.0,4262.0,54.0,,,4264.0,99.0,,,,,4263.5,0.0
2,100600,CROISSANTS,4263.0,124.0,,,,,4264.0,124.0,,,,,4263.5,0.0
2,100700,CROISSANTS,4263.0,138.0,,,,,4264.0,44.0,4265.0,85.0,,,4263.5,0.0
2,100800,CROISSANTS,4263.0,136.0,,,,,4264.0,136.0,,,,,4263.5,0.0
2,100900,CROISSANTS,4263.0,41.0,4262.0,82.0,,,4264.0,123.0,,,,,4263.5,0.0
2,101000,CROISSANTS,4262.0,111.0,,,,,4263.0,40.0,4264.0,71.0,,,4262.5,0.0
2,101100,CROISSANTS,4262.0,110.0,,,,,4264.0,110.0,,,,,4263.0,0.0
2,101200,CROISSANTS,4262.0,135.0,,,,,4264.0,135.0,,,,,4263.0,0.0
2,101300,CROISSANTS,4263.0,59.0,4262.0,86.0,,,4264.0,145.0,,,,,4263.5,0.0
2,101400,CROISSANTS,4263.0,55.0,4262.0,67.0,,,4264.0,122.0,,,,,4263.5,0.0
2,101500,CROISSANTS,4263.0,48.0,4262.0,53.0,,,4264.0,101.0,,,,,4263.5,0.0
2,101600,CROISSANTS,4262.0,86.0,,,,,4263.0,35.0,4264.0,51.0,,,4262.5,0.0
2,101700,CROISSANTS,4263.0,52.0,4262.0,78.0,,,4264.0,130.0,,,,,4263.5,0.0
2,101800,CROISSANTS,4262.0,101.0,,,,,4263.0,50.0,4264.0,51.0,,,4262.5,0.0
2,101900,CROISSANTS,4262.0,110.0,,,,,4263.0,46.0,4264.0,64.0,,,4262.5,0.0
2,102000,CROISSANTS,4262.0,113.0,,,,,4263.0,48.0,4264.0,65.0,,,4262.5,0.0
2,102100,CROISSANTS,4262.0,126.0,,,,,4263.0,126.0,,,,,4262.5,0.0
2,102200,CROISSANTS,4262.0,150.0,,,,,4263.0,51.0,4264.0,99.0,,,4262.5,0.0
2,102300,CROISSANTS,4262.0,138.0,,,,,4263.0,138.0,,,,,4262.5,0.0
2,102400,CROISSANTS,4262.0,135.0,,,,,4263.0,135.0,,,,,4262.5,0.0
2,102500,CROISSANTS,4262.0,133.0,,,,,4263.0,133.0,,,,,4262.5,0.0
2,102600,CROISSANTS,4262.0,137.0,,,,,4263.0,56.0,4264.0,81.0,,,4262.5,0.0
2,102700,CROISSANTS,4262.0,94.0,,,,,4263.0,94.0,,,,,4262.5,0.0
2,102800,CROISSANTS,4262.0,132.0,,,,,4263.0,46.0,4264.0,86.0,,,4262.5,0.0
2,102900,CROISSANTS,4262.0,114.0,,,,,4263.0,52.0,4264.0,62.0,,,4262.5,0.0
2,103000,CROISSANTS,4262.0,117.0,,,,,4263.0,117.0,,,,,4262.5,0.0
2,103100,CROISSANTS,4262.0,153.0,,,,,4263.0,153.0,,,,,4262.5,0.0
2,103200,CROISSANTS,4262.0,128.0,,,,,4263.0,51.0,4264.0,77.0,,,4262.5,0.0
2,103300,CROISSANTS,4262.0,127.0,,,,,4263.0,38.0,4264.0,85.0,,,4262.5,0.0
2,103400,CROISSANTS,4262.0,137.0,,,,,4263.0,137.0,,,,,4262.5,0.0
2,103500,CROISSANTS,4262.0,130.0,,,,,4263.0,45.0,4264.0,85.0,,,4262.5,0.0
2,103600,CROISSANTS,4262.0,119.0,,,,,4264.0,119.0,,,,,4263.0,0.0
2,103700,CROISSANTS,4263.0,121.0,,,,,4265.0,121.0,,,,,4264.0,0.0
2,103800,CROISSANTS,4263.0,129.0,,,,,4264.0,42.0,4265.0,87.0,,,4263.5,0.0
2,103900,CROISSANTS,4263.0,123.0,,,,,4264.0,123.0,,,,,4263.5,0.0
2,104000,CROISSANTS,4263.0,132.0,,,,,4264.0,132.0,,,,,4263.5,0.0
2,104100,CROISSANTS,4263.0,131.0,,,,,4264.0,131.0,,,,,4263.5,0.0
2,104200,CROISSANTS,4263.0,130.0,,,,,4264.0,130.0,,,,,4263.5,0.0
2,104300,CROISSANTS,4263.0,61.0,4262.0,98.0,,,4264.0,159.0,,,,,4263.5,0.0
2,104400,CROISSANTS,4263.0,46.0,4262.0,64.0,,,4264.0,110.0,,,,,4263.5,0.0
2,104500,CROISSANTS,4263.0,36.0,4262.0,93.0,,,4264.0,129.0,,,,,4263.5,0.0
2,104600,CROISSANTS,4263.0,43.0,4262.0,75.0,,,4264.0,118.0,,,,,4263.5,0.0
2,104700,CROISSANTS,4263.0,65.0,4262.0,57.0,,,4264.0,122.0,,,,,4263.5,0.0
2,104800,CROISSANTS,4263.0,59.0,4262.0,52.0,,,4264.0,111.0,,,,,4263.5,0.0
2,104900,CROISSANTS,4263.0,159.0,,,,,4264.0,159.0,,,,,4263.5,0.0
2,105000,CROISSANTS,4263.0,50.0,4262.0,77.0,,,4264.0,127.0,,,,,4263.5,0.0
2,105100,CROISSANTS,4263.0,40.0,4262.0,70.0,,,4264.0,116.0,,,,,4263.5,0.0
2,105200,CROISSANTS,4262.0,121.0,,,,,4264.0,121.0,,,,,4263.0,0.0
2,105300,CROISSANTS,4263.0,46.0,4262.0,61.0,,,4264.0,107.0,,,,,4263.5,0.0
2,105400,CROISSANTS,4262.0,115.0,,,,,4264.0,115.0,,,,,4263.0,0.0
2,105500,CROISSANTS,4262.0,116.0,,,,,4263.0,60.0,4264.0,56.0,,,4262.5,0.0
2,105600,CROISSANTS,4262.0,127.0,,,,,4264.0,127.0,,,,,4263.0,0.0
2,105700,CROISSANTS,4262.0,128.0,,,,,4263.0,58.0,4264.0,70.0,,,4262.5,0.0
2,105800,CROISSANTS,4262.0,104.0,,,,,4263.0,48.0,4264.0,56.0,,,4262.5,0.0
2,105900,CROISSANTS,4262.0,99.0,,,,,4263.0,99.0,,,,,4262.5,0.0
2,106000,CROISSANTS,4262.0,101.0,,,,,4263.0,101.0,,,,,4262.5,0.0
2,106100,CROISSANTS,4262.0,133.0,,,,,4263.0,47.0,4264.0,81.0,,,4262.5,0.0
2,106200,CROISSANTS,4262.0,129.0,,,,,4263.0,43.0,4264.0,86.0,,,4262.5,0.0
2,106300,CROISSANTS,4262.0,125.0,,,,,4263.0,63.0,4264.0,62.0,,,4262.5,0.0
2,106400,CROISSANTS,4262.0,110.0,,,,,4264.0,110.0,,,,,4263.0,0.0
2,106500,CROISSANTS,4263.0,153.0,,,,,4264.0,55.0,4265.0,98.0,,,4263.5,0.0
2,106600,CROISSANTS,4264.0,53.0,4263.0,88.0,,,4265.0,141.0,,,,,4264.5,0.0
2,106700,CROISSANTS,4264.0,133.0,,,,,4265.0,60.0,4266.0,73.0,,,4264.5,0.0
2,106800,CROISSANTS,4264.0,142.0,,,,,4265.0,142.0,,,,,4264.5,0.0
2,106900,CROISSANTS,4263.0,132.0,,,,,4265.0,132.0,,,,,4264.0,0.0
2,107000,CROISSANTS,4263.0,125.0,,,,,4264.0,48.0,4265.0,77.0,,,4263.5,0.0
2,107100,CROISSANTS,4263.0,95.0,,,,,4264.0,95.0,,,,,4263.5,0.0
2,107200,CROISSANTS,4263.0,120.0,,,,,4265.0,120.0,,,,,4264.0,0.0
2,107300,CROISSANTS,4263.0,155.0,,,,,4264.0,62.0,4265.0,93.0,,,4263.5,0.0
2,107400,CROISSANTS,4263.0,133.0,,,,,4264.0,45.0,4265.0,88.0,,,4263.5,0.0
2,107500,CROISSANTS,4263.0,113.0,,,,,4264.0,36.0,4265.0,77.0,,,4263.5,0.0
2,107600,CROISSANTS,4263.0,148.0,,,,,4264.0,52.0,4265.0,96.0,,,4263.5,0.0
2,107700,CROISSANTS,4264.0,35.0,4263.0,64.0,,,4265.0,99.0,,,,,4264.5,0.0
2,107800,CROISSANTS,4264.0,111.0,,,,,4265.0,111.0,,,,,4264.5,0.0
2,107900,CROISSANTS,4265.0,45.0,4264.0,100.0,,,4266.0,145.0,,,,,4265.5,0.0
2,108000,CROISSANTS,4265.0,110.0,,,,,4266.0,110.0,,,,,4265.5,0.0
2,108100,CROISSANTS,4265.0,46.0,4264.0,88.0,,,4266.0,134.0,,,,,4265.5,0.0
2,108200,CROISSANTS,4265.0,136.0,,,,,4266.0,136.0,,,,,4265.5,0.0
2,108300,CROISSANTS,4265.0,112.0,,,,,4266.0,112.0,,,,,4265.5,0.0
2,108400,CROISSANTS,4265.0,117.0,,,,,4266.0,117.0,,,,,4265.5,0.0
2,108500,CROISSANTS,4265.0,144.0,,,,,4266.0,53.0,4267.0,91.0,,,4265.5,0.0
2,108600,CROISSANTS,4266.0,118.0,,,,,4267.0,118.0,,,,,4266.5,0.0
2,108700,CROISSANTS,4266.0,126.0,,,,,4267.0,126.0,,,,,4266.5,0.0
2,108800,CROISSANTS,4266.0,123.0,,,,,4267.0,123.0,,,,,4266.5,0.0
2,108900,CROISSANTS,4266.0,131.0,,,,,4267.0,43.0,4268.0,88.0,,,4266.5,0.0
2,109000,CROISSANTS,4266.0,48.0,4265.0,95.0,,,4267.0,143.0,,,,,4266.5,0.0
2,109100,CROISSANTS,4265.0,103.0,,,,,4267.0,103.0,,,,,4266.0,0.0
2,109200,CROISSANTS,4265.0,90.0,,,,,4267.0,90.0,,,,,4266.0,0.0
2,109300,CROISSANTS,4265.0,104.0,,,,,4267.0,104.0,,,,,4266.0,0.0
2,109400,CROISSANTS,4265.0,129.0,,,,,4267.0,129.0,,,,,4266.0,0.0
2,109500,CROISSANTS,4265.0,135.0,,,,,4266.0,135.0,,,,,4265.5,0.0
2,109600,CROISSANTS,4265.0,106.0,,,,,4266.0,106.0,,,,,4265.5,0.0
2,109700,CROISSANTS,4266.0,43.0,4265.0,99.0,,,4267.0,142.0,,,,,4266.5,0.0
2,109800,CROISSANTS,4266.0,122.0,,,,,4267.0,122.0,,,,,4266.5,0.0
2,109900,CROISSANTS,4266.0,110.0,,,,,4267.0,110.0,,,,,4266.5,0.0
2,110000,CROISSANTS,4266.0,149.0,,,,,4267.0,149.0,,,,,4266.5,0.0
2,110100,CROISSANTS,4266.0,144.0,,,,,4267.0,144.0,,,,,4266.5,0.0
2,110200,CROISSANTS,4266.0,111.0,,,,,4267.0,111.0,,,,,4266.5,0.0
2,110300,CROISSANTS,4266.0,38.0,4265.0,83.0,,,4267.0,121.0,,,,,4266.5,0.0
2,110400,CROISSANTS,4266.0,103.0,,,,,4267.0,103.0,,,,,4266.5,0.0
2,110500,CROISSANTS,4266.0,50.0,4265.0,74.0,,,4267.0,124.0,,,,,4266.5,0.0
2,110600,CROISSANTS,4266.0,44.0,4265.0,67.0,,,4267.0,111.0,,,,,4266.5,0.0
2,110700,CROISSANTS,4266.0,48.0,4265.0,83.0,,,4267.0,131.0,,,,,4266.5,0.0
2,110800,CROISSANTS,4266.0,62.0,4265.0,90.0,,,4267.0,152.0,,,,,4266.5,0.0
2,110900,CROISSANTS,4265.0,150.0,,,,,4267.0,150.0,,,,,4266.0,0.0
2,111000,CROISSANTS,4266.0,58.0,4265.0,61.0,,,4267.0,119.0,,,,,4266.5,0.0
2,111100,CROISSANTS,4265.0,153.0,,,,,4267.0,153.0,,,,,4266.0,0.0
2,111200,CROISSANTS,4265.0,122.0,,,,,4266.0,62.0,4267.0,60.0,,,4265.5,0.0
2,111300,CROISSANTS,4265.0,99.0,,,,,4267.0,99.0,,,,,4266.0,0.0
2,111400,CROISSANTS,4265.0,104.0,,,,,4266.0,104.0,,,,,4265.5,0.0
2,111500,CROISSANTS,4265.0,128.0,,,,,4266.0,128.0,,,,,4265.5,0.0
2,111600,CROISSANTS,4265.0,137.0,,,,,4266.0,48.0,4267.0,89.0,,,4265.5,0.0
2,111700,CROISSANTS,4265.0,100.0,,,,,4266.0,54.0,4267.0,55.0,,,4265.5,0.0
2,111800,CROISSANTS,4265.0,131.0,,,,,4266.0,41.0,4267.0,90.0,,,4265.5,0.0
2,111900,CROISSANTS,4265.0,129.0,,,,,4266.0,57.0,4267.0,72.0,,,4265.5,0.0
2,112000,CROISSANTS,4265.0,148.0,,,,,4266.0,148.0,,,,,4265.5,0.0
2,112100,CROISSANTS,4265.0,137.0,,,,,4266.0,137.0,,,,,4265.5,0.0
2,112200,CROISSANTS,4265.0,121.0,,,,,4266.0,121.0,,,,,4265.5,0.0
2,112300,CROISSANTS,4265.0,116.0,,,,,4266.0,116.0,,,,,4265.5,0.0
2,112400,CROISSANTS,4264.0,132.0,,,,,4265.0,132.0,,,,,4264.5,0.0
2,112500,CROISSANTS,4264.0,119.0,,,,,4265.0,119.0,,,,,4264.5,0.0
2,112600,CROISSANTS,4264.0,64.0,4263.0,60.0,,,4265.0,124.0,,,,,4264.5,0.0
2,112700,CROISSANTS,4263.0,122.0,,,,,4265.0,122.0,,,,,4264.0,0.0
2,112800,CROISSANTS,4264.0,37.0,4263.0,68.0,,,4265.0,105.0,,,,,4264.5,0.0
2,112900,CROISSANTS,4264.0,58.0,4263.0,63.0,,,4265.0,121.0,,,,,4264.5,0.0
2,113000,CROISSANTS,4264.0,36.0,4263.0,93.0,,,4265.0,129.0,,,,,4264.5,0.0
2,113100,CROISSANTS,4264.0,63.0,4263.0,53.0,,,4265.0,116.0,,,,,4264.5,0.0
2,113200,CROISSANTS,4264.0,94.0,,,,,4265.0,94.0,,,,,4264.5,0.0
2,113300,CROISSANTS,4264.0,38.0,4263.0,89.0,,,4265.0,127.0,,,,,4264.5,0.0
2,113400,CROISSANTS,4263.0,150.0,,,,,4265.0,150.0,,,,,4264.0,0.0
2,113500,CROISSANTS,4264.0,47.0,4263.0,91.0,,,4265.0,138.0,,,,,4264.5,0.0
2,113600,CROISSANTS,4264.0,36.0,4263.0,55.0,,,4265.0,91.0,,,,,4264.5,0.0
2,113700,CROISSANTS,4264.0,62.0,4263.0,72.0,,,4265.0,134.0,,,,,4264.5,0.0
2,113800,CROISSANTS,4264.0,46.0,4263.0,58.0,,,4265.0,104.0,,,,,4264.5,0.0
2,113900,CROISSANTS,4264.0,37.0,4263.0,79.0,,,4265.0,116.0,,,,,4264.5,0.0
2,114000,CROISSANTS,4264.0,43.0,4263.0,66.0,,,4265.0,109.0,,,,,4264.5,0.0
2,114100,CROISSANTS,4264.0,64.0,4263.0,87.0,,,4265.0,151.0,,,,,4264.5,0.0
2,114200,CROISSANTS,4264.0,154.0,,,,,4265.0,154.0,,,,,4264.5,0.0
2,114300,CROISSANTS,4265.0,49.0,4264.0,75.0,,,4266.0,124.0,,,,,4265.5,0.0
2,114400,CROISSANTS,4265.0,114.0,,,,,4267.0,114.0,,,,,4266.0,0.0
2,114500,CROISSANTS,4265.0,111.0,,,,,4267.0,111.0,,,,,4266.0,0.0
2,114600,CROISSANTS,4266.0,136.0,,,,,4267.0,136.0,,,,,4266.5,0.0
2,114700,CROISSANTS,4266.0,155.0,,,,,4267.0,155.0,,,,,4266.5,0.0
2,114800,CROISSANTS,4266.0,114.0,,,,,4267.0,114.0,,,,,4266.5,0.0
2,114900,CROISSANTS,4265.0,116.0,,,,,4266.0,37.0,4267.0,79.0,,,4265.5,0.0
2,115000,CROISSANTS,4265.0,142.0,,,,,4267.0,142.0,,,,,4266.0,0.0
2,115100,CROISSANTS,4265.0,118.0,,,,,4267.0,118.0,,,,,4266.0,0.0
2,115200,CROISSANTS,4265.0,129.0,,,,,4266.0,41.0,4267.0,88.0,,,4265.5,0.0
2,115300,CROISSANTS,4265.0,112.0,,,,,4266.0,112.0,,,,,4265.5,0.0
2,115400,CROISSANTS,4265.0,146.0,,,,,4266.0,63.0,4267.0,83.0,,,4265.5,0.0
2,115500,CROISSANTS,4265.0,115.0,,,,,4266.0,51.0,4267.0,54.0,,,4265.5,0.0
2,115600,CROISSANTS,4265.0,135.0,,,,,4266.0,135.0,,,,,4265.5,0.0
2,115700,CROISSANTS,4265.0,130.0,,,,,4266.0,49.0,4267.0,81.0,,,4265.5,0.0
2,115800,CROISSANTS,4266.0,40.0,4265.0,84.0,,,4267.0,124.0,,,,,4266.5,0.0
2,115900,CROISSANTS,4266.0,121.0,,,,,4267.0,121.0,,,,,4266.5,0.0
2,116000,CROISSANTS,4266.0,47.0,4265.0,96.0,,,4267.0,143.0,,,,,4266.5,0.0
2,116100,CROISSANTS,4265.0,147.0,,,,,4267.0,147.0,,,,,4266.0,0.0
2,116200,CROISSANTS,4265.0,124.0,,,,,4267.0,124.0,,,,,4266.0,0.0
2,116300,CROISSANTS,4265.0,148.0,,,,,4267.0,148.0,,,,,4266.0,0.0
2,116400,CROISSANTS,4265.0,131.0,,,,,4267.0,131.0,,,,,4266.0,0.0
2,116500,CROISSANTS,4265.0,119.0,,,,,4267.0,119.0,,,,,4266.0,0.0
2,116600,CROISSANTS,4265.0,100.0,,,,,4266.0,41.0,4267.0,59.0,,,4265.5,0.0
2,116700,CROISSANTS,4265.0,110.0,,,,,4266.0,110.0,,,,,4265.5,0.0
2,116800,CROISSANTS,4265.0,87.0,,,,,4266.0,36.0,4267.0,51.0,,,4265.5,0.0
2,116900,CROISSANTS,4265.0,138.0,,,,,4267.0,138.0,,,,,4266.0,0.0
2,117000,CROISSANTS,4265.0,122.0,,,,,4267.0,122.0,,,,,4266.0,0.0
2,117100,CROISSANTS,4266.0,47.0,4265.0,62.0,,,4267.0,109.0,,,,,4266.5,0.0
2,117200,CROISSANTS,4266.0,121.0,,,,,4267.0,47.0,4268.0,74.0,,,4266.5,0.0
2,117300,CROISSANTS,4267.0,41.0,4266.0,84.0,,,4268.0,125.0,,,,,4267.5,0.0
2,117400,CROISSANTS,4266.0,160.0,,,,,4267.0,63.0,4268.0,90.0,,,4266.5,0.0
2,117500,CROISSANTS,4266.0,123.0,,,,,4267.0,123.0,,,,,4266.5,0.0
2,117600,CROISSANTS,4266.0,145.0,,,,,4267.0,145.0,,,,,4266.5,0.0
2,117700,CROISSANTS,4266.0,161.0,,,,,4267.0,161.0,,,,,4266.5,0.0
2,117800,CROISSANTS,4266.0,53.0,4265.0,79.0,,,4267.0,132.0,,,,,4266.5,0.0
2,117900,CROISSANTS,4266.0,108.0,,,,,4267.0,108.0,,,,,4266.5,0.0
2,118000,CROISSANTS,4266.0,102.0,,,,,4267.0,37.0,4268.0,65.0,,,4266.5,0.0
2,118100,CROISSANTS,4267.0,49.0,4266.0,93.0,,,4268.0,137.0,,,,,4267.5,0.0
2,118200,CROISSANTS,4267.0,105.0,,,,,4268.0,42.0,4269.0,63.0,,,4267.5,0.0
2,118300,CROISSANTS,4267.0,102.0,,,,,4268.0,39.0,4269.0,63.0,,,4267.5,0.0
2,118400,CROISSANTS,4267.0,154.0,,,,,4268.0,61.0,4269.0,93.0,,,4267.5,0.0
2,118500,CROISSANTS,4267.0,124.0,,,,,4268.0,43.0,4269.0,81.0,,,4267.5,0.0
2,118600,CROISSANTS,4267.0,133.0,,,,,4268.0,133.0,,,,,4267.5,0.0
2,118700,CROISSANTS,4268.0,132.0,,,,,4269.0,132.0,,,,,4268.5,0.0
2,118800,CROISSANTS,4268.0,139.0,,,,,4269.0,39.0,4270.0,100.0,,,4268.5,0.0
2,118900,CROISSANTS,4268.0,160.0,,,,,4269.0,160.0,,,,,4268.5,0.0
2,119000,CROISSANTS,4268.0,139.0,,,,,4269.0,139.0,,,,,4268.5,0.0
2,119100,CROISSANTS,4268.0,43.0,4267.0,79.0,,,4269.0,122.0,,,,,4268.5,0.0
2,119200,CROISSANTS,4267.0,108.0,,,,,4269.0,108.0,,,,,4268.0,0.0
2,119300,CROISSANTS,4267.0,124.0,,,,,4269.0,124.0,,,,,4268.0,0.0
2,119400,CROISSANTS,4266.0,162.0,,,,,4268.0,162.0,,,,,4267.0,0.0
2,119500,CROISSANTS,4266.0,135.0,,,,,4267.0,135.0,,,,,4266.5,0.0
2,119600,CROISSANTS,4266.0,164.0,,,,,4267.0,164.0,,,,,4266.5,0.0
2,119700,CROISSANTS,4266.0,128.0,,,,,4267.0,128.0,,,,,4266.5,0.0
2,119800,CROISSANTS,4266.0,124.0,,,,,4267.0,124.0,,,,,4266.5,0.0
2,119900,CROISSANTS,4267.0,64.0,4266.0,63.0,,,4268.0,127.0,,,,,4267.5,0.0
2,120000,CROISSANTS,4267.0,97.0,,,,,4268.0,97.0,,,,,4267.5,0.0
2,120100,CROISSANTS,4266.0,136.0,,,,,4268.0,136.0,,,,,4267.0,0.0
2,120200,CROISSANTS,4266.0,61.0,4265.0,97.0,,,4267.0,158.0,,,,,4266.5,0.0
2,120300,CROISSANTS,4266.0,116.0,,,,,4267.0,116.0,,,,,4266.5,0.0
2,120400,CROISSANTS,4266.0,39.0,4265.0,97.0,,,4267.0,136.0,,,,,4266.5,0.0
2,120500,CROISSANTS,4265.0,154.0,,,,,4267.0,154.0,,,,,4266.0,0.0
2,120600,CROISSANTS,4265.0,106.0,,,,,4266.0,50.0,4267.0,56.0,,,4265.5,0.0
2,120700,CROISSANTS,4265.0,116.0,,,,,4267.0,116.0,,,,,4266.0,0.0
2,120800,CROISSANTS,4266.0,137.0,,,,,4267.0,137.0,,,,,4266.5,0.0
2,120900,CROISSANTS,4266.0,124.0,,,,,4267.0,134.0,,,,,4266.5,0.0
2,121000,CROISSANTS,4266.0,113.0,,,,,4267.0,113.0,,,,,4266.5,0.0
2,121100,CROISSANTS,4265.0,132.0,,,,,4267.0,132.0,,,,,4266.0,0.0
2,121200,CROISSANTS,4266.0,129.0,,,,,4267.0,129.0,,,,,4266.5,0.0
2,121300,CROISSANTS,4266.0,35.0,4265.0,73.0,,,4267.0,108.0,,,,,4266.5,0.0
2,121400,CROISSANTS,4265.0,136.0,,,,,4267.0,136.0,,,,,4266.0,0.0
2,121500,CROISSANTS,4265.0,146.0,,,,,4267.0,146.0,,,,,4266.0,0.0
2,121600,CROISSANTS,4266.0,144.0,,,,,4267.0,60.0,4268.0,84.0,,,4266.5,0.0
2,121700,CROISSANTS,4267.0,122.0,,,,,4268.0,122.0,,,,,4267.5,0.0
2,121800,CROISSANTS,4267.0,121.0,,,,,4268.0,51.0,4269.0,70.0,,,4267.5,0.0
2,121900,CROISSANTS,4267.0,125.0,,,,,4268.0,125.0,,,,,4267.5,0.0
2,122000,CROISSANTS,4267.0,136.0,,,,,4268.0,136.0,,,,,4267.5,0.0
2,122100,CROISSANTS,4267.0,127.0,,,,,4268.0,63.0,4269.0,64.0,,,4267.5,0.0
2,122200,CROISSANTS,4268.0,56.0,4267.0,68.0,,,4269.0,124.0,,,,,4268.5,0.0
2,122300,CROISSANTS,4267.0,127.0,,,,,4268.0,127.0,,,,,4267.5,0.0
2,122400,CROISSANTS,4267.0,122.0,,,,,4268.0,122.0,,,,,4267.5,0.0
2,122500,CROISSANTS,4268.0,45.0,4267.0,87.0,,,4269.0,132.0,,,,,4268.5,0.0
2,122600,CROISSANTS,4268.0,122.0,,,,,4269.0,122.0,,,,,4268.5,0.0
2,122700,CROISSANTS,4268.0,38.0,4267.0,99.0,,,4269.0,137.0,,,,,4268.5,0.0
2,122800,CROISSANTS,4267.0,148.0,,,,,4268.0,48.0,4269.0,100.0,,,4267.5,0.0
2,122900,CROISSANTS,4267.0,42.0,4266.0,68.0,,,4268.0,110.0,,,,,4267.5,0.0
2,123000,CROISSANTS,4266.0,48.0,4265.0,98.0,,,4267.0,146.0,,,,,4266.5,0.0
2,123100,CROISSANTS,4266.0,51.0,4265.0,93.0,,,4267.0,144.0,,,,,4266.5,0.0
2,123200,CROISSANTS,4266.0,64.0,4265.0,56.0,,,4267.0,120.0,,,,,4266.5,0.0
2,123300,CROISSANTS,4266.0,100.0,,,,,4267.0,100.0,,,,,4266.5,0.0
2,123400,CROISSANTS,4266.0,151.0,,,,,4267.0,151.0,,,,,4266.5,0.0
2,123500,CROISSANTS,4266.0,108.0,,,,,4267.0,57.0,4268.0,51.0,,,4266.5,0.0
2,123600,CROISSANTS,4266.0,139.0,,,,,4267.0,139.0,,,,,4266.5,0.0
2,123700,CROISSANTS,4266.0,147.0,,,,,4267.0,147.0,,,,,4266.5,0.0
2,123800,CROISSANTS,4266.0,101.0,,,,,4267.0,101.0,,,,,4266.5,0.0
2,123900,CROISSANTS,4266.0,160.0,,,,,4267.0,61.0,4268.0,99.0,,,4266.5,0.0
2,124000,CROISSANTS,4267.0,49.0,4266.0,100.0,,,4268.0,149.0,,,,,4267.5,0.0
2,124100,CROISSANTS,4267.0,122.0,,,,,4268.0,41.0,4269.0,81.0,,,4267.5,0.0
2,124200,CROISSANTS,4267.0,140.0,,,,,4268.0,45.0,4269.0,95.0,,,4267.5,0.0
2,124300,CROISSANTS,4267.0,110.0,,,,,4268.0,54.0,4269.0,66.0,,,4267.5,0.0
2,124400,CROISSANTS,4266.0,134.0,,,,,4268.0,134.0,,,,,4267.0,0.0
2,124500,CROISSANTS,4267.0,41.0,4266.0,84.0,,,4268.0,125.0,,,,,4267.5,0.0
2,124600,CROISSANTS,4266.0,124.0,,,,,4268.0,124.0,,,,,4267.0,0.0
2,124700,CROISSANTS,4267.0,59.0,4266.0,76.0,,,4268.0,135.0,,,,,4267.5,0.0
2,124800,CROISSANTS,4267.0,114.0,,,,,4268.0,114.0,,,,,4267.5,0.0
2,124900,CROISSANTS,4267.0,87.0,,,,,4268.0,87.0,,,,,4267.5,0.0
2,125000,CROISSANTS,4267.0,113.0,,,,,4268.0,41.0,4269.0,72.0,,,4267.5,0.0
2,125100,CROISSANTS,4267.0,132.0,,,,,4268.0,61.0,4269.0,71.0,,,4267.5,0.0
2,125200,CROISSANTS,4267.0,137.0,,,,,4268.0,137.0,,,,,4267.5,0.0
2,125300,CROISSANTS,4267.0,44.0,4266.0,67.0,,,4268.0,111.0,,,,,4267.5,0.0
2,125400,CROISSANTS,4266.0,138.0,,,,,4268.0,138.0,,,,,4267.0,0.0
2,125500,CROISSANTS,4266.0,102.0,,,,,4267.0,102.0,,,,,4266.5,0.0
2,125600,CROISSANTS,4266.0,128.0,,,,,4267.0,128.0,,,,,4266.5,0.0
2,125700,CROISSANTS,4266.0,110.0,,,,,4267.0,110.0,,,,,4266.5,0.0
2,125800,CROISSANTS,4266.0,157.0,,,,,4267.0,157.0,,,,,4266.5,0.0
2,125900,CROISSANTS,4266.0,132.0,,,,,4267.0,53.0,4268.0,79.0,,,4266.5,0.0
2,126000,CROISSANTS,4266.0,134.0,,,,,4267.0,134.0,,,,,4266.5,0.0
2,126100,CROISSANTS,4266.0,117.0,,,,,4267.0,117.0,,,,,4266.5,0.0
2,126200,CROISSANTS,4266.0,112.0,,,,,4267.0,112.0,,,,,4266.5,0.0
2,126300,CROISSANTS,4266.0,108.0,,,,,4267.0,108.0,,,,,4266.5,0.0
2,126400,CROISSANTS,4266.0,108.0,,,,,4267.0,108.0,,,,,4266.5,0.0
2,126500,CROISSANTS,4266.0,123.0,,,,,4267.0,123.0,,,,,4266.5,0.0
2,126600,CROISSANTS,4266.0,115.0,,,,,4267.0,115.0,,,,,4266.5,0.0
2,126700,CROISSANTS,4266.0,97.0,,,,,4267.0,97.0,,,,,4266.5,0.0
2,126800,CROISSANTS,4266.0,93.0,,,,,4267.0,93.0,,,,,4266.5,0.0
2,126900,CROISSANTS,4266.0,131.0,,,,,4267.0,131.0,,,,,4266.5,0.0
2,127000,CROISSANTS,4266.0,142.0,,,,,4267.0,53.0,4268.0,89.0,,,4266.5,0.0
2,127100,CROISSANTS,4266.0,153.0,,,,,4267.0,153.0,,,,,4266.5,0.0
2,127200,CROISSANTS,4266.0,150.0,,,,,4267.0,150.0,,,,,4266.5,0.0
2,127300,CROISSANTS,4266.0,145.0,,,,,4267.0,155.0,,,,,4266.5,0.0
2,127400,CROISSANTS,4266.0,43.0,4265.0,99.0,,,4267.0,142.0,,,,,4266.5,0.0
2,127500,CROISSANTS,4266.0,62.0,4265.0,72.0,,,4267.0,134.0,,,,,4266.5,0.0
2,127600,CROISSANTS,4266.0,43.0,4265.0,94.0,,,4267.0,137.0,,,,,4266.5,0.0
2,127700,CROISSANTS,4265.0,143.0,,,,,4267.0,143.0,,,,,4266.0,0.0
2,127800,CROISSANTS,4265.0,103.0,,,,,4266.0,50.0,4267.0,53.0,,,4265.5,0.0
2,127900,CROISSANTS,4265.0,103.0,,,,,4266.0,49.0,4267.0,54.0,,,4265.5,0.0
2,128000,CROISSANTS,4265.0,102.0,,,,,4266.0,41.0,4267.0,61.0,,,4265.5,0.0
2,128100,CROISSANTS,4265.0,121.0,,,,,4267.0,116.0,,,,,4266.0,0.0
2,128200,CROISSANTS,4265.0,108.0,,,,,4267.0,108.0,,,,,4266.0,0.0
2,128300,CROISSANTS,4265.0,121.0,,,,,4267.0,121.0,,,,,4266.0,0.0
2,128400,CROISSANTS,4265.0,120.0,,,,,4266.0,39.0,4267.0,81.0,,,4265.5,0.0
2,128500,CROISSANTS,4265.0,141.0,,,,,4266.0,141.0,,,,,4265.5,0.0
2,128600,CROISSANTS,4265.0,118.0,,,,,4266.0,46.0,4267.0,72.0,,,4265.5,0.0
2,128700,CROISSANTS,4265.0,143.0,,,,,4266.0,57.0,4267.0,86.0,,,4265.5,0.0
2,128800,CROISSANTS,4265.0,127.0,,,,,4266.0,127.0,,,,,4265.5,0.0
2,128900,CROISSANTS,4265.0,132.0,,,,,4266.0,132.0,,,,,4265.5,0.0
2,129000,CROISSANTS,4265.0,102.0,,,,,4266.0,107.0,,,,,4265.5,0.0
2,129100,CROISSANTS,4265.0,133.0,,,,,4266.0,133.0,,,,,4265.5,0.0
2,129200,CROISSANTS,4265.0,146.0,,,,,4266.0,146.0,,,,,4265.5,0.0
2,129300,CROISSANTS,4265.0,118.0,,,,,4266.0,118.0,,,,,4265.5,0.0
2,129400,CROISSANTS,4265.0,107.0,,,,,4266.0,107.0,,,,,4265.5,0.0
2,129500,CROISSANTS,4265.0,122.0,,,,,4266.0,122.0,,,,,4265.5,0.0
2,129600,CROISSANTS,4265.0,118.0,,,,,4266.0,51.0,4267.0,67.0,,,4265.5,0.0
2,129700,CROISSANTS,4265.0,125.0,,,,,4266.0,125.0,,,,,4265.5,0.0
2,129800,CROISSANTS,4265.0,140.0,,,,,4266.0,57.0,4267.0,83.0,,,4265.5,0.0
2,129900,CROISSANTS,4265.0,113.0,,,,,4266.0,58.0,4267.0,55.0,,,4265.5,0.0
2,130000,CROISSANTS,4265.0,117.0,,,,,4267.0,117.0,,,,,4266.0,0.0
2,130100,CROISSANTS,4266.0,37.0,4265.0,98.0,,,4267.0,135.0,,,,,4266.5,0.0
2,130200,CROISSANTS,4266.0,140.0,,,,,4267.0,140.0,,,,,4266.5,0.0
2,130300,CROISSANTS,4266.0,107.0,,,,,4268.0,107.0,,,,,4267.0,0.0
2,130400,CROISSANTS,4267.0,48.0,4266.0,60.0,,,4268.0,108.0,,,,,4267.5,0.0
2,130500,CROISSANTS,4267.0,134.0,,,,,4268.0,134.0,,,,,4267.5,0.0
2,130600,CROISSANTS,4267.0,36.0,4266.0,62.0,,,4268.0,98.0,,,,,4267.5,0.0
2,130700,CROISSANTS,4266.0,113.0,,,,,4267.0,51.0,4268.0,62.0,,,4266.5,0.0
2,130800,CROISSANTS,4266.0,151.0,,,,,4267.0,53.0,4268.0,98.0,,,4266.5,0.0
2,130900,CROISSANTS,4266.0,167.0,,,,,4268.0,161.0,,,,,4267.0,0.0
2,131000,CROISSANTS,4266.0,133.0,,,,,4267.0,65.0,4268.0,68.0,,,4266.5,0.0
2,131100,CROISSANTS,4266.0,149.0,,,,,4267.0,65.0,4268.0,84.0,,,4266.5,0.0
2,131200,CROISSANTS,4266.0,106.0,,,,,4267.0,106.0,,,,,4266.5,0.0
2,131300,CROISSANTS,4266.0,145.0,,,,,4267.0,45.0,4268.0,100.0,,,4266.5,0.0
2,131400,CROISSANTS,4266.0,108.0,,,,,4267.0,37.0,4268.0,71.0,,,4266.5,0.0
2,131500,CROISSANTS,4266.0,157.0,,,,,4267.0,65.0,4268.0,92.0,,,4266.5,0.0
2,131600,CROISSANTS,4266.0,150.0,,,,,4267.0,150.0,,,,,4266.5,0.0
2,131700,CROISSANTS,4266.0,40.0,4265.0,90.0,,,4267.0,130.0,,,,,4266.5,0.0
2,131800,CROISSANTS,4266.0,62.0,4265.0,55.0,,,4267.0,117.0,,,,,4266.5,0.0
2,131900,CROISSANTS,4265.0,139.0,,,,,4267.0,139.0,,,,,4266.0,0.0
2,132000,CROISSANTS,4265.0,102.0,,,,,4267.0,102.0,,,,,4266.0,0.0
2,132100,CROISSANTS,4265.0,138.0,,,,,4266.0,138.0,,,,,4265.5,0.0
2,132200,CROISSANTS,4265.0,150.0,,,,,4266.0,160.0,,,,,4265.5,0.0
2,132300,CROISSANTS,4265.0,112.0,,,,,4266.0,112.0,,,,,4265.5,0.0
2,132400,CROISSANTS,4265.0,116.0,,,,,4266.0,116.0,,,,,4265.5,0.0
2,132500,CROISSANTS,4265.0,92.0,,,,,4267.0,92.0,,,,,4266.0,0.0
2,132600,CROISSANTS,4265.0,120.0,,,,,4266.0,63.0,4267.0,57.0,,,4265.5,0.0
2,132700,CROISSANTS,4266.0,50.0,4265.0,58.0,,,4267.0,108.0,,,,,4266.5,0.0
2,132800,CROISSANTS,4266.0,117.0,,,,,4267.0,117.0,,,,,4266.5,0.0
2,132900,CROISSANTS,4266.0,138.0,,,,,4267.0,138.0,,,,,4266.5,0.0
2,133000,CROISSANTS,4266.0,138.0,,,,,4268.0,138.0,,,,,4267.0,0.0
2,133100,CROISSANTS,4267.0,38.0,4266.0,54.0,,,4268.0,92.0,,,,,4267.5,0.0
2,133200,CROISSANTS,4267.0,54.0,4266.0,60.0,,,4268.0,114.0,,,,,4267.5,0.0
2,133300,CROISSANTS,4267.0,65.0,4266.0,93.0,,,4268.0,158.0,,,,,4267.5,0.0
2,133400,CROISSANTS,4267.0,64.0,4266.0,66.0,,,4268.0,130.0,,,,,4267.5,0.0
2,133500,CROISSANTS,4267.0,46.0,4266.0,98.0,,,4268.0,144.0,,,,,4267.5,0.0
2,133600,CROISSANTS,4267.0,35.0,4266.0,83.0,,,4268.0,118.0,,,,,4267.5,0.0
2,133700,CROISSANTS,4267.0,141.0,,,,,4268.0,141.0,,,,,4267.5,0.0
2,133800,CROISSANTS,4267.0,124.0,,,,,4268.0,124.0,,,,,4267.5,0.0
2,133900,CROISSANTS,4267.0,120.0,,,,,4268.0,120.0,,,,,4267.5,0.0
2,134000,CROISSANTS,4267.0,160.0,,,,,4268.0,152.0,,,,,4267.5,0.0
2,134100,CROISSANTS,4267.0,86.0,,,,,4268.0,86.0,,,,,4267.5,0.0
2,134200,CROISSANTS,4267.0,117.0,,,,,4268.0,117.0,,,,,4267.5,0.0
2,134300,CROISSANTS,4267.0,125.0,,,,,4268.0,125.0,,,,,4267.5,0.0
2,134400,CROISSANTS,4267.0,162.0,,,,,4268.0,162.0,,,,,4267.5,0.0
2,134500,CROISSANTS,4267.0,54.0,4266.0,87.0,,,4268.0,141.0,,,,,4267.5,0.0
2,134600,CROISSANTS,4267.0,36.0,4266.0,88.0,,,4268.0,124.0,,,,,4267.5,0.0
2,134700,CROISSANTS,4267.0,53.0,4266.0,55.0,,,4268.0,108.0,,,,,4267.5,0.0
2,134800,CROISSANTS,4267.0,42.0,4266.0,74.0,,,4268.0,116.0,,,,,4267.5,0.0
2,134900,CROISSANTS,4267.0,119.0,,,,,4268.0,119.0,,,,,4267.5,0.0
2,135000,CROISSANTS,4267.0,38.0,4266.0,72.0,,,4268.0,110.0,,,,,4267.5,0.0
2,135100,CROISSANTS,4266.0,147.0,,,,,4268.0,147.0,,,,,4267.0,0.0
2,135200,CROISSANTS,4266.0,124.0,,,,,4267.0,64.0,4268.0,60.0,,,4266.5,0.0
2,135300,CROISSANTS,4266.0,135.0,,,,,4267.0,135.0,,,,,4266.5,0.0
2,135400,CROISSANTS,4266.0,115.0,,,,,4267.0,115.0,,,,,4266.5,0.0
2,135500,CROISSANTS,4266.0,102.0,,,,,4267.0,102.0,,,,,4266.5,0.0
2,135600,CROISSANTS,4266.0,43.0,4265.0,75.0,,,4267.0,118.0,,,,,4266.5,0.0
2,135700,CROISSANTS,4266.0,106.0,,,,,4267.0,106.0,,,,,4266.5,0.0
2,135800,CROISSANTS,4266.0,111.0,,,,,4267.0,111.0,,,,,4266.5,0.0
2,135900,CROISSANTS,4266.0,47.0,4265.0,59.0,,,4267.0,106.0,,,,,4266.5,0.0
2,136000,CROISSANTS,4266.0,106.0,,,,,4267.0,106.0,,,,,4266.5,0.0
2,136100,CROISSANTS,4266.0,105.0,,,,,4267.0,105.0,,,,,4266.5,0.0
2,136200,CROISSANTS,4266.0,151.0,,,,,4267.0,151.0,,,,,4266.5,0.0
2,136300,CROISSANTS,4266.0,143.0,,,,,4267.0,143.0,,,,,4266.5,0.0
2,136400,CROISSANTS,4266.0,156.0,,,,,4267.0,156.0,,,,,4266.5,0.0
2,136500,CROISSANTS,4267.0,45.0,4266.0,58.0,,,4268.0,103.0,,,,,4267.5,0.0
2,136600,CROISSANTS,4267.0,109.0,,,,,4268.0,55.0,4269.0,54.0,,,4267.5,0.0
2,136700,CROISSANTS,4267.0,106.0,,,,,4268.0,41.0,4269.0,65.0,,,4267.5,0.0
2,136800,CROISSANTS,4267.0,149.0,,,,,4269.0,149.0,,,,,4268.0,0.0
2,136900,CROISSANTS,4267.0,113.0,,,,,4268.0,47.0,4269.0,66.0,,,4267.5,0.0
2,137000,CROISSANTS,4267.0,123.0,,,,,4268.0,127.0,,,,,4267.5,0.0
2,137100,CROISSANTS,4267.0,127.0,,,,,4268.0,55.0,4269.0,72.0,,,4267.5,0.0
2,137200,CROISSANTS,4267.0,118.0,,,,,4268.0,45.0,4269.0,73.0,,,4267.5,0.0
2,137300,CROISSANTS,4267.0,120.0,,,,,4269.0,120.0,,,,,4268.0,0.0
2,137400,CROISSANTS,4267.0,109.0,,,,,4268.0,109.0,,,,,4267.5,0.0
2,137500,CROISSANTS,4267.0,118.0,,,,,4268.0,118.0,,,,,4267.5,0.0
2,137600,CROISSANTS,4267.0,44.0,4266.0,81.0,,,4268.0,125.0,,,,,4267.5,0.0
2,137700,CROISSANTS,4267.0,98.0,,,,,4268.0,98.0,,,,,4267.5,0.0
2,137800,CROISSANTS,4266.0,123.0,,,,,4268.0,123.0,,,,,4267.0,0.0
2,137900,CROISSANTS,4267.0,51.0,4266.0,97.0,,,4268.0,148.0,,,,,4267.5,0.0
2,138000,CROISSANTS,4267.0,58.0,4266.0,74.0,,,4268.0,122.0,,,,,4267.5,0.0
2,138100,CROISSANTS,4267.0,114.0,,,,,4268.0,114.0,,,,,4267.5,0.0
2,138200,CROISSANTS,4267.0,126.0,,,,,4268.0,126.0,,,,,4267.5,0.0
2,138300,CROISSANTS,4267.0,132.0,,,,,4268.0,132.0,,,,,4267.5,0.0
2,138400,CROISSANTS,4267.0,104.0,,,,,4268.0,104.0,,,,,4267.5,0.0
2,138500,CROISSANTS,4267.0,45.0,4266.0,99.0,,,4268.0,144.0,,,,,4267.5,0.0
2,138600,CROISSANTS,4267.0,148.0,,,,,4268.0,148.0,,,,,4267.5,0.0
2,138700,CROISSANTS,4267.0,147.0,,,,,4268.0,147.0,,,,,4267.5,0.0
2,138800,CROISSANTS,4267.0,107.0,,,,,4268.0,107.0,,,,,4267.5,0.0
2,138900,CROISSANTS,4267.0,114.0,,,,,4268.0,38.0,4269.0,76.0,,,4267.5,0.0
2,139000,CROISSANTS,4267.0,118.0,,,,,4268.0,57.0,4269.0,61.0,,,4267.5,0.0
2,139100,CROISSANTS,4267.0,148.0,,,,,4269.0,148.0,,,,,4268.0,0.0
2,139200,CROISSANTS,4267.0,117.0,,,,,4268.0,54.0,4269.0,63.0,,,4267.5,0.0
2,139300,CROISSANTS,4267.0,95.0,,,,,4268.0,40.0,4269.0,60.0,,,4267.5,0.0
2,139400,CROISSANTS,4267.0,113.0,,,,,4268.0,51.0,4269.0,62.0,,,4267.5,0.0
2,139500,CROISSANTS,4267.0,102.0,,,,,4268.0,41.0,4269.0,61.0,,,4267.5,0.0
2,139600,CROISSANTS,4267.0,136.0,,,,,4268.0,47.0,4269.0,89.0,,,4267.5,0.0
2,139700,CROISSANTS,4267.0,123.0,,,,,4268.0,39.0,4269.0,84.0,,,4267.5,0.0
2,139800,CROISSANTS,4267.0,106.0,,,,,4268.0,42.0,4269.0,64.0,,,4267.5,0.0
2,139900,CROISSANTS,4267.0,139.0,,,,,4268.0,65.0,4269.0,74.0,,,4267.5,0.0
2,140000,CROISSANTS,4267.0,95.0,,,,,4268.0,43.0,4269.0,52.0,,,4267.5,0.0
2,140100,CROISSANTS,4266.0,113.0,,,,,4268.0,113.0,,,,,4267.0,0.0
2,140200,CROISSANTS,4266.0,51.0,4265.0,82.0,,,4267.0,133.0,,,,,4266.5,0.0
2,140300,CROISSANTS,4266.0,52.0,4265.0,56.0,,,4267.0,108.0,,,,,4266.5,0.0
2,140400,CROISSANTS,4265.0,122.0,,,,,4267.0,122.0,,,,,4266.0,0.0
2,140500,CROISSANTS,4266.0,141.0,,,,,4267.0,141.0,,,,,4266.5,0.0
2,140600,CROISSANTS,4266.0,154.0,,,,,4267.0,154.0,,,,,4266.5,0.0
2,140700,CROISSANTS,4266.0,119.0,,,,,4267.0,119.0,,,,,4266.5,0.0
2,140800,CROISSANTS,4266.0,140.0,,,,,4267.0,140.0,,,,,4266.5,0.0
2,140900,CROISSANTS,4266.0,58.0,4265.0,86.0,,,4267.0,144.0,,,,,4266.5,0.0
2,141000,CROISSANTS,4266.0,35.0,4265.0,62.0,,,4267.0,97.0,,,,,4266.5,0.0
2,141100,CROISSANTS,4266.0,38.0,4265.0,65.0,,,4267.0,103.0,,,,,4266.5,0.0
2,141200,CROISSANTS,4265.0,125.0,,,,,4266.0,37.0,4267.0,88.0,,,4265.5,0.0
2,141300,CROISSANTS,4265.0,117.0,,,,,4267.0,117.0,,,,,4266.0,0.0
2,141400,CROISSANTS,4266.0,94.0,,,,,4267.0,94.0,,,,,4266.5,0.0
2,141500,CROISSANTS,4266.0,60.0,4265.0,92.0,,,4267.0,152.0,,,,,4266.5,0.0
2,141600,CROISSANTS,4266.0,47.0,4265.0,94.0,,,4267.0,141.0,,,,,4266.5,0.0
2,141700,CROISSANTS,4265.0,140.0,,,,,4266.0,140.0,,,,,4265.5,0.0
2,141800,CROISSANTS,4265.0,62.0,4264.0,81.0,,,4266.0,143.0,,,,,4265.5,0.0
2,141900,CROISSANTS,4265.0,64.0,4264.0,66.0,,,4266.0,130.0,,,,,4265.5,0.0
2,142000,CROISSANTS,4264.0,131.0,,,,,4266.0,131.0,,,,,4265.0,0.0
2,142100,CROISSANTS,4264.0,133.0,,,,,4266.0,133.0,,,,,4265.0,0.0
2,142200,CROISSANTS,4265.0,37.0,4264.0,98.0,,,4266.0,135.0,,,,,4265.5,0.0
2,142300,CROISSANTS,4265.0,38.0,4264.0,82.0,,,4266.0,120.0,,,,,4265.5,0.0
2,142400,CROISSANTS,4264.0,120.0,,,,,4266.0,120.0,,,,,4265.0,0.0
2,142500,CROISSANTS,4264.0,108.0,,,,,4266.0,108.0,,,,,4265.0,0.0
2,142600,CROISSANTS,4264.0,97.0,,,,,4266.0,97.0,,,,,4265.0,0.0
2,142700,CROISSANTS,4264.0,140.0,,,,,4266.0,140.0,,,,,4265.0,0.0
2,142800,CROISSANTS,4264.0,41.0,4263.0,72.0,,,4265.0,113.0,,,,,4264.5,0.0
2,142900,CROISSANTS,4264.0,98.0,,,,,4265.0,98.0,,,,,4264.5,0.0
2,143000,CROISSANTS,4264.0,123.0,,,,,4265.0,48.0,4266.0,66.0,,,4264.5,0.0
2,143100,CROISSANTS,4264.0,116.0,,,,,4265.0,44.0,4266.0,72.0,,,4264.5,0.0
2,143200,CROISSANTS,4265.0,44.0,4264.0,74.0,,,4266.0,118.0,,,,,4265.5,0.0
2,143300,CROISSANTS,4265.0,38.0,4264.0,56.0,,,4266.0,94.0,,,,,4265.5,0.0
2,143400,CROISSANTS,4264.0,139.0,,,,,4266.0,139.0,,,,,4265.0,0.0
2,143500,CROISSANTS,4265.0,41.0,4264.0,64.0,,,4266.0,105.0,,,,,4265.5,0.0
2,143600,CROISSANTS,4264.0,141.0,,,,,4266.0,141.0,,,,,4265.0,0.0
2,143700,CROISSANTS,4264.0,150.0,,,,,4265.0,150.0,,,,,4264.5,0.0
2,143800,CROISSANTS,4264.0,51.0,4263.0,74.0,,,4265.0,125.0,,,,,4264.5,0.0
2,143900,CROISSANTS,4263.0,148.0,,,,,4264.0,156.0,,,,,4263.5,0.0
2,144000,CROISSANTS,4263.0,152.0,,,,,4264.0,152.0,,,,,4263.5,0.0
2,144100,CROISSANTS,4263.0,140.0,,,,,4264.0,140.0,,,,,4263.5,0.0
2,144200,CROISSANTS,4263.0,140.0,,,,,4264.0,140.0,,,,,4263.5,0.0
2,144300,CROISSANTS,4263.0,52.0,4262.0,54.0,,,4264.0,112.0,,,,,4263.5,0.0
2,144400,CROISSANTS,4262.0,114.0,,,,,4263.0,52.0,4264.0,55.0,,,4262.5,0.0
2,144500,CROISSANTS,4262.0,95.0,,,,,4264.0,95.0,,,,,4263.0,0.0
2,144600,CROISSANTS,4263.0,128.0,,,,,4264.0,128.0,,,,,4263.5,0.0
2,144700,CROISSANTS,4263.0,144.0,,,,,4264.0,144.0,,,,,4263.5,0.0
2,144800,CROISSANTS,4263.0,62.0,4262.0,85.0,,,4264.0,147.0,,,,,4263.5,0.0
2,144900,CROISSANTS,4263.0,36.0,4262.0,74.0,,,4264.0,110.0,,,,,4263.5,0.0
2,145000,CROISSANTS,4263.0,49.0,4262.0,80.0,,,4264.0,129.0,,,,,4263.5,0.0
2,145100,CROISSANTS,4263.0,54.0,4262.0,94.0,,,4264.0,148.0,,,,,4263.5,0.0
2,145200,CROISSANTS,4263.0,45.0,4262.0,61.0,,,4264.0,106.0,,,,,4263.5,0.0
2,145300,CROISSANTS,4262.0,151.0,,,,,4264.0,151.0,,,,,4263.0,0.0
2,145400,CROISSANTS,4262.0,162.0,,,,,4263.0,162.0,,,,,4262.5,0.0
2,145500,CROISSANTS,4261.0,150.0,,,,,4263.0,150.0,,,,,4262.0,0.0
2,145600,CROISSANTS,4262.0,52.0,4261.0,54.0,,,4263.0,106.0,,,,,4262.5,0.0
2,145700,CROISSANTS,4261.0,135.0,,,,,4263.0,135.0,,,,,4262.0,0.0
2,145800,CROISSANTS,4262.0,63.0,4261.0,84.0,,,4263.0,147.0,,,,,4262.5,0.0
2,145900,CROISSANTS,4262.0,47.0,4261.0,56.0,,,4263.0,103.0,,,,,4262.5,0.0
2,146000,CROISSANTS,4262.0,145.0,,,,,4263.0,145.0,,,,,4262.5,0.0
2,146100,CROISSANTS,4262.0,39.0,4261.0,61.0,,,4263.0,100.0,,,,,4262.5,0.0
2,146200,CROISSANTS,4262.0,119.0,,,,,4263.0,114.0,,,,,4262.5,0.0
2,146300,CROISSANTS,4262.0,134.0,,,,,4263.0,134.0,,,,,4262.5,0.0
