timestamp,buyer,seller,symbol,currency,price,quantity
0,Caesar,Paris,CROISSANTS,SEASHELLS,4265.0,8
200,Paris,Caesar,CROISSANTS,SEASHELLS,4266.0,8
600,Paris,Caesar,CROISSANTS,SEASHELLS,4266.0,5
1600,Caesar,Paris,CROISSANTS,SEASHELLS,4267.0,8
5000,Caesar,Camilla,CROISSANTS,SEASHELLS,4267.0,4
6400,Paris,Caesar,CROISSANTS,SEASHELLS,4266.0,8
7100,Caesar,Camilla,CROISSANTS,SEASHELLS,4266.0,7
7200,Caesar,Camilla,CROISSANTS,SEASHELLS,4267.0,5
7900,Caesar,Paris,CROISSANTS,SEASHELLS,4267.0,8
10000,Caesar,Paris,CROISSANTS,SEASHELLS,4269.0,8
12700,Caesar,Paris,CROISSANTS,SEASHELLS,4266.0,7
13700,Caesar,Paris,CROISSANTS,SEASHELLS,4267.0,7
14200,Caesar,Paris,CROISSANTS,SEASHELLS,4268.0,6
14400,Caesar,Camilla,CROISSANTS,SEASHELLS,4268.0,9
14800,Caesar,Camilla,CROISSANTS,SEASHELLS,4267.0,10
15000,Caesar,Paris,CROISSANTS,SEASHELLS,4267.0,5
15800,Paris,Caesar,CROISSANTS,SEASHELLS,4267.0,7
16900,Paris,Caesar,CROISSANTS,SEASHELLS,4266.0,5
19000,Caesar,Paris,CROISSANTS,SEASHELLS,4265.0,7
19900,Caesar,Paris,CROISSANTS,SEASHELLS,4263.0,5
20300,Paris,Caesar,CROISSANTS,SEASHELLS,4264.0,6
21600,Caesar,Paris,CROISSANTS,SEASHELLS,4264.0,8
21800,Paris,Caesar,CROISSANTS,SEASHELLS,4265.0,7
24400,Caesar,Camilla,CROISSANTS,SEASHELLS,4263.0,9
25800,Paris,Caesar,CROISSANTS,SEASHELLS,4265.0,8
26800,Caesar,Camilla,CROISSANTS,SEASHELLS,4264.0,8
27900,Caesar,Paris,CROISSANTS,SEASHELLS,4264.0,8
30800,Caesar,Paris,CROISSANTS,SEASHELLS,4266.0,6
32600,Caesar,Camilla,CROISSANTS,SEASHELLS,4269.0,9
33200,Caesar,Camilla,CROISSANTS,SEASHELLS,4268.0,9
34700,Paris,Caesar,CROISSANTS,SEASHELLS,4271.0,5
35400,Paris,Caesar,CROISSANTS,SEASHELLS,4271.0,5
37000,Paris,Caesar,CROISSANTS,SEASHELLS,4270.0,7
37400,Caesar,Camilla,CROISSANTS,SEASHELLS,4268.0,7
39600,Paris,Caesar,CROISSANTS,SEASHELLS,4273.0,6
39900,Caesar,Paris,CROISSANTS,SEASHELLS,4272.0,6
40500,Paris,Caesar,CROISSANTS,SEASHELLS,4272.0,5
41600,Paris,Caesar,CROISSANTS,SEASHELLS,4269.0,8
42200,Caesar,Paris,CROISSANTS,SEASHELLS,4267.0,6
43200,Caesar,Paris,CROISSANTS,SEASHELLS,4267.0,8
44100,Caesar,Paris,CROISSANTS,SEASHELLS,4266.0,7
46500,Caesar,Paris,CROISSANTS,SEASHELLS,4265.0,5
46800,Paris,Caesar,CROISSANTS,SEASHELLS,4266.0,6
47200,Caesar,Paris,CROISSANTS,SEASHELLS,4265.0,7
47700,Caesar,Paris,CROISSANTS,SEASHELLS,4265.0,5
47800,Paris,Caesar,CROISSANTS,SEASHELLS,4266.0,7
49200,Caesar,Paris,CROISSANTS,SEASHELLS,4265.0,8
49600,Caesar,Camilla,CROISSANTS,SEASHELLS,4266.0,6
50500,Caesar,Camilla,CROISSANTS,SEASHELLS,4265.0,6
53400,Caesar,Paris,CROISSANTS,SEASHELLS,4266.0,6
53900,Caesar,Paris,CROISSANTS,SEASHELLS,4265.0,7
55100,Caesar,Paris,CROISSANTS,SEASHELLS,4264.0,7
55200,Paris,Caesar,CROISSANTS,SEASHELLS,4265.0,5
56100,Paris,Caesar,CROISSANTS,SEASHELLS,4266.0,8
59200,Caesar,Paris,CROISSANTS,SEASHELLS,4265.0,6
59800,Caesar,Paris,CROISSANTS,SEASHELLS,4265.0,8
61200,Caesar,Camilla,CROISSANTS,SEASHELLS,4265.0,10
64100,Paris,Caesar,CROISSANTS,SEASHELLS,4265.0,6
65100,Caesar,Camilla,CROISSANTS,SEASHELLS,4263.0,8
65200,Paris,Caesar,CROISSANTS,SEASHELLS,4264.0,5
65300,Paris,Caesar,CROISSANTS,SEASHELLS,4264.0,6
65400,Paris,Caesar,CROISSANTS,SEASHELLS,4264.0,8
65500,Paris,Caesar,CROISSANTS,SEASHELLS,4264.0,5
68400,Paris,Caesar,CROISSANTS,SEASHELLS,4265.0,6
69800,Caesar,Paris,CROISSANTS,SEASHELLS,4263.0,5
70600,Paris,Caesar,CROISSANTS,SEASHELLS,4266.0,8
71100,Paris,Caesar,CROISSANTS,SEASHELLS,4266.0,5
71500,Caesar,Camilla,CROISSANTS,SEASHELLS,4266.0,10
72400,Caesar,Camilla,CROISSANTS,SEASHELLS,4267.0,5
72600,Caesar,Paris,CROISSANTS,SEASHELLS,4267.0,7
74400,Caesar,Camilla,CROISSANTS,SEASHELLS,4266.0,6
74400,Paris,Caesar,CROISSANTS,SEASHELLS,4267.0,5
75100,Caesar,Paris,CROISSANTS,SEASHELLS,4266.0,6
76400,Caesar,Camilla,CROISSANTS,SEASHELLS,4265.0,4
76500,Paris,Caesar,CROISSANTS,SEASHELLS,4265.0,5
76800,Caesar,Camilla,CROISSANTS,SEASHELLS,4264.0,7
76900,Caesar,Paris,CROISSANTS,SEASHELLS,4264.0,5
77200,Caesar,Camilla,CROISSANTS,SEASHELLS,4264.0,9
77500,Caesar,Camilla,CROISSANTS,SEASHELLS,4263.0,4
79000,Paris,Caesar,CROISSANTS,SEASHELLS,4265.0,8
79200,Caesar,Camilla,CROISSANTS,SEASHELLS,4263.0,8
80500,Caesar,Paris,CROISSANTS,SEASHELLS,4261.0,5
80800,Paris,Caesar,CROISSANTS,SEASHELLS,4263.0,5
81600,Caesar,Paris,CROISSANTS,SEASHELLS,4262.0,8
81700,Paris,Caesar,CROISSANTS,SEASHELLS,4263.0,5
82800,Caesar,Paris,CROISSANTS,SEASHELLS,4263.0,5
83100,Paris,Caesar,CROISSANTS,SEASHELLS,4264.0,8
84800,Caesar,Camilla,CROISSANTS,SEASHELLS,4264.0,10
85600,Caesar,Paris,CROISSANTS,SEASHELLS,4263.0,8
88500,Caesar,Camilla,CROISSANTS,SEASHELLS,4266.0,8
89500,Paris,Caesar,CROISSANTS,SEASHELLS,4268.0,7
89800,Caesar,Camilla,CROISSANTS,SEASHELLS,4266.0,10
91800,Caesar,Paris,CROISSANTS,SEASHELLS,4265.0,6
93900,Caesar,Camilla,CROISSANTS,SEASHELLS,4267.0,8
96300,Caesar,Camilla,CROISSANTS,SEASHELLS,4266.0,4
96700,Caesar,Camilla,CROISSANTS,SEASHELLS,4266.0,10
98100,Paris,Caesar,CROISSANTS,SEASHELLS,4266.0,5
99400,Paris,Caesar,CROISSANTS,SEASHELLS,4265.0,8
102300,Paris,Caesar,CROISSANTS,SEASHELLS,4263.0,7
102900,Caesar,Paris,CROISSANTS,SEASHELLS,4262.0,7
103600,Caesar,Paris,CROISSANTS,SEASHELLS,4262.0,5
105100,Caesar,Camilla,CROISSANTS,SEASHELLS,4263.0,6
107000,Paris,Caesar,CROISSANTS,SEASHELLS,4264.0,5
108100,Paris,Caesar,CROISSANTS,SEASHELLS,4266.0,7
109400,Caesar,Paris,CROISSANTS,SEASHELLS,4265.0,6
110000,Caesar,Paris,CROISSANTS,SEASHELLS,4266.0,7
110700,Caesar,Paris,CROISSANTS,SEASHELLS,4266.0,6
111500,Paris,Caesar,CROISSANTS,SEASHELLS,4266.0,6
111700,Caesar,Camilla,CROISSANTS,SEASHELLS,4265.0,9
114700,Paris,Caesar,CROISSANTS,SEASHELLS,4267.0,6
116900,Caesar,Paris,CROISSANTS,SEASHELLS,4265.0,8
119800,Paris,Caesar,CROISSANTS,SEASHELLS,4267.0,8
120000,Caesar,Paris,CROISSANTS,SEASHELLS,4267.0,5
120100,Caesar,Paris,CROISSANTS,SEASHELLS,4266.0,8
120300,Caesar,Paris,CROISSANTS,SEASHELLS,4266.0,7
120900,Caesar,Camilla,CROISSANTS,SEASHELLS,4266.0,10
122900,Caesar,Paris,CROISSANTS,SEASHELLS,4267.0,6
123200,Caesar,Paris,CROISSANTS,SEASHELLS,4266.0,6
124300,Caesar,Camilla,CROISSANTS,SEASHELLS,4267.0,10
126400,Caesar,Paris,CROISSANTS,SEASHELLS,4266.0,8
127300,Caesar,Camilla,CROISSANTS,SEASHELLS,4266.0,10
127700,Paris,Caesar,CROISSANTS,SEASHELLS,4267.0,8
128200,Caesar,Paris,CROISSANTS,SEASHELLS,4265.0,5
129000,Caesar,Camilla,CROISSANTS,SEASHELLS,4265.0,5
129900,Paris,Caesar,CROISSANTS,SEASHELLS,4266.0,5
130200,Caesar,Paris,CROISSANTS,SEASHELLS,4266.0,8
130300,Paris,Caesar,CROISSANTS,SEASHELLS,4268.0,8
130500,Caesar,Paris,CROISSANTS,SEASHELLS,4267.0,7
131400,Paris,Caesar,CROISSANTS,SEASHELLS,4267.0,5
132200,Caesar,Camilla,CROISSANTS,SEASHELLS,4265.0,10
134600,Paris,Caesar,CROISSANTS,SEASHELLS,4268.0,8
134800,Paris,Caesar,CROISSANTS,SEASHELLS,4268.0,5
136600,Caesar,Paris,CROISSANTS,SEASHELLS,4267.0,7
137000,Caesar,Camilla,CROISSANTS,SEASHELLS,4267.0,4
138200,Paris,Caesar,CROISSANTS,SEASHELLS,4268.0,8
138300,Caesar,Paris,CROISSANTS,SEASHELLS,4267.0,6
139300,Caesar,Camilla,CROISSANTS,SEASHELLS,4267.0,5
140100,Paris,Caesar,CROISSANTS,SEASHELLS,4268.0,6
140400,Paris,Caesar,CROISSANTS,SEASHELLS,4267.0,7
141000,Paris,Caesar,CROISSANTS,SEASHELLS,4267.0,5
141900,Caesar,Paris,CROISSANTS,SEASHELLS,4265.0,7
142200,Caesar,Paris,CROISSANTS,SEASHELLS,4265.0,8
142300,Caesar,Paris,CROISSANTS,SEASHELLS,4265.0,6
142500,Paris,Caesar,CROISSANTS,SEASHELLS,4266.0,5
143900,Caesar,Camilla,CROISSANTS,SEASHELLS,4263.0,8
144000,Paris,Caesar,CROISSANTS,SEASHELLS,4264.0,5
144300,Caesar,Camilla,CROISSANTS,SEASHELLS,4263.0,6
145400,Paris,Caesar,CROISSANTS,SEASHELLS,4263.0,6
146400,Paris,Caesar,CROISSANTS,SEASHELLS,4263.0,7
147800,Caesar,Paris,CROISSANTS,SEASHELLS,4262.0,5
153300,Caesar,Paris,CROISSANTS,SEASHELLS,4261.0,7
153700,Paris,Caesar,CROISSANTS,SEASHELLS,4263.0,5
154000,Caesar,Camilla,CROISSANTS,SEASHELLS,4262.0,4
154600,Caesar,Camilla,CROISSANTS,SEASHELLS,4262.0,5
154700,Paris,Caesar,CROISSANTS,SEASHELLS,4264.0,8
156900,Paris,Caesar,CROISSANTS,SEASHELLS,4265.0,7
158800,Caesar,Paris,CROISSANTS,SEASHELLS,4265.0,7
160000,Caesar,Paris,CROISSANTS,SEASHELLS,4266.0,8
161100,Paris,Caesar,CROISSANTS,SEASHELLS,4267.0,6
162500,Caesar,Camilla,CROISSANTS,SEASHELLS,4267.0,7
165600,Caesar,Paris,CROISSANTS,SEASHELLS,4270.0,7
167300,Caesar,Paris,CROISSANTS,SEASHELLS,4270.0,7
167700,Caesar,Paris,CROISSANTS,SEASHELLS,4268.0,6
168500,Caesar,Paris,CROISSANTS,SEASHELLS,4269.0,5
170400,Caesar,Paris,CROISSANTS,SEASHELLS,4268.0,7
171900,Caesar,Camilla,CROISSANTS,SEASHELLS,4270.0,10
173100,Caesar,Paris,CROISSANTS,SEASHELLS,4270.0,8
173200,Caesar,Paris,CROISSANTS,SEASHELLS,4270.0,5
174800,Caesar,Paris,CROISSANTS,SEASHELLS,4274.0,8
176200,Paris,Caesar,CROISSANTS,SEASHELLS,4277.0,6
176800,Paris,Caesar,CROISSANTS,SEASHELLS,4277.0,7
177000,Caesar,Paris,CROISSANTS,SEASHELLS,4275.0,7
177200,Paris,Caesar,CROISSANTS,SEASHELLS,4276.0,7
178000,Caesar,Paris,CROISSANTS,SEASHELLS,4275.0,7
179300,Paris,Caesar,CROISSANTS,SEASHELLS,4275.0,5
181600,Paris,Caesar,CROISSANTS,SEASHELLS,4276.0,5
182700,Paris,Caesar,CROISSANTS,SEASHELLS,4276.0,5
182900,Caesar,Camilla,CROISSANTS,SEASHELLS,4275.0,5
183600,Caesar,Camilla,CROISSANTS,SEASHELLS,4273.0,4
183600,Caesar,Paris,CROISSANTS,SEASHELLS,4273.0,8
183800,Caesar,Camilla,CROISSANTS,SEASHELLS,4272.0,9
184500,Paris,Caesar,CROISSANTS,SEASHELLS,4274.0,5
184900,Caesar,Camilla,CROISSANTS,SEASHELLS,4273.0,7
185400,Paris,Caesar,CROISSANTS,SEASHELLS,4274.0,8
188300,Caesar,Paris,CROISSANTS,SEASHELLS,4272.0,6
188800,Caesar,Paris,CROISSANTS,SEASHELLS,4272.0,6
189000,Paris,Caesar,CROISSANTS,SEASHELLS,4272.0,5
189800,Paris,Caesar,CROISSANTS,SEASHELLS,4272.0,6
190400,Paris,Caesar,CROISSANTS,SEASHELLS,4272.0,5
191600,Paris,Caesar,CROISSANTS,SEASHELLS,4273.0,8
191800,Caesar,Paris,CROISSANTS,SEASHELLS,4272.0,6
192400,Caesar,Paris,CROISSANTS,SEASHELLS,4273.0,6
192700,Caesar,Paris,CROISSANTS,SEASHELLS,4273.0,5
194100,Caesar,Camilla,CROISSANTS,SEASHELLS,4275.0,4
194400,Paris,Caesar,CROISSANTS,SEASHELLS,4276.0,7
198700,Caesar,Camilla,CROISSANTS,SEASHELLS,4277.0,8
201600,Caesar,Olivia,CROISSANTS,SEASHELLS,4278.0,3
202000,Paris,Caesar,CROISSANTS,SEASHELLS,4279.0,5
203300,Caesar,Paris,CROISSANTS,SEASHELLS,4277.0,5
203500,Caesar,Paris,CROISSANTS,SEASHELLS,4276.0,6
203800,Paris,Caesar,CROISSANTS,SEASHELLS,4276.0,6
206000,Caesar,Paris,CROISSANTS,SEASHELLS,4276.0,8
206200,Caesar,Paris,CROISSANTS,SEASHELLS,4276.0,7
207300,Caesar,Paris,CROISSANTS,SEASHELLS,4276.0,6
207800,Caesar,Camilla,CROISSANTS,SEASHELLS,4275.0,4
208800,Paris,Caesar,CROISSANTS,SEASHELLS,4277.0,5
209200,Paris,Caesar,CROISSANTS,SEASHELLS,4277.0,8
209800,Paris,Caesar,CROISSANTS,SEASHELLS,4276.0,6
210200,Caesar,Paris,CROISSANTS,SEASHELLS,4273.0,5
211000,Paris,Caesar,CROISSANTS,SEASHELLS,4273.0,5
212200,Paris,Caesar,CROISSANTS,SEASHELLS,4274.0,7
213200,Caesar,Camilla,CROISSANTS,SEASHELLS,4271.0,8
216100,Caesar,Paris,CROISSANTS,SEASHELLS,4269.0,6
217000,Caesar,Paris,CROISSANTS,SEASHELLS,4269.0,5
219000,Caesar,Paris,CROISSANTS,SEASHELLS,4271.0,7
219100,Paris,Caesar,CROISSANTS,SEASHELLS,4272.0,7
219200,Caesar,Paris,CROISSANTS,SEASHELLS,4271.0,7
219600,Caesar,Paris,CROISSANTS,SEASHELLS,4271.0,7
219900,Paris,Caesar,CROISSANTS,SEASHELLS,4272.0,7
220200,Caesar,Paris,CROISSANTS,SEASHELLS,4270.0,7
220900,Caesar,Paris,CROISSANTS,SEASHELLS,4270.0,7
221400,Caesar,Paris,CROISSANTS,SEASHELLS,4271.0,7
222000,Caesar,Camilla,CROISSANTS,SEASHELLS,4270.0,9
222400,Paris,Caesar,CROISSANTS,SEASHELLS,4271.0,7
223600,Caesar,Paris,CROISSANTS,SEASHELLS,4271.0,8
224700,Paris,Caesar,CROISSANTS,SEASHELLS,4274.0,7
225200,Paris,Caesar,CROISSANTS,SEASHELLS,4274.0,8
226400,Caesar,Paris,CROISSANTS,SEASHELLS,4273.0,6
227100,Paris,Caesar,CROISSANTS,SEASHELLS,4274.0,5
227700,Paris,Caesar,CROISSANTS,SEASHELLS,4272.0,5
228300,Caesar,Camilla,CROISSANTS,SEASHELLS,4271.0,9
231500,Caesar,Paris,CROISSANTS,SEASHELLS,4271.0,7
231800,Paris,Caesar,CROISSANTS,SEASHELLS,4273.0,5
232100,Caesar,Paris,CROISSANTS,SEASHELLS,4274.0,6
232200,Caesar,Camilla,CROISSANTS,SEASHELLS,4275.0,4
234300,Paris,Caesar,CROISSANTS,SEASHELLS,4275.0,7
237400,Caesar,Paris,CROISSANTS,SEASHELLS,4272.0,7
238800,Caesar,Camilla,CROISSANTS,SEASHELLS,4272.0,7
240300,Paris,Caesar,CROISSANTS,SEASHELLS,4274.0,6
242500,Paris,Caesar,CROISSANTS,SEASHELLS,4274.0,8
243300,Paris,Caesar,CROISSANTS,SEASHELLS,4274.0,5
244000,Paris,Caesar,CROISSANTS,SEASHELLS,4273.0,6
244300,Caesar,Paris,CROISSANTS,SEASHELLS,4272.0,8
244400,Caesar,Camilla,CROISSANTS,SEASHELLS,4272.0,8
245700,Caesar,Paris,CROISSANTS,SEASHELLS,4270.0,8
248700,Caesar,Camilla,CROISSANTS,SEASHELLS,4270.0,10
249300,Caesar,Paris,CROISSANTS,SEASHELLS,4269.0,5
249900,Caesar,Paris,CROISSANTS,SEASHELLS,4269.0,7
251000,Paris,Caesar,CROISSANTS,SEASHELLS,4270.0,5
253600,Caesar,Camilla,CROISSANTS,SEASHELLS,4269.0,9
254700,Caesar,Paris,CROISSANTS,SEASHELLS,4270.0,6
255000,Paris,Caesar,CROISSANTS,SEASHELLS,4271.0,5
255500,Caesar,Paris,CROISSANTS,SEASHELLS,4270.0,6
257900,Caesar,Paris,CROISSANTS,SEASHELLS,4272.0,8
259900,Paris,Caesar,CROISSANTS,SEASHELLS,4274.0,6
260100,Paris,Caesar,CROISSANTS,SEASHELLS,4274.0,5
262000,Paris,Caesar,CROISSANTS,SEASHELLS,4271.0,6
262300,Paris,Caesar,CROISSANTS,SEASHELLS,4271.0,6
263000,Caesar,Paris,CROISSANTS,SEASHELLS,4270.0,8
263500,Caesar,Paris,CROISSANTS,SEASHELLS,4270.0,5
266400,Caesar,Paris,CROISSANTS,SEASHELLS,4269.0,6
267400,Paris,Caesar,CROISSANTS,SEASHELLS,4269.0,8
268200,Paris,Caesar,CROISSANTS,SEASHELLS,4269.0,8
269800,Caesar,Camilla,CROISSANTS,SEASHELLS,4266.0,6
270400,Paris,Caesar,CROISSANTS,SEASHELLS,4267.0,5
270900,Paris,Caesar,CROISSANTS,SEASHELLS,4267.0,8
271700,Paris,Caesar,CROISSANTS,SEASHELLS,4267.0,7
272800,Paris,Caesar,CROISSANTS,SEASHELLS,4266.0,6
275800,Caesar,Camilla,CROISSANTS,SEASHELLS,4263.0,8
276000,Paris,Caesar,CROISSANTS,SEASHELLS,4264.0,7
276200,Caesar,Camilla,CROISSANTS,SEASHELLS,4263.0,4
276700,Paris,Caesar,CROISSANTS,SEASHELLS,4264.0,6
277500,Caesar,Camilla,CROISSANTS,SEASHELLS,4263.0,5
278200,Caesar,Camilla,CROISSANTS,SEASHELLS,4263.0,6
282300,Paris,Caesar,CROISSANTS,SEASHELLS,4264.0,6
286500,Caesar,Paris,CROISSANTS,SEASHELLS,4262.0,6
289300,Caesar,Paris,CROISSANTS,SEASHELLS,4259.0,8
289500,Caesar,Paris,CROISSANTS,SEASHELLS,4259.0,5
291600,Caesar,Paris,CROISSANTS,SEASHELLS,4258.0,6
292300,Paris,Caesar,CROISSANTS,SEASHELLS,4260.0,8
292700,Caesar,Camilla,CROISSANTS,SEASHELLS,4259.0,9
294200,Paris,Caesar,CROISSANTS,SEASHELLS,4261.0,5
294400,Caesar,Camilla,CROISSANTS,SEASHELLS,4259.0,7
297100,Paris,Caesar,CROISSANTS,SEASHELLS,4262.0,8
298500,Caesar,Paris,CROISSANTS,SEASHELLS,4260.0,6
299700,Caesar,Camilla,CROISSANTS,SEASHELLS,4259.0,8
301100,Caesar,Paris,CROISSANTS,SEASHELLS,4260.0,8
301300,Caesar,Camilla,CROISSANTS,SEASHELLS,4260.0,6
301600,Paris,Caesar,CROISSANTS,SEASHELLS,4261.0,5
301700,Caesar,Camilla,CROISSANTS,SEASHELLS,4260.0,6
302200,Caesar,Camilla,CROISSANTS,SEASHELLS,4261.0,10
302700,Caesar,Paris,CROISSANTS,SEASHELLS,4261.0,8
303600,Caesar,Camilla,CROISSANTS,SEASHELLS,4260.0,8
304300,Paris,Caesar,CROISSANTS,SEASHELLS,4259.0,5
304900,Paris,Caesar,CROISSANTS,SEASHELLS,4259.0,7
305000,Paris,Caesar,CROISSANTS,SEASHELLS,4258.0,8
306200,Caesar,Paris,CROISSANTS,SEASHELLS,4257.0,6
306700,Paris,Caesar,CROISSANTS,SEASHELLS,4258.0,6
306900,Caesar,Paris,CROISSANTS,SEASHELLS,4256.0,5
308000,Paris,Caesar,CROISSANTS,SEASHELLS,4256.0,7
308500,Caesar,Paris,CROISSANTS,SEASHELLS,4255.0,6
308800,Paris,Caesar,CROISSANTS,SEASHELLS,4257.0,5
309200,Caesar,Paris,CROISSANTS,SEASHELLS,4255.0,5
309500,Paris,Caesar,CROISSANTS,SEASHELLS,4256.0,7
312000,Caesar,Paris,CROISSANTS,SEASHELLS,4256.0,6
312700,Paris,Caesar,CROISSANTS,SEASHELLS,4256.0,5
313100,Caesar,Paris,CROISSANTS,SEASHELLS,4254.0,6
313300,Caesar,Paris,CROISSANTS,SEASHELLS,4254.0,8
314400,Caesar,Paris,CROISSANTS,SEASHELLS,4254.0,8
316900,Paris,Caesar,CROISSANTS,SEASHELLS,4256.0,8
317600,Paris,Caesar,CROISSANTS,SEASHELLS,4256.0,6
319000,Caesar,Camilla,CROISSANTS,SEASHELLS,4255.0,7
319900,Caesar,Camilla,CROISSANTS,SEASHELLS,4257.0,4
320200,Caesar,Paris,CROISSANTS,SEASHELLS,4258.0,7
320600,Caesar,Paris,CROISSANTS,SEASHELLS,4258.0,8
321900,Paris,Caesar,CROISSANTS,SEASHELLS,4259.0,8
322400,Paris,Caesar,CROISSANTS,SEASHELLS,4259.0,8
323800,Paris,Caesar,CROISSANTS,SEASHELLS,4257.0,5
324100,Caesar,Paris,CROISSANTS,SEASHELLS,4257.0,5
325300,Paris,Caesar,CROISSANTS,SEASHELLS,4258.0,7
325700,Paris,Caesar,CROISSANTS,SEASHELLS,4259.0,8
327500,Caesar,Paris,CROISSANTS,SEASHELLS,4258.0,6
327600,Paris,Caesar,CROISSANTS,SEASHELLS,4259.0,6
328900,Paris,Caesar,CROISSANTS,SEASHELLS,4260.0,5
329500,Caesar,Paris,CROISSANTS,SEASHELLS,4258.0,5
330200,Caesar,Camilla,CROISSANTS,SEASHELLS,4257.0,9
330900,Caesar,Camilla,CROISSANTS,SEASHELLS,4258.0,10
332300,Paris,Caesar,CROISSANTS,SEASHELLS,4258.0,8
333400,Caesar,Paris,CROISSANTS,SEASHELLS,4256.0,7
333800,Caesar,Camilla,CROISSANTS,SEASHELLS,4257.0,8
335800,Paris,Caesar,CROISSANTS,SEASHELLS,4259.0,6
336700,Caesar,Paris,CROISSANTS,SEASHELLS,4258.0,6
337800,Paris,Caesar,CROISSANTS,SEASHELLS,4259.0,5
338500,Paris,Caesar,CROISSANTS,SEASHELLS,4259.0,8
341600,Paris,Caesar,CROISSANTS,SEASHELLS,4258.0,8
343000,Caesar,Paris,CROISSANTS,SEASHELLS,4257.0,5
343100,Caesar,Camilla,CROISSANTS,SEASHELLS,4257.0,9
343500,Paris,Caesar,CROISSANTS,SEASHELLS,4258.0,5
344800,Caesar,Paris,CROISSANTS,SEASHELLS,4254.0,5
345300,Paris,Caesar,CROISSANTS,SEASHELLS,4256.0,7
345400,Caesar,Paris,CROISSANTS,SEASHELLS,4254.0,5
347100,Caesar,Camilla,CROISSANTS,SEASHELLS,4256.0,9
347200,Caesar,Camilla,CROISSANTS,SEASHELLS,4255.0,8
347400,Paris,Caesar,CROISSANTS,SEASHELLS,4257.0,5
349600,Paris,Caesar,CROISSANTS,SEASHELLS,4258.0,7
350600,Caesar,Paris,CROISSANTS,SEASHELLS,4256.0,5
351800,Paris,Caesar,CROISSANTS,SEASHELLS,4256.0,7
352300,Caesar,Camilla,CROISSANTS,SEASHELLS,4255.0,9
353600,Caesar,Camilla,CROISSANTS,SEASHELLS,4255.0,9
354100,Paris,Caesar,CROISSANTS,SEASHELLS,4256.0,6
354200,Caesar,Paris,CROISSANTS,SEASHELLS,4254.0,7
355300,Caesar,Paris,CROISSANTS,SEASHELLS,4255.0,8
355800,Paris,Caesar,CROISSANTS,SEASHELLS,4257.0,5
357600,Paris,Caesar,CROISSANTS,SEASHELLS,4258.0,5
360900,Paris,Caesar,CROISSANTS,SEASHELLS,4258.0,8
361200,Paris,Caesar,CROISSANTS,SEASHELLS,4257.0,6
362100,Paris,Caesar,CROISSANTS,SEASHELLS,4256.0,6
362600,Paris,Caesar,CROISSANTS,SEASHELLS,4256.0,6
363000,Caesar,Paris,CROISSANTS,SEASHELLS,4255.0,6
364300,Caesar,Camilla,CROISSANTS,SEASHELLS,4258.0,7
364500,Caesar,Camilla,CROISSANTS,SEASHELLS,4258.0,6
369300,Caesar,Camilla,CROISSANTS,SEASHELLS,4258.0,7
371100,Paris,Caesar,CROISSANTS,SEASHELLS,4260.0,7
371700,Paris,Caesar,CROISSANTS,SEASHELLS,4261.0,8
372100,Caesar,Paris,CROISSANTS,SEASHELLS,4259.0,6
372800,Paris,Caesar,CROISSANTS,SEASHELLS,4260.0,8
373300,Paris,Caesar,CROISSANTS,SEASHELLS,4260.0,7
374000,Caesar,Paris,CROISSANTS,SEASHELLS,4260.0,7
374400,Paris,Caesar,CROISSANTS,SEASHELLS,4261.0,5
375100,Caesar,Paris,CROISSANTS,SEASHELLS,4259.0,5
375700,Caesar,Paris,CROISSANTS,SEASHELLS,4259.0,8
378100,Paris,Caesar,CROISSANTS,SEASHELLS,4257.0,8
379800,Caesar,Paris,CROISSANTS,SEASHELLS,4255.0,7
380600,Caesar,Paris,CROISSANTS,SEASHELLS,4255.0,6
382000,Paris,Caesar,CROISSANTS,SEASHELLS,4255.0,7
382300,Caesar,Camilla,CROISSANTS,SEASHELLS,4254.0,6
382400,Caesar,Paris,CROISSANTS,SEASHELLS,4254.0,8
382800,Caesar,Paris,CROISSANTS,SEASHELLS,4254.0,7
385200,Caesar,Paris,CROISSANTS,SEASHELLS,4251.0,6
385300,Paris,Caesar,CROISSANTS,SEASHELLS,4252.0,8
390400,Paris,Caesar,CROISSANTS,SEASHELLS,4256.0,8
391900,Caesar,Paris,CROISSANTS,SEASHELLS,4255.0,6
392500,Caesar,Paris,CROISSANTS,SEASHELLS,4255.0,8
393400,Caesar,Camilla,CROISSANTS,SEASHELLS,4253.0,7
393700,Caesar,Camilla,CROISSANTS,SEASHELLS,4253.0,7
396400,Caesar,Paris,CROISSANTS,SEASHELLS,4253.0,7
396700,Paris,Caesar,CROISSANTS,SEASHELLS,4255.0,6
397100,Paris,Caesar,CROISSANTS,SEASHELLS,4254.0,5
397900,Caesar,Camilla,CROISSANTS,SEASHELLS,4254.0,9
397900,Caesar,Paris,CROISSANTS,SEASHELLS,4254.0,6
398100,Caesar,Paris,CROISSANTS,SEASHELLS,4253.0,8
400000,Paris,Caesar,CROISSANTS,SEASHELLS,4256.0,7
400800,Caesar,Paris,CROISSANTS,SEASHELLS,4255.0,8
401200,Caesar,Paris,CROISSANTS,SEASHELLS,4253.0,5
401400,Caesar,Paris,CROISSANTS,SEASHELLS,4253.0,6
401600,Caesar,Paris,CROISSANTS,SEASHELLS,4253.0,5
402000,Caesar,Paris,CROISSANTS,SEASHELLS,4252.0,6
402500,Caesar,Camilla,CROISSANTS,SEASHELLS,4252.0,5
403100,Paris,Caesar,CROISSANTS,SEASHELLS,4253.0,6
403200,Caesar,Camilla,CROISSANTS,SEASHELLS,4252.0,6
403600,Caesar,Paris,CROISSANTS,SEASHELLS,4252.0,8
404600,Caesar,Camilla,CROISSANTS,SEASHELLS,4252.0,4
404700,Caesar,Camilla,CROISSANTS,SEASHELLS,4252.0,5
405600,Paris,Caesar,CROISSANTS,SEASHELLS,4253.0,5
407500,Caesar,Paris,CROISSANTS,SEASHELLS,4252.0,7
407600,Caesar,Camilla,CROISSANTS,SEASHELLS,4252.0,6
408300,Paris,Caesar,CROISSANTS,SEASHELLS,4253.0,7
409900,Caesar,Camilla,CROISSANTS,SEASHELLS,4252.0,6
412000,Caesar,Paris,CROISSANTS,SEASHELLS,4250.0,7
412300,Caesar,Camilla,CROISSANTS,SEASHELLS,4251.0,8
412500,Paris,Caesar,CROISSANTS,SEASHELLS,4252.0,5
415700,Paris,Caesar,CROISSANTS,SEASHELLS,4254.0,6
416100,Caesar,Camilla,CROISSANTS,SEASHELLS,4253.0,7
416400,Caesar,Paris,CROISSANTS,SEASHELLS,4253.0,7
416600,Caesar,Camilla,CROISSANTS,SEASHELLS,4252.0,6
416700,Caesar,Paris,CROISSANTS,SEASHELLS,4252.0,8
419600,Paris,Caesar,CROISSANTS,SEASHELLS,4253.0,6
420600,Caesar,Camilla,CROISSANTS,SEASHELLS,4249.0,7
420700,Caesar,Camilla,CROISSANTS,SEASHELLS,4249.0,10
424400,Paris,Caesar,CROISSANTS,SEASHELLS,4248.0,8
426100,Paris,Caesar,CROISSANTS,SEASHELLS,4246.0,5
428700,Caesar,Paris,CROISSANTS,SEASHELLS,4247.0,5
429200,Paris,Caesar,CROISSANTS,SEASHELLS,4249.0,6
430100,Caesar,Paris,CROISSANTS,SEASHELLS,4248.0,8
430800,Caesar,Camilla,CROISSANTS,SEASHELLS,4249.0,8
431900,Caesar,Camilla,CROISSANTS,SEASHELLS,4251.0,9
432400,Paris,Caesar,CROISSANTS,SEASHELLS,4253.0,5
433600,Caesar,Camilla,CROISSANTS,SEASHELLS,4252.0,8
434400,Caesar,Paris,CROISSANTS,SEASHELLS,4255.0,7
436700,Caesar,Camilla,CROISSANTS,SEASHELLS,4256.0,10
438400,Caesar,Camilla,CROISSANTS,SEASHELLS,4256.0,8
438700,Paris,Caesar,CROISSANTS,SEASHELLS,4257.0,7
441200,Caesar,Paris,CROISSANTS,SEASHELLS,4256.0,8
442200,Caesar,Paris,CROISSANTS,SEASHELLS,4256.0,7
442600,Caesar,Paris,CROISSANTS,SEASHELLS,4257.0,7
443300,Paris,Caesar,CROISSANTS,SEASHELLS,4258.0,8
443900,Caesar,Camilla,CROISSANTS,SEASHELLS,4258.0,8
444800,Caesar,Paris,CROISSANTS,SEASHELLS,4259.0,8
445000,Caesar,Paris,CROISSANTS,SEASHELLS,4259.0,7
446300,Caesar,Camilla,CROISSANTS,SEASHELLS,4256.0,4
447300,Caesar,Camilla,CROISSANTS,SEASHELLS,4257.0,5
448500,Caesar,Camilla,CROISSANTS,SEASHELLS,4255.0,4
448800,Caesar,Paris,CROISSANTS,SEASHELLS,4256.0,8
449200,Caesar,Camilla,CROISSANTS,SEASHELLS,4255.0,4
450800,Caesar,Paris,CROISSANTS,SEASHELLS,4254.0,6
452100,Caesar,Paris,CROISSANTS,SEASHELLS,4254.0,7
452700,Caesar,Paris,CROISSANTS,SEASHELLS,4256.0,5
453000,Caesar,Camilla,CROISSANTS,SEASHELLS,4256.0,7
454600,Paris,Caesar,CROISSANTS,SEASHELLS,4256.0,6
454700,Paris,Caesar,CROISSANTS,SEASHELLS,4256.0,5
457000,Paris,Caesar,CROISSANTS,SEASHELLS,4255.0,5
457600,Caesar,Paris,CROISSANTS,SEASHELLS,4252.0,7
457800,Paris,Caesar,CROISSANTS,SEASHELLS,4253.0,8
459000,Caesar,Paris,CROISSANTS,SEASHELLS,4252.0,7
461900,Paris,Caesar,CROISSANTS,SEASHELLS,4254.0,7
462100,Paris,Caesar,CROISSANTS,SEASHELLS,4255.0,5
465900,Caesar,Camilla,CROISSANTS,SEASHELLS,4253.0,4
466700,Caesar,Paris,CROISSANTS,SEASHELLS,4254.0,8
468900,Caesar,Camilla,CROISSANTS,SEASHELLS,4253.0,8
469700,Caesar,Paris,CROISSANTS,SEASHELLS,4254.0,6
469800,Paris,Caesar,CROISSANTS,SEASHELLS,4255.0,6
471300,Paris,Caesar,CROISSANTS,SEASHELLS,4253.0,6
473600,Caesar,Paris,CROISSANTS,SEASHELLS,4252.0,7
473700,Caesar,Paris,CROISSANTS,SEASHELLS,4252.0,7
474000,Paris,Caesar,CROISSANTS,SEASHELLS,4253.0,8
474400,Paris,Caesar,CROISSANTS,SEASHELLS,4253.0,6
474600,Caesar,Camilla,CROISSANTS,SEASHELLS,4252.0,9
475100,Caesar,Paris,CROISSANTS,SEASHELLS,4251.0,6
475400,Caesar,Paris,CROISSANTS,SEASHELLS,4251.0,6
476200,Caesar,Camilla,CROISSANTS,SEASHELLS,4252.0,9
476700,Caesar,Camilla,CROISSANTS,SEASHELLS,4252.0,5
477000,Paris,Caesar,CROISSANTS,SEASHELLS,4253.0,6
478000,Caesar,Paris,CROISSANTS,SEASHELLS,4252.0,8
478100,Paris,Caesar,CROISSANTS,SEASHELLS,4253.0,7
478800,Caesar,Camilla,CROISSANTS,SEASHELLS,4253.0,5
478900,Paris,Caesar,CROISSANTS,SEASHELLS,4254.0,5
479500,Caesar,Paris,CROISSANTS,SEASHELLS,4254.0,6
482200,Caesar,Camilla,CROISSANTS,SEASHELLS,4257.0,6
482500,Caesar,Camilla,CROISSANTS,SEASHELLS,4257.0,5
482800,Caesar,Camilla,CROISSANTS,SEASHELLS,4257.0,4
482800,Caesar,Paris,CROISSANTS,SEASHELLS,4257.0,8
484900,Caesar,Paris,CROISSANTS,SEASHELLS,4255.0,8
485500,Caesar,Paris,CROISSANTS,SEASHELLS,4255.0,6
485800,Paris,Caesar,CROISSANTS,SEASHELLS,4256.0,8
486300,Paris,Caesar,CROISSANTS,SEASHELLS,4257.0,7
486700,Caesar,Paris,CROISSANTS,SEASHELLS,4255.0,6
486900,Caesar,Camilla,CROISSANTS,SEASHELLS,4255.0,5
487900,Caesar,Paris,CROISSANTS,SEASHELLS,4256.0,6
491900,Caesar,Camilla,CROISSANTS,SEASHELLS,4255.0,7
492600,Caesar,Paris,CROISSANTS,SEASHELLS,4259.0,8
493600,Caesar,Paris,CROISSANTS,SEASHELLS,4258.0,7
494600,Caesar,Paris,CROISSANTS,SEASHELLS,4258.0,7
495200,Caesar,Paris,CROISSANTS,SEASHELLS,4257.0,7
495500,Caesar,Paris,CROISSANTS,SEASHELLS,4256.0,5
496200,Paris,Caesar,CROISSANTS,SEASHELLS,4258.0,8
497000,Paris,Caesar,CROISSANTS,SEASHELLS,4256.0,5
497100,Paris,Caesar,CROISSANTS,SEASHELLS,4256.0,5
497500,Paris,Caesar,CROISSANTS,SEASHELLS,4256.0,8
500500,Paris,Caesar,CROISSANTS,SEASHELLS,4253.0,5
501000,Caesar,Camilla,CROISSANTS,SEASHELLS,4252.0,4
501800,Caesar,Paris,CROISSANTS,SEASHELLS,4252.0,5
502200,Paris,Caesar,CROISSANTS,SEASHELLS,4254.0,6
502400,Caesar,Paris,CROISSANTS,SEASHELLS,4252.0,8
506600,Caesar,Camilla,CROISSANTS,SEASHELLS,4252.0,10
507700,Caesar,Camilla,CROISSANTS,SEASHELLS,4253.0,10
508800,Caesar,Paris,CROISSANTS,SEASHELLS,4253.0,7
512000,Caesar,Paris,CROISSANTS,SEASHELLS,4252.0,8
512300,Caesar,Camilla,CROISSANTS,SEASHELLS,4251.0,10
512400,Caesar,Camilla,CROISSANTS,SEASHELLS,4251.0,7
514500,Paris,Caesar,CROISSANTS,SEASHELLS,4252.0,5
515600,Paris,Caesar,CROISSANTS,SEASHELLS,4252.0,6
516500,Paris,Caesar,CROISSANTS,SEASHELLS,4252.0,8
517100,Caesar,Paris,CROISSANTS,SEASHELLS,4251.0,5
517300,Paris,Caesar,CROISSANTS,SEASHELLS,4251.0,8
518900,Caesar,Paris,CROISSANTS,SEASHELLS,4248.0,5
519100,Caesar,Paris,CROISSANTS,SEASHELLS,4248.0,8
520000,Caesar,Paris,CROISSANTS,SEASHELLS,4249.0,7
521900,Paris,Caesar,CROISSANTS,SEASHELLS,4249.0,5
522500,Paris,Caesar,CROISSANTS,SEASHELLS,4250.0,8
523900,Caesar,Paris,CROISSANTS,SEASHELLS,4250.0,8
524600,Paris,Caesar,CROISSANTS,SEASHELLS,4251.0,8
525400,Paris,Caesar,CROISSANTS,SEASHELLS,4250.0,6
526300,Paris,Caesar,CROISSANTS,SEASHELLS,4250.0,7
526800,Caesar,Camilla,CROISSANTS,SEASHELLS,4249.0,6
527900,Caesar,Paris,CROISSANTS,SEASHELLS,4248.0,6
528500,Paris,Caesar,CROISSANTS,SEASHELLS,4249.0,6
529200,Caesar,Paris,CROISSANTS,SEASHELLS,4248.0,6
530700,Caesar,Camilla,CROISSANTS,SEASHELLS,4249.0,5
531900,Caesar,Paris,CROISSANTS,SEASHELLS,4250.0,5
533200,Caesar,Paris,CROISSANTS,SEASHELLS,4250.0,6
535500,Caesar,Paris,CROISSANTS,SEASHELLS,4248.0,5
535900,Caesar,Paris,CROISSANTS,SEASHELLS,4249.0,5
537100,Paris,Caesar,CROISSANTS,SEASHELLS,4250.0,5
537200,Caesar,Camilla,CROISSANTS,SEASHELLS,4248.0,6
539500,Caesar,Camilla,CROISSANTS,SEASHELLS,4247.0,4
541500,Paris,Caesar,CROISSANTS,SEASHELLS,4248.0,8
541700,Caesar,Camilla,CROISSANTS,SEASHELLS,4247.0,4
541900,Caesar,Paris,CROISSANTS,SEASHELLS,4247.0,5
543900,Caesar,Paris,CROISSANTS,SEASHELLS,4246.0,5
544000,Caesar,Paris,CROISSANTS,SEASHELLS,4246.0,8
545900,Paris,Caesar,CROISSANTS,SEASHELLS,4247.0,7
547100,Caesar,Camilla,CROISSANTS,SEASHELLS,4246.0,5
549800,Caesar,Paris,CROISSANTS,SEASHELLS,4247.0,6
552000,Paris,Caesar,CROISSANTS,SEASHELLS,4247.0,5
552800,Caesar,Paris,CROISSANTS,SEASHELLS,4245.0,6
552900,Caesar,Paris,CROISSANTS,SEASHELLS,4245.0,6
553000,Paris,Caesar,CROISSANTS,SEASHELLS,4246.0,5
553400,Paris,Caesar,CROISSANTS,SEASHELLS,4246.0,6
553500,Paris,Caesar,CROISSANTS,SEASHELLS,4246.0,5
554500,Caesar,Paris,CROISSANTS,SEASHELLS,4246.0,6
555200,Caesar,Paris,CROISSANTS,SEASHELLS,4246.0,6
555300,Paris,Caesar,CROISSANTS,SEASHELLS,4247.0,7
559900,Caesar,Paris,CROISSANTS,SEASHELLS,4248.0,8
561000,Caesar,Paris,CROISSANTS,SEASHELLS,4248.0,8
561200,Paris,Caesar,CROISSANTS,SEASHELLS,4250.0,8
563900,Caesar,Camilla,CROISSANTS,SEASHELLS,4251.0,5
564600,Caesar,Camilla,CROISSANTS,SEASHELLS,4251.0,6
566700,Paris,Caesar,CROISSANTS,SEASHELLS,4252.0,5
566900,Caesar,Camilla,CROISSANTS,SEASHELLS,4251.0,10
567100,Paris,Caesar,CROISSANTS,SEASHELLS,4254.0,7
568600,Caesar,Paris,CROISSANTS,SEASHELLS,4255.0,5
569100,Paris,Caesar,CROISSANTS,SEASHELLS,4257.0,7
571300,Caesar,Paris,CROISSANTS,SEASHELLS,4257.0,5
571800,Caesar,Paris,CROISSANTS,SEASHELLS,4257.0,7
571900,Caesar,Paris,CROISSANTS,SEASHELLS,4257.0,6
572100,Paris,Caesar,CROISSANTS,SEASHELLS,4258.0,5
574100,Paris,Caesar,CROISSANTS,SEASHELLS,4261.0,6
576000,Caesar,Camilla,CROISSANTS,SEASHELLS,4263.0,5
578100,Caesar,Paris,CROISSANTS,SEASHELLS,4259.0,6
579600,Caesar,Paris,CROISSANTS,SEASHELLS,4259.0,8
580000,Paris,Caesar,CROISSANTS,SEASHELLS,4260.0,5
580100,Caesar,Paris,CROISSANTS,SEASHELLS,4258.0,5
580200,Caesar,Camilla,CROISSANTS,SEASHELLS,4258.0,10
581400,Caesar,Camilla,CROISSANTS,SEASHELLS,4259.0,6
582600,Paris,Caesar,CROISSANTS,SEASHELLS,4259.0,5
583000,Caesar,Camilla,CROISSANTS,SEASHELLS,4258.0,4
583500,Caesar,Camilla,CROISSANTS,SEASHELLS,4258.0,8
588500,Caesar,Camilla,CROISSANTS,SEASHELLS,4260.0,6
590000,Caesar,Camilla,CROISSANTS,SEASHELLS,4257.0,8
590900,Caesar,Paris,CROISSANTS,SEASHELLS,4256.0,7
591200,Paris,Caesar,CROISSANTS,SEASHELLS,4258.0,6
591600,Caesar,Paris,CROISSANTS,SEASHELLS,4260.0,6
592400,Caesar,Paris,CROISSANTS,SEASHELLS,4260.0,5
592700,Paris,Caesar,CROISSANTS,SEASHELLS,4261.0,5
592900,Caesar,Paris,CROISSANTS,SEASHELLS,4258.0,6
593600,Caesar,Paris,CROISSANTS,SEASHELLS,4259.0,7
593700,Paris,Caesar,CROISSANTS,SEASHELLS,4260.0,5
594100,Paris,Caesar,CROISSANTS,SEASHELLS,4260.0,6
594300,Paris,Caesar,CROISSANTS,SEASHELLS,4260.0,8
596900,Caesar,Camilla,CROISSANTS,SEASHELLS,4259.0,8
599300,Caesar,Paris,CROISSANTS,SEASHELLS,4260.0,7
599400,Caesar,Paris,CROISSANTS,SEASHELLS,4261.0,8
599700,Caesar,Paris,CROISSANTS,SEASHELLS,4261.0,8
600300,Paris,Caesar,CROISSANTS,SEASHELLS,4262.0,8
601200,Caesar,Paris,CROISSANTS,SEASHELLS,4261.0,8
601600,Caesar,Paris,CROISSANTS,SEASHELLS,4261.0,6
602400,Caesar,Paris,CROISSANTS,SEASHELLS,4261.0,7
602600,Caesar,Camilla,CROISSANTS,SEASHELLS,4262.0,10
602900,Paris,Caesar,CROISSANTS,SEASHELLS,4263.0,8
604700,Paris,Caesar,CROISSANTS,SEASHELLS,4261.0,5
605300,Caesar,Camilla,CROISSANTS,SEASHELLS,4259.0,4
606100,Caesar,Paris,CROISSANTS,SEASHELLS,4258.0,5
608500,Caesar,Paris,CROISSANTS,SEASHELLS,4256.0,7
609000,Paris,Caesar,CROISSANTS,SEASHELLS,4257.0,6
609700,Caesar,Paris,CROISSANTS,SEASHELLS,4257.0,8
611700,Caesar,Paris,CROISSANTS,SEASHELLS,4254.0,8
615200,Paris,Caesar,CROISSANTS,SEASHELLS,4253.0,5
616200,Paris,Caesar,CROISSANTS,SEASHELLS,4252.0,5
618000,Paris,Caesar,CROISSANTS,SEASHELLS,4250.0,8
618200,Caesar,Paris,CROISSANTS,SEASHELLS,4248.0,7
619400,Caesar,Camilla,CROISSANTS,SEASHELLS,4247.0,7
620900,Caesar,Paris,CROISSANTS,SEASHELLS,4248.0,7
621500,Caesar,Paris,CROISSANTS,SEASHELLS,4248.0,7
622100,Paris,Caesar,CROISSANTS,SEASHELLS,4250.0,8
623800,Paris,Caesar,CROISSANTS,SEASHELLS,4251.0,5
624800,Caesar,Paris,CROISSANTS,SEASHELLS,4251.0,5
626300,Paris,Caesar,CROISSANTS,SEASHELLS,4253.0,5
627700,Caesar,Paris,CROISSANTS,SEASHELLS,4251.0,5
627900,Caesar,Camilla,CROISSANTS,SEASHELLS,4252.0,7
627900,Paris,Caesar,CROISSANTS,SEASHELLS,4253.0,8
628800,Paris,Caesar,CROISSANTS,SEASHELLS,4254.0,6
629700,Caesar,Paris,CROISSANTS,SEASHELLS,4252.0,8
629800,Caesar,Camilla,CROISSANTS,SEASHELLS,4252.0,10
631200,Caesar,Paris,CROISSANTS,SEASHELLS,4251.0,7
632500,Caesar,Paris,CROISSANTS,SEASHELLS,4251.0,7
634700,Caesar,Paris,CROISSANTS,SEASHELLS,4247.0,7
638400,Paris,Caesar,CROISSANTS,SEASHELLS,4251.0,5
638900,Paris,Caesar,CROISSANTS,SEASHELLS,4250.0,8
639700,Caesar,Paris,CROISSANTS,SEASHELLS,4249.0,8
640100,Caesar,Paris,CROISSANTS,SEASHELLS,4249.0,6
640700,Caesar,Paris,CROISSANTS,SEASHELLS,4249.0,5
641200,Caesar,Paris,CROISSANTS,SEASHELLS,4249.0,5
641700,Caesar,Camilla,CROISSANTS,SEASHELLS,4249.0,10
642300,Caesar,Paris,CROISSANTS,SEASHELLS,4249.0,5
643900,Caesar,Paris,CROISSANTS,SEASHELLS,4248.0,5
644900,Paris,Caesar,CROISSANTS,SEASHELLS,4249.0,8
645700,Paris,Caesar,CROISSANTS,SEASHELLS,4248.0,6
647900,Caesar,Camilla,CROISSANTS,SEASHELLS,4249.0,6
648100,Caesar,Paris,CROISSANTS,SEASHELLS,4249.0,5
650700,Paris,Caesar,CROISSANTS,SEASHELLS,4251.0,5
650900,Paris,Caesar,CROISSANTS,SEASHELLS,4252.0,6
652000,Paris,Caesar,CROISSANTS,SEASHELLS,4250.0,6
652600,Paris,Caesar,CROISSANTS,SEASHELLS,4250.0,7
653200,Caesar,Paris,CROISSANTS,SEASHELLS,4249.0,8
654800,Caesar,Paris,CROISSANTS,SEASHELLS,4249.0,7
655400,Paris,Caesar,CROISSANTS,SEASHELLS,4248.0,8
656800,Caesar,Paris,CROISSANTS,SEASHELLS,4246.0,6
658000,Paris,Caesar,CROISSANTS,SEASHELLS,4246.0,5
659400,Paris,Caesar,CROISSANTS,SEASHELLS,4246.0,5
660500,Caesar,Camilla,CROISSANTS,SEASHELLS,4244.0,7
662100,Caesar,Paris,CROISSANTS,SEASHELLS,4245.0,7
662700,Caesar,Paris,CROISSANTS,SEASHELLS,4245.0,5
666200,Caesar,Paris,CROISSANTS,SEASHELLS,4243.0,7
666400,Caesar,Camilla,CROISSANTS,SEASHELLS,4244.0,10
666400,Caesar,Paris,CROISSANTS,SEASHELLS,4244.0,6
667600,Caesar,Paris,CROISSANTS,SEASHELLS,4243.0,7
668700,Paris,Caesar,CROISSANTS,SEASHELLS,4244.0,8
669700,Paris,Caesar,CROISSANTS,SEASHELLS,4244.0,5
669800,Caesar,Paris,CROISSANTS,SEASHELLS,4242.0,5
670300,Caesar,Paris,CROISSANTS,SEASHELLS,4242.0,5
671300,Paris,Caesar,CROISSANTS,SEASHELLS,4244.0,5
671400,Caesar,Paris,CROISSANTS,SEASHELLS,4242.0,8
674600,Paris,Caesar,CROISSANTS,SEASHELLS,4246.0,6
674800,Caesar,Paris,CROISSANTS,SEASHELLS,4245.0,7
675100,Caesar,Paris,CROISSANTS,SEASHELLS,4245.0,8
676600,Caesar,Camilla,CROISSANTS,SEASHELLS,4246.0,5
677000,Paris,Caesar,CROISSANTS,SEASHELLS,4246.0,8
677200,Caesar,Paris,CROISSANTS,SEASHELLS,4245.0,8
678800,Caesar,Camilla,CROISSANTS,SEASHELLS,4246.0,5
678800,Paris,Caesar,CROISSANTS,SEASHELLS,4247.0,6
680300,Caesar,Paris,CROISSANTS,SEASHELLS,4246.0,8
681900,Caesar,Camilla,CROISSANTS,SEASHELLS,4247.0,7
682100,Paris,Caesar,CROISSANTS,SEASHELLS,4248.0,7
682300,Paris,Caesar,CROISSANTS,SEASHELLS,4248.0,5
682500,Caesar,Camilla,CROISSANTS,SEASHELLS,4246.0,10
682600,Caesar,Paris,CROISSANTS,SEASHELLS,4246.0,5
685200,Caesar,Paris,CROISSANTS,SEASHELLS,4245.0,8
685500,Paris,Caesar,CROISSANTS,SEASHELLS,4246.0,6
686600,Caesar,Paris,CROISSANTS,SEASHELLS,4246.0,6
688100,Caesar,Camilla,CROISSANTS,SEASHELLS,4244.0,9
688600,Caesar,Paris,CROISSANTS,SEASHELLS,4243.0,7
689600,Caesar,Paris,CROISSANTS,SEASHELLS,4244.0,8
690300,Caesar,Camilla,CROISSANTS,SEASHELLS,4245.0,10
694000,Caesar,Paris,CROISSANTS,SEASHELLS,4246.0,8
696000,Paris,Caesar,CROISSANTS,SEASHELLS,4246.0,6
699400,Caesar,Camilla,CROISSANTS,SEASHELLS,4246.0,4
699800,Paris,Caesar,CROISSANTS,SEASHELLS,4248.0,5
700200,Caesar,Paris,CROISSANTS,SEASHELLS,4247.0,7
700300,Paris,Caesar,CROISSANTS,SEASHELLS,4248.0,8
701600,Caesar,Camilla,CROISSANTS,SEASHELLS,4246.0,8
704800,Caesar,Paris,CROISSANTS,SEASHELLS,4246.0,7
706300,Caesar,Camilla,CROISSANTS,SEASHELLS,4246.0,4
709600,Paris,Caesar,CROISSANTS,SEASHELLS,4247.0,7
709900,Caesar,Camilla,CROISSANTS,SEASHELLS,4246.0,7
710800,Caesar,Paris,CROISSANTS,SEASHELLS,4246.0,5
713000,Paris,Caesar,CROISSANTS,SEASHELLS,4249.0,6
713200,Paris,Caesar,CROISSANTS,SEASHELLS,4249.0,7
715100,Caesar,Paris,CROISSANTS,SEASHELLS,4247.0,6
719300,Caesar,Paris,CROISSANTS,SEASHELLS,4245.0,6
719400,Paris,Caesar,CROISSANTS,SEASHELLS,4246.0,8
719600,Caesar,Paris,CROISSANTS,SEASHELLS,4245.0,5
719700,Caesar,Paris,CROISSANTS,SEASHELLS,4245.0,7
720200,Caesar,Camilla,CROISSANTS,SEASHELLS,4245.0,8
723600,Caesar,Paris,CROISSANTS,SEASHELLS,4243.0,7
723900,Caesar,Paris,CROISSANTS,SEASHELLS,4242.0,8
724000,Caesar,Camilla,CROISSANTS,SEASHELLS,4242.0,10
726100,Caesar,Paris,CROISSANTS,SEASHELLS,4239.0,6
726400,Caesar,Camilla,CROISSANTS,SEASHELLS,4239.0,5
726900,Caesar,Paris,CROISSANTS,SEASHELLS,4238.0,8
727200,Paris,Caesar,CROISSANTS,SEASHELLS,4238.0,7
727300,Paris,Caesar,CROISSANTS,SEASHELLS,4238.0,7
727800,Caesar,Camilla,CROISSANTS,SEASHELLS,4239.0,9
727800,Paris,Caesar,CROISSANTS,SEASHELLS,4240.0,5
728400,Paris,Caesar,CROISSANTS,SEASHELLS,4241.0,5
728500,Paris,Caesar,CROISSANTS,SEASHELLS,4241.0,7
730200,Caesar,Paris,CROISSANTS,SEASHELLS,4238.0,6
731100,Caesar,Camilla,CROISSANTS,SEASHELLS,4238.0,4
732400,Caesar,Camilla,CROISSANTS,SEASHELLS,4239.0,5
732600,Paris,Caesar,CROISSANTS,SEASHELLS,4241.0,8
734700,Caesar,Camilla,CROISSANTS,SEASHELLS,4238.0,8
734700,Caesar,Paris,CROISSANTS,SEASHELLS,4238.0,8
735900,Caesar,Paris,CROISSANTS,SEASHELLS,4238.0,8
736100,Caesar,Paris,CROISSANTS,SEASHELLS,4237.0,6
738900,Caesar,Camilla,CROISSANTS,SEASHELLS,4236.0,9
739100,Caesar,Paris,CROISSANTS,SEASHELLS,4236.0,7
739400,Caesar,Paris,CROISSANTS,SEASHELLS,4236.0,5
741000,Caesar,Paris,CROISSANTS,SEASHELLS,4236.0,8
743400,Caesar,Paris,CROISSANTS,SEASHELLS,4238.0,7
746200,Caesar,Paris,CROISSANTS,SEASHELLS,4237.0,8
746800,Paris,Caesar,CROISSANTS,SEASHELLS,4238.0,6
749400,Caesar,Paris,CROISSANTS,SEASHELLS,4237.0,6
750200,Caesar,Camilla,CROISSANTS,SEASHELLS,4237.0,9
750700,Paris,Caesar,CROISSANTS,SEASHELLS,4238.0,7
750800,Caesar,Camilla,CROISSANTS,SEASHELLS,4236.0,8
750800,Paris,Caesar,CROISSANTS,SEASHELLS,4237.0,8
751500,Caesar,Paris,CROISSANTS,SEASHELLS,4235.0,5
751900,Caesar,Paris,CROISSANTS,SEASHELLS,4234.0,8
752700,Caesar,Camilla,CROISSANTS,SEASHELLS,4234.0,4
754700,Caesar,Camilla,CROISSANTS,SEASHELLS,4235.0,6
755000,Paris,Caesar,CROISSANTS,SEASHELLS,4236.0,8
755900,Caesar,Paris,CROISSANTS,SEASHELLS,4235.0,8
760000,Caesar,Camilla,CROISSANTS,SEASHELLS,4236.0,4
760400,Caesar,Paris,CROISSANTS,SEASHELLS,4236.0,5
761100,Caesar,Paris,CROISSANTS,SEASHELLS,4236.0,5
761600,Caesar,Paris,CROISSANTS,SEASHELLS,4237.0,6
762400,Caesar,Camilla,CROISSANTS,SEASHELLS,4237.0,9
764500,Caesar,Paris,CROISSANTS,SEASHELLS,4237.0,5
767500,Caesar,Camilla,CROISSANTS,SEASHELLS,4235.0,4
767700,Paris,Caesar,CROISSANTS,SEASHELLS,4236.0,8
768200,Caesar,Paris,CROISSANTS,SEASHELLS,4235.0,5
769300,Paris,Caesar,CROISSANTS,SEASHELLS,4236.0,8
769500,Caesar,Paris,CROISSANTS,SEASHELLS,4235.0,6
770400,Caesar,Paris,CROISSANTS,SEASHELLS,4235.0,5
771100,Paris,Caesar,CROISSANTS,SEASHELLS,4237.0,7
772100,Paris,Caesar,CROISSANTS,SEASHELLS,4236.0,6
775700,Caesar,Camilla,CROISSANTS,SEASHELLS,4235.0,6
777000,Caesar,Camilla,CROISSANTS,SEASHELLS,4235.0,9
777500,Caesar,Camilla,CROISSANTS,SEASHELLS,4235.0,5
780100,Caesar,Paris,CROISSANTS,SEASHELLS,4235.0,6
780400,Caesar,Paris,CROISSANTS,SEASHELLS,4235.0,8
781000,Paris,Caesar,CROISSANTS,SEASHELLS,4236.0,7
781600,Caesar,Paris,CROISSANTS,SEASHELLS,4235.0,5
782100,Caesar,Paris,CROISSANTS,SEASHELLS,4235.0,7
782200,Paris,Caesar,CROISSANTS,SEASHELLS,4236.0,7
782700,Caesar,Paris,CROISSANTS,SEASHELLS,4234.0,8
784100,Paris,Caesar,CROISSANTS,SEASHELLS,4235.0,7
784900,Caesar,Paris,CROISSANTS,SEASHELLS,4232.0,8
786300,Caesar,Paris,CROISSANTS,SEASHELLS,4232.0,7
787100,Caesar,Paris,CROISSANTS,SEASHELLS,4233.0,6
788900,Caesar,Paris,CROISSANTS,SEASHELLS,4232.0,7
789900,Olivia,Caesar,CROISSANTS,SEASHELLS,4233.0,3
790100,Caesar,Paris,CROISSANTS,SEASHELLS,4232.0,8
791600,Caesar,Paris,CROISSANTS,SEASHELLS,4232.0,8
792100,Paris,Caesar,CROISSANTS,SEASHELLS,4233.0,8
794000,Caesar,Camilla,CROISSANTS,SEASHELLS,4232.0,8
794300,Caesar,Paris,CROISSANTS,SEASHELLS,4232.0,5
794800,Caesar,Paris,CROISSANTS,SEASHELLS,4233.0,6
795100,Caesar,Paris,CROISSANTS,SEASHELLS,4232.0,7
796700,Caesar,Camilla,CROISSANTS,SEASHELLS,4234.0,9
796800,Caesar,Camilla,CROISSANTS,SEASHELLS,4234.0,9
797200,Caesar,Camilla,CROISSANTS,SEASHELLS,4233.0,9
799900,Caesar,Paris,CROISSANTS,SEASHELLS,4233.0,7
801900,Paris,Caesar,CROISSANTS,SEASHELLS,4236.0,7
802200,Caesar,Paris,CROISSANTS,SEASHELLS,4234.0,8
802700,Caesar,Camilla,CROISSANTS,SEASHELLS,4235.0,10
803000,Caesar,Camilla,CROISSANTS,SEASHELLS,4235.0,9
803700,Caesar,Paris,CROISSANTS,SEASHELLS,4235.0,5
804800,Paris,Caesar,CROISSANTS,SEASHELLS,4236.0,7
807000,Caesar,Paris,CROISSANTS,SEASHELLS,4235.0,7
807900,Caesar,Paris,CROISSANTS,SEASHELLS,4235.0,6
808600,Caesar,Camilla,CROISSANTS,SEASHELLS,4239.0,8
809100,Paris,Caesar,CROISSANTS,SEASHELLS,4239.0,5
810100,Caesar,Paris,CROISSANTS,SEASHELLS,4239.0,6
810400,Caesar,Camilla,CROISSANTS,SEASHELLS,4241.0,8
812400,Paris,Caesar,CROISSANTS,SEASHELLS,4242.0,8
813200,Paris,Caesar,CROISSANTS,SEASHELLS,4241.0,8
814300,Caesar,Paris,CROISSANTS,SEASHELLS,4238.0,5
814500,Caesar,Camilla,CROISSANTS,SEASHELLS,4238.0,10
815000,Caesar,Paris,CROISSANTS,SEASHELLS,4238.0,5
815500,Caesar,Paris,CROISSANTS,SEASHELLS,4238.0,8
815900,Paris,Caesar,CROISSANTS,SEASHELLS,4239.0,5
816100,Caesar,Paris,CROISSANTS,SEASHELLS,4237.0,6
816800,Paris,Caesar,CROISSANTS,SEASHELLS,4239.0,8
819200,Caesar,Paris,CROISSANTS,SEASHELLS,4237.0,6
819500,Caesar,Camilla,CROISSANTS,SEASHELLS,4237.0,4
820200,Paris,Caesar,CROISSANTS,SEASHELLS,4239.0,6
821400,Paris,Caesar,CROISSANTS,SEASHELLS,4240.0,5
822100,Paris,Caesar,CROISSANTS,SEASHELLS,4240.0,7
826600,Caesar,Camilla,CROISSANTS,SEASHELLS,4239.0,9
827100,Caesar,Camilla,CROISSANTS,SEASHELLS,4240.0,8
830000,Caesar,Paris,CROISSANTS,SEASHELLS,4238.0,8
832400,Caesar,Paris,CROISSANTS,SEASHELLS,4238.0,8
834500,Caesar,Paris,CROISSANTS,SEASHELLS,4240.0,5
835600,Caesar,Paris,CROISSANTS,SEASHELLS,4240.0,8
835700,Paris,Caesar,CROISSANTS,SEASHELLS,4242.0,7
836000,Caesar,Camilla,CROISSANTS,SEASHELLS,4241.0,6
836400,Caesar,Camilla,CROISSANTS,SEASHELLS,4241.0,5
839600,Caesar,Paris,CROISSANTS,SEASHELLS,4243.0,6
839700,Caesar,Camilla,CROISSANTS,SEASHELLS,4243.0,6
840100,Paris,Caesar,CROISSANTS,SEASHELLS,4244.0,8
841400,Caesar,Paris,CROISSANTS,SEASHELLS,4243.0,7
843600,Caesar,Camilla,CROISSANTS,SEASHELLS,4244.0,8
843700,Caesar,Camilla,CROISSANTS,SEASHELLS,4246.0,7
845200,Caesar,Paris,CROISSANTS,SEASHELLS,4246.0,5
845900,Caesar,Paris,CROISSANTS,SEASHELLS,4247.0,5
846100,Caesar,Paris,CROISSANTS,SEASHELLS,4248.0,6
848700,Paris,Caesar,CROISSANTS,SEASHELLS,4251.0,7
852300,Caesar,Paris,CROISSANTS,SEASHELLS,4252.0,6
852800,Caesar,Paris,CROISSANTS,SEASHELLS,4252.0,6
853300,Caesar,Paris,CROISSANTS,SEASHELLS,4253.0,7
858500,Caesar,Camilla,CROISSANTS,SEASHELLS,4249.0,6
858800,Caesar,Camilla,CROISSANTS,SEASHELLS,4249.0,9
859100,Caesar,Camilla,CROISSANTS,SEASHELLS,4248.0,10
860600,Paris,Caesar,CROISSANTS,SEASHELLS,4247.0,8
862400,Paris,Caesar,CROISSANTS,SEASHELLS,4248.0,5
864700,Caesar,Paris,CROISSANTS,SEASHELLS,4251.0,6
866300,Caesar,Paris,CROISSANTS,SEASHELLS,4257.0,8
867200,Paris,Caesar,CROISSANTS,SEASHELLS,4258.0,8
868700,Paris,Caesar,CROISSANTS,SEASHELLS,4255.0,6
868900,Caesar,Paris,CROISSANTS,SEASHELLS,4254.0,5
869000,Caesar,Paris,CROISSANTS,SEASHELLS,4254.0,7
869800,Caesar,Paris,CROISSANTS,SEASHELLS,4254.0,7
870400,Paris,Caesar,CROISSANTS,SEASHELLS,4254.0,6
871800,Paris,Caesar,CROISSANTS,SEASHELLS,4255.0,8
873400,Caesar,Paris,CROISSANTS,SEASHELLS,4254.0,7
874000,Caesar,Paris,CROISSANTS,SEASHELLS,4254.0,6
875100,Caesar,Paris,CROISSANTS,SEASHELLS,4253.0,7
876300,Caesar,Camilla,CROISSANTS,SEASHELLS,4254.0,9
877200,Paris,Caesar,CROISSANTS,SEASHELLS,4253.0,6
878900,Caesar,Paris,CROISSANTS,SEASHELLS,4251.0,8
879300,Caesar,Camilla,CROISSANTS,SEASHELLS,4252.0,6
880400,Caesar,Paris,CROISSANTS,SEASHELLS,4252.0,7
881700,Caesar,Paris,CROISSANTS,SEASHELLS,4254.0,6
882200,Paris,Caesar,CROISSANTS,SEASHELLS,4256.0,5
887700,Paris,Caesar,CROISSANTS,SEASHELLS,4250.0,5
888700,Caesar,Paris,CROISSANTS,SEASHELLS,4249.0,8
889100,Caesar,Camilla,CROISSANTS,SEASHELLS,4249.0,8
889200,Caesar,Camilla,CROISSANTS,SEASHELLS,4249.0,8
889700,Caesar,Camilla,CROISSANTS,SEASHELLS,4248.0,8
890200,Caesar,Paris,CROISSANTS,SEASHELLS,4248.0,6
891000,Caesar,Camilla,CROISSANTS,SEASHELLS,4248.0,4
891000,Paris,Caesar,CROISSANTS,SEASHELLS,4249.0,8
891300,Paris,Caesar,CROISSANTS,SEASHELLS,4249.0,7
891600,Paris,Caesar,CROISSANTS,SEASHELLS,4249.0,5
892100,Caesar,Paris,CROISSANTS,SEASHELLS,4248.0,5
892800,Paris,Caesar,CROISSANTS,SEASHELLS,4249.0,6
893400,Caesar,Paris,CROISSANTS,SEASHELLS,4248.0,8
895200,Paris,Caesar,CROISSANTS,SEASHELLS,4249.0,8
896200,Paris,Caesar,CROISSANTS,SEASHELLS,4251.0,5
896800,Caesar,Camilla,CROISSANTS,SEASHELLS,4250.0,4
897500,Caesar,Camilla,CROISSANTS,SEASHELLS,4251.0,10
898400,Caesar,Camilla,CROISSANTS,SEASHELLS,4252.0,7
899900,Paris,Caesar,CROISSANTS,SEASHELLS,4250.0,6
901100,Paris,Caesar,CROISSANTS,SEASHELLS,4249.0,5
901400,Caesar,Paris,CROISSANTS,SEASHELLS,4249.0,5
901800,Caesar,Camilla,CROISSANTS,SEASHELLS,4248.0,5
902400,Caesar,Camilla,CROISSANTS,SEASHELLS,4248.0,4
903600,Paris,Caesar,CROISSANTS,SEASHELLS,4249.0,8
904200,Caesar,Paris,CROISSANTS,SEASHELLS,4248.0,6
904800,Caesar,Paris,CROISSANTS,SEASHELLS,4252.0,5
905300,Caesar,Paris,CROISSANTS,SEASHELLS,4251.0,6
906600,Paris,Caesar,CROISSANTS,SEASHELLS,4251.0,8
907700,Caesar,Paris,CROISSANTS,SEASHELLS,4248.0,8
908700,Caesar,Paris,CROISSANTS,SEASHELLS,4248.0,7
910300,Caesar,Paris,CROISSANTS,SEASHELLS,4248.0,7
910900,Caesar,Paris,CROISSANTS,SEASHELLS,4248.0,8
911600,Caesar,Camilla,CROISSANTS,SEASHELLS,4247.0,4
911800,Caesar,Paris,CROISSANTS,SEASHELLS,4247.0,8
913400,Caesar,Paris,CROISSANTS,SEASHELLS,4248.0,7
913800,Paris,Caesar,CROISSANTS,SEASHELLS,4250.0,7
913900,Caesar,Paris,CROISSANTS,SEASHELLS,4249.0,7
914000,Paris,Caesar,CROISSANTS,SEASHELLS,4250.0,6
914100,Paris,Caesar,CROISSANTS,SEASHELLS,4250.0,7
914800,Caesar,Paris,CROISSANTS,SEASHELLS,4250.0,8
916300,Caesar,Paris,CROISSANTS,SEASHELLS,4250.0,7
916900,Paris,Caesar,CROISSANTS,SEASHELLS,4252.0,6
917100,Caesar,Paris,CROISSANTS,SEASHELLS,4251.0,8
919300,Caesar,Camilla,CROISSANTS,SEASHELLS,4252.0,10
919900,Caesar,Paris,CROISSANTS,SEASHELLS,4250.0,6
920100,Paris,Caesar,CROISSANTS,SEASHELLS,4251.0,6
920900,Paris,Caesar,CROISSANTS,SEASHELLS,4251.0,6
921900,Caesar,Paris,CROISSANTS,SEASHELLS,4250.0,5
923100,Caesar,Camilla,CROISSANTS,SEASHELLS,4252.0,8
926000,Caesar,Camilla,CROISSANTS,SEASHELLS,4250.0,5
926700,Paris,Caesar,CROISSANTS,SEASHELLS,4251.0,8
926800,Caesar,Paris,CROISSANTS,SEASHELLS,4249.0,6
928300,Paris,Caesar,CROISSANTS,SEASHELLS,4251.0,8
928700,Caesar,Camilla,CROISSANTS,SEASHELLS,4249.0,4
930100,Caesar,Camilla,CROISSANTS,SEASHELLS,4252.0,10
930100,Caesar,Paris,CROISSANTS,SEASHELLS,4252.0,7
931000,Caesar,Camilla,CROISSANTS,SEASHELLS,4253.0,9
931500,Caesar,Camilla,CROISSANTS,SEASHELLS,4253.0,4
932600,Caesar,Paris,CROISSANTS,SEASHELLS,4252.0,7
935100,Caesar,Paris,CROISSANTS,SEASHELLS,4249.0,6
936900,Caesar,Paris,CROISSANTS,SEASHELLS,4249.0,7
937700,Paris,Caesar,CROISSANTS,SEASHELLS,4250.0,6
937900,Paris,Caesar,CROISSANTS,SEASHELLS,4250.0,8
938000,Caesar,Camilla,CROISSANTS,SEASHELLS,4249.0,7
939000,Paris,Caesar,CROISSANTS,SEASHELLS,4249.0,7
939400,Paris,Caesar,CROISSANTS,SEASHELLS,4249.0,6
939900,Paris,Caesar,CROISSANTS,SEASHELLS,4249.0,6
940700,Caesar,Camilla,CROISSANTS,SEASHELLS,4248.0,6
941100,Caesar,Paris,CROISSANTS,SEASHELLS,4248.0,7
942900,Caesar,Paris,CROISSANTS,SEASHELLS,4248.0,5
944000,Caesar,Camilla,CROISSANTS,SEASHELLS,4248.0,10
945900,Caesar,Camilla,CROISSANTS,SEASHELLS,4250.0,9
946100,Caesar,Paris,CROISSANTS,SEASHELLS,4250.0,5
947100,Caesar,Camilla,CROISSANTS,SEASHELLS,4248.0,6
947500,Caesar,Paris,CROISSANTS,SEASHELLS,4247.0,5
949100,Caesar,Paris,CROISSANTS,SEASHELLS,4248.0,6
949200,Caesar,Camilla,CROISSANTS,SEASHELLS,4248.0,6
949200,Caesar,Paris,CROISSANTS,SEASHELLS,4248.0,6
949700,Caesar,Paris,CROISSANTS,SEASHELLS,4249.0,5
950600,Caesar,Paris,CROISSANTS,SEASHELLS,4248.0,5
951600,Caesar,Paris,CROISSANTS,SEASHELLS,4248.0,5
952000,Paris,Caesar,CROISSANTS,SEASHELLS,4249.0,5
952100,Paris,Caesar,CROISSANTS,SEASHELLS,4250.0,6
952500,Caesar,Camilla,CROISSANTS,SEASHELLS,4249.0,9
952600,Caesar,Paris,CROISSANTS,SEASHELLS,4248.0,7
952700,Paris,Caesar,CROISSANTS,SEASHELLS,4249.0,7
952900,Paris,Caesar,CROISSANTS,SEASHELLS,4249.0,6
953100,Paris,Caesar,CROISSANTS,SEASHELLS,4248.0,5
953600,Caesar,Paris,CROISSANTS,SEASHELLS,4247.0,8
954200,Caesar,Camilla,CROISSANTS,SEASHELLS,4246.0,4
955800,Paris,Caesar,CROISSANTS,SEASHELLS,4248.0,7
956200,Paris,Caesar,CROISSANTS,SEASHELLS,4248.0,8
957500,Caesar,Paris,CROISSANTS,SEASHELLS,4248.0,7
958600,Caesar,Camilla,CROISSANTS,SEASHELLS,4249.0,5
959200,Caesar,Paris,CROISSANTS,SEASHELLS,4249.0,5
960800,Caesar,Camilla,CROISSANTS,SEASHELLS,4247.0,9
961100,Paris,Caesar,CROISSANTS,SEASHELLS,4248.0,5
965100,Paris,Caesar,CROISSANTS,SEASHELLS,4247.0,7
967100,Paris,Caesar,CROISSANTS,SEASHELLS,4247.0,5
967800,Caesar,Paris,CROISSANTS,SEASHELLS,4245.0,8
968900,Paris,Caesar,CROISSANTS,SEASHELLS,4245.0,5
969000,Caesar,Paris,CROISSANTS,SEASHELLS,4244.0,8
969300,Paris,Caesar,CROISSANTS,SEASHELLS,4245.0,8
970900,Paris,Caesar,CROISSANTS,SEASHELLS,4244.0,5
971900,Paris,Caesar,CROISSANTS,SEASHELLS,4243.0,7
974000,Caesar,Camilla,CROISSANTS,SEASHELLS,4242.0,5
975800,Caesar,Camilla,CROISSANTS,SEASHELLS,4244.0,10
975800,Caesar,Paris,CROISSANTS,SEASHELLS,4244.0,5
977700,Caesar,Camilla,CROISSANTS,SEASHELLS,4244.0,5
978100,Caesar,Camilla,CROISSANTS,SEASHELLS,4244.0,6
978300,Paris,Caesar,CROISSANTS,SEASHELLS,4246.0,7
978800,Caesar,Paris,CROISSANTS,SEASHELLS,4244.0,6
979200,Paris,Caesar,CROISSANTS,SEASHELLS,4245.0,7
980400,Paris,Caesar,CROISSANTS,SEASHELLS,4245.0,7
983700,Paris,Caesar,CROISSANTS,SEASHELLS,4242.0,7
985700,Caesar,Camilla,CROISSANTS,SEASHELLS,4241.0,4
985900,Paris,Caesar,CROISSANTS,SEASHELLS,4241.0,6
987300,Caesar,Paris,CROISSANTS,SEASHELLS,4240.0,7
987400,Paris,Caesar,CROISSANTS,SEASHELLS,4242.0,7
988400,Caesar,Paris,CROISSANTS,SEASHELLS,4240.0,8
988900,Caesar,Camilla,CROISSANTS,SEASHELLS,4240.0,10
989100,Caesar,Paris,CROISSANTS,SEASHELLS,4240.0,8
989400,Paris,Caesar,CROISSANTS,SEASHELLS,4242.0,8
989500,Caesar,Camilla,CROISSANTS,SEASHELLS,4240.0,6
989700,Caesar,Camilla,CROISSANTS,SEASHELLS,4242.0,8
989800,Caesar,Paris,CROISSANTS,SEASHELLS,4242.0,5
991800,Caesar,Paris,CROISSANTS,SEASHELLS,4241.0,7
992700,Caesar,Paris,CROISSANTS,SEASHELLS,4241.0,7
993700,Caesar,Camilla,CROISSANTS,SEASHELLS,4240.0,6
994000,Caesar,Camilla,CROISSANTS,SEASHELLS,4239.0,6
994700,Caesar,Paris,CROISSANTS,SEASHELLS,4239.0,6
994900,Paris,Caesar,CROISSANTS,SEASHELLS,4241.0,8
996700,Caesar,Paris,CROISSANTS,SEASHELLS,4239.0,8
997100,Caesar,Paris,CROISSANTS,SEASHELLS,4239.0,8
998800,Caesar,Paris,CROISSANTS,SEASHELLS,4239.0,7
1000000,Caesar,Paris,CROISSANTS,SEASHELLS,4241.0,8
1000400,Paris,Caesar,CROISSANTS,SEASHELLS,4242.0,5
1000800,Paris,Caesar,CROISSANTS,SEASHELLS,4242.0,5
1002300,Caesar,Camilla,CROISSANTS,SEASHELLS,4241.0,10
1004600,Paris,Caesar,CROISSANTS,SEASHELLS,4239.0,8
1004900,Caesar,Camilla,CROISSANTS,SEASHELLS,4238.0,5
1006100,Caesar,Paris,CROISSANTS,SEASHELLS,4239.0,7
1006600,Caesar,Camilla,CROISSANTS,SEASHELLS,4239.0,8
1006900,Caesar,Paris,CROISSANTS,SEASHELLS,4239.0,7
1007200,Caesar,Camilla,CROISSANTS,SEASHELLS,4238.0,4
1009100,Caesar,Camilla,CROISSANTS,SEASHELLS,4239.0,5
1009500,Caesar,Paris,CROISSANTS,SEASHELLS,4239.0,6
1010000,Paris,Caesar,CROISSANTS,SEASHELLS,4239.0,5
1011500,Paris,Caesar,CROISSANTS,SEASHELLS,4238.0,8
1011900,Paris,Caesar,CROISSANTS,SEASHELLS,4238.0,8
1012100,Paris,Caesar,CROISSANTS,SEASHELLS,4238.0,8
1014700,Paris,Caesar,CROISSANTS,SEASHELLS,4238.0,5
1014900,Paris,Caesar,CROISSANTS,SEASHELLS,4238.0,5
1015700,Caesar,Camilla,CROISSANTS,SEASHELLS,4236.0,9
1016900,Caesar,Camilla,CROISSANTS,SEASHELLS,4236.0,6
1017600,Caesar,Paris,CROISSANTS,SEASHELLS,4238.0,6
1017900,Caesar,Paris,CROISSANTS,SEASHELLS,4237.0,8
1019100,Camilla,Paris,CROISSANTS,SEASHELLS,4235.0,5
1020800,Caesar,Paris,CROISSANTS,SEASHELLS,4236.0,5
1020900,Caesar,Paris,CROISSANTS,SEASHELLS,4236.0,6
1022300,Caesar,Camilla,CROISSANTS,SEASHELLS,4236.0,10
1023200,Paris,Caesar,CROISSANTS,SEASHELLS,4236.0,7
1023400,Caesar,Paris,CROISSANTS,SEASHELLS,4235.0,8
1023500,Caesar,Paris,CROISSANTS,SEASHELLS,4235.0,8
1023700,Caesar,Paris,CROISSANTS,SEASHELLS,4235.0,8
1024700,Caesar,Camilla,CROISSANTS,SEASHELLS,4236.0,6
1025300,Caesar,Paris,CROISSANTS,SEASHELLS,4237.0,5
1025600,Caesar,Paris,CROISSANTS,SEASHELLS,4237.0,8
1029100,Paris,Caesar,CROISSANTS,SEASHELLS,4236.0,8
1030400,Paris,Caesar,CROISSANTS,SEASHELLS,4237.0,5
1032700,Caesar,Camilla,CROISSANTS,SEASHELLS,4236.0,10
1033600,Caesar,Paris,CROISSANTS,SEASHELLS,4236.0,7
1033900,Caesar,Camilla,CROISSANTS,SEASHELLS,4236.0,5
1034600,Paris,Caesar,CROISSANTS,SEASHELLS,4236.0,5
1034800,Paris,Caesar,CROISSANTS,SEASHELLS,4236.0,8
1038000,Paris,Caesar,CROISSANTS,SEASHELLS,4237.0,7
1039800,Paris,Caesar,CROISSANTS,SEASHELLS,4240.0,6
1040000,Caesar,Paris,CROISSANTS,SEASHELLS,4238.0,8
1041300,Caesar,Paris,CROISSANTS,SEASHELLS,4237.0,7
1042100,Caesar,Paris,CROISSANTS,SEASHELLS,4237.0,8
1042800,Caesar,Paris,CROISSANTS,SEASHELLS,4236.0,7
1043100,Caesar,Camilla,CROISSANTS,SEASHELLS,4236.0,9
1043300,Caesar,Camilla,CROISSANTS,SEASHELLS,4236.0,9
1045100,Caesar,Camilla,CROISSANTS,SEASHELLS,4236.0,6
1045200,Caesar,Paris,CROISSANTS,SEASHELLS,4236.0,6
1046000,Caesar,Paris,CROISSANTS,SEASHELLS,4236.0,7
1048500,Caesar,Paris,CROISSANTS,SEASHELLS,4236.0,6
1048900,Caesar,Camilla,CROISSANTS,SEASHELLS,4236.0,5
1051200,Camilla,Paris,CROISSANTS,SEASHELLS,4236.0,5
1051300,Caesar,Paris,CROISSANTS,SEASHELLS,4236.0,5
1051700,Caesar,Camilla,CROISSANTS,SEASHELLS,4236.0,7
1051900,Caesar,Paris,CROISSANTS,SEASHELLS,4236.0,7
1055700,Caesar,Paris,CROISSANTS,SEASHELLS,4232.0,5
1055900,Caesar,Paris,CROISSANTS,SEASHELLS,4231.0,7
1058400,Paris,Caesar,CROISSANTS,SEASHELLS,4233.0,8
1059000,Caesar,Camilla,CROISSANTS,SEASHELLS,4232.0,9
1060300,Paris,Caesar,CROISSANTS,SEASHELLS,4233.0,8
1061300,Caesar,Camilla,CROISSANTS,SEASHELLS,4231.0,7
1062400,Caesar,Camilla,CROISSANTS,SEASHELLS,4231.0,6
1063000,Caesar,Paris,CROISSANTS,SEASHELLS,4231.0,7
1064000,Paris,Caesar,CROISSANTS,SEASHELLS,4232.0,5
1066700,Caesar,Paris,CROISSANTS,SEASHELLS,4232.0,7
1068700,Paris,Caesar,CROISSANTS,SEASHELLS,4233.0,8
1071700,Caesar,Paris,CROISSANTS,SEASHELLS,4235.0,6
1072500,Paris,Caesar,CROISSANTS,SEASHELLS,4237.0,7
1073600,Paris,Caesar,CROISSANTS,SEASHELLS,4238.0,7
1080200,Paris,Caesar,CROISSANTS,SEASHELLS,4241.0,6
1080800,Paris,Caesar,CROISSANTS,SEASHELLS,4240.0,5
1081100,Caesar,Paris,CROISSANTS,SEASHELLS,4239.0,7
1082200,Caesar,Paris,CROISSANTS,SEASHELLS,4237.0,6
1083100,Paris,Caesar,CROISSANTS,SEASHELLS,4238.0,8
1083500,Caesar,Camilla,CROISSANTS,SEASHELLS,4237.0,4
1083600,Caesar,Camilla,CROISSANTS,SEASHELLS,4237.0,6
1083600,Caesar,Paris,CROISSANTS,SEASHELLS,4237.0,5
1085800,Caesar,Camilla,CROISSANTS,SEASHELLS,4238.0,6
1086200,Caesar,Camilla,CROISSANTS,SEASHELLS,4238.0,6
1086200,Caesar,Paris,CROISSANTS,SEASHELLS,4238.0,6
1087400,Paris,Caesar,CROISSANTS,SEASHELLS,4239.0,5
1088100,Caesar,Camilla,CROISSANTS,SEASHELLS,4238.0,6
1088700,Caesar,Camilla,CROISSANTS,SEASHELLS,4238.0,6
1088900,Caesar,Camilla,CROISSANTS,SEASHELLS,4239.0,7
1089600,Caesar,Paris,CROISSANTS,SEASHELLS,4239.0,5
1091500,Paris,Caesar,CROISSANTS,SEASHELLS,4240.0,8
1093400,Caesar,Camilla,CROISSANTS,SEASHELLS,4238.0,4
1094300,Caesar,Camilla,CROISSANTS,SEASHELLS,4237.0,6
1095200,Caesar,Camilla,CROISSANTS,SEASHELLS,4237.0,5
1098600,Caesar,Paris,CROISSANTS,SEASHELLS,4235.0,7
1098900,Caesar,Paris,CROISSANTS,SEASHELLS,4235.0,6
1099900,Caesar,Paris,CROISSANTS,SEASHELLS,4237.0,7
1101200,Paris,Caesar,CROISSANTS,SEASHELLS,4240.0,5
1101900,Caesar,Camilla,CROISSANTS,SEASHELLS,4239.0,8
1102500,Paris,Caesar,CROISSANTS,SEASHELLS,4241.0,8
1103100,Caesar,Camilla,CROISSANTS,SEASHELLS,4240.0,9
1103400,Caesar,Paris,CROISSANTS,SEASHELLS,4240.0,7
1104100,Paris,Caesar,CROISSANTS,SEASHELLS,4242.0,5
1104400,Caesar,Paris,CROISSANTS,SEASHELLS,4241.0,8
1104800,Caesar,Paris,CROISSANTS,SEASHELLS,4241.0,6
1106600,Paris,Caesar,CROISSANTS,SEASHELLS,4240.0,6
1107100,Paris,Caesar,CROISSANTS,SEASHELLS,4240.0,7
1108200,Caesar,Paris,CROISSANTS,SEASHELLS,4238.0,8
1108400,Paris,Caesar,CROISSANTS,SEASHELLS,4239.0,7
1109400,Caesar,Camilla,CROISSANTS,SEASHELLS,4238.0,4
1112700,Caesar,Camilla,CROISSANTS,SEASHELLS,4240.0,6
1112800,Caesar,Paris,CROISSANTS,SEASHELLS,4240.0,5
1114800,Paris,Caesar,CROISSANTS,SEASHELLS,4243.0,7
1118400,Caesar,Paris,CROISSANTS,SEASHELLS,4242.0,7
1118800,Caesar,Paris,CROISSANTS,SEASHELLS,4243.0,8
1119800,Paris,Caesar,CROISSANTS,SEASHELLS,4243.0,7
1120800,Paris,Caesar,CROISSANTS,SEASHELLS,4243.0,5
1121100,Caesar,Paris,CROISSANTS,SEASHELLS,4242.0,8
1123300,Caesar,Paris,CROISSANTS,SEASHELLS,4239.0,6
1123700,Caesar,Camilla,CROISSANTS,SEASHELLS,4239.0,8
1123700,Caesar,Paris,CROISSANTS,SEASHELLS,4239.0,7
1124100,Paris,Caesar,CROISSANTS,SEASHELLS,4240.0,8
1127800,Caesar,Camilla,CROISSANTS,SEASHELLS,4239.0,5
1128500,Caesar,Paris,CROISSANTS,SEASHELLS,4238.0,5
1128600,Caesar,Paris,CROISSANTS,SEASHELLS,4238.0,6
1131700,Caesar,Camilla,CROISSANTS,SEASHELLS,4236.0,9
1132200,Paris,Caesar,CROISSANTS,SEASHELLS,4236.0,5
1133900,Caesar,Camilla,CROISSANTS,SEASHELLS,4234.0,5
1135100,Caesar,Paris,CROISSANTS,SEASHELLS,4234.0,6
1135200,Caesar,Camilla,CROISSANTS,SEASHELLS,4234.0,5
1135600,Caesar,Camilla,CROISSANTS,SEASHELLS,4233.0,9
1135600,Paris,Caesar,CROISSANTS,SEASHELLS,4235.0,7
1136600,Paris,Caesar,CROISSANTS,SEASHELLS,4236.0,5
1136700,Paris,Caesar,CROISSANTS,SEASHELLS,4236.0,5
1137200,Paris,Caesar,CROISSANTS,SEASHELLS,4237.0,5
1137900,Paris,Caesar,CROISSANTS,SEASHELLS,4236.0,6
1138700,Paris,Caesar,CROISSANTS,SEASHELLS,4236.0,6
1139800,Paris,Caesar,CROISSANTS,SEASHELLS,4235.0,7
1141000,Paris,Caesar,CROISSANTS,SEASHELLS,4236.0,7
1144300,Caesar,Paris,CROISSANTS,SEASHELLS,4234.0,5
1146400,Caesar,Paris,CROISSANTS,SEASHELLS,4235.0,8
1147400,Caesar,Paris,CROISSANTS,SEASHELLS,4235.0,7
1147600,Caesar,Paris,CROISSANTS,SEASHELLS,4235.0,6
1148500,Paris,Caesar,CROISSANTS,SEASHELLS,4236.0,6
1148700,Caesar,Paris,CROISSANTS,SEASHELLS,4235.0,8
1149600,Caesar,Paris,CROISSANTS,SEASHELLS,4235.0,8
1152100,Paris,Caesar,CROISSANTS,SEASHELLS,4236.0,5
1153300,Paris,Caesar,CROISSANTS,SEASHELLS,4236.0,6
1153500,Paris,Caesar,CROISSANTS,SEASHELLS,4236.0,8
1154000,Caesar,Paris,CROISSANTS,SEASHELLS,4235.0,5
1155000,Caesar,Camilla,CROISSANTS,SEASHELLS,4235.0,4
1155400,Caesar,Paris,CROISSANTS,SEASHELLS,4234.0,8
1156700,Paris,Caesar,CROISSANTS,SEASHELLS,4238.0,6
1157400,Caesar,Camilla,CROISSANTS,SEASHELLS,4236.0,9
1160000,Caesar,Paris,CROISSANTS,SEASHELLS,4234.0,8
1161000,Caesar,Paris,CROISSANTS,SEASHELLS,4234.0,6
1161700,Caesar,Paris,CROISSANTS,SEASHELLS,4234.0,6
1161900,Caesar,Paris,CROISSANTS,SEASHELLS,4234.0,5
1166100,Caesar,Paris,CROISSANTS,SEASHELLS,4235.0,8
1166800,Paris,Caesar,CROISSANTS,SEASHELLS,4236.0,6
1166900,Paris,Caesar,CROISSANTS,SEASHELLS,4236.0,6
1167100,Caesar,Paris,CROISSANTS,SEASHELLS,4235.0,8
1169000,Caesar,Camilla,CROISSANTS,SEASHELLS,4236.0,7
1170100,Caesar,Paris,CROISSANTS,SEASHELLS,4236.0,6
1171800,Paris,Caesar,CROISSANTS,SEASHELLS,4238.0,8
1172000,Paris,Caesar,CROISSANTS,SEASHELLS,4237.0,6
1172100,Paris,Caesar,CROISSANTS,SEASHELLS,4237.0,8
1172900,Paris,Caesar,CROISSANTS,SEASHELLS,4236.0,5
1173600,Paris,Caesar,CROISSANTS,SEASHELLS,4234.0,5
1174100,Caesar,Paris,CROISSANTS,SEASHELLS,4232.0,6
1174800,Caesar,Paris,CROISSANTS,SEASHELLS,4231.0,5
1175700,Caesar,Camilla,CROISSANTS,SEASHELLS,4232.0,4
1176300,Caesar,Paris,CROISSANTS,SEASHELLS,4232.0,5
1176500,Caesar,Camilla,CROISSANTS,SEASHELLS,4232.0,7
1177300,Caesar,Camilla,CROISSANTS,SEASHELLS,4232.0,8
1178300,Caesar,Camilla,CROISSANTS,SEASHELLS,4232.0,10
1179200,Paris,Caesar,CROISSANTS,SEASHELLS,4234.0,6
1183000,Paris,Caesar,CROISSANTS,SEASHELLS,4234.0,7
1183200,Caesar,Camilla,CROISSANTS,SEASHELLS,4233.0,10
1183900,Paris,Caesar,CROISSANTS,SEASHELLS,4234.0,7
1184400,Caesar,Paris,CROISSANTS,SEASHELLS,4232.0,5
1184800,Caesar,Camilla,CROISSANTS,SEASHELLS,4233.0,10
1185500,Caesar,Paris,CROISSANTS,SEASHELLS,4233.0,6
1188700,Caesar,Paris,CROISSANTS,SEASHELLS,4231.0,7
1189400,Paris,Caesar,CROISSANTS,SEASHELLS,4232.0,7
1190600,Caesar,Paris,CROISSANTS,SEASHELLS,4231.0,6
1193400,Paris,Caesar,CROISSANTS,SEASHELLS,4233.0,5
1194400,Caesar,Camilla,CROISSANTS,SEASHELLS,4232.0,10
1194800,Caesar,Camilla,CROISSANTS,SEASHELLS,4232.0,7
1195400,Caesar,Paris,CROISSANTS,SEASHELLS,4232.0,5
1197500,Caesar,Paris,CROISSANTS,SEASHELLS,4231.0,6
1199400,Paris,Caesar,CROISSANTS,SEASHELLS,4231.0,7
1199600,Caesar,Camilla,CROISSANTS,SEASHELLS,4230.0,10
1199900,Caesar,Paris,CROISSANTS,SEASHELLS,4230.0,6
1200200,Caesar,Camilla,CROISSANTS,SEASHELLS,4230.0,4
1201300,Caesar,Camilla,CROISSANTS,SEASHELLS,4230.0,5
1201600,Caesar,Paris,CROISSANTS,SEASHELLS,4230.0,7
1202700,Paris,Caesar,CROISSANTS,SEASHELLS,4233.0,7
1204000,Caesar,Camilla,CROISSANTS,SEASHELLS,4232.0,4
1205100,Caesar,Paris,CROISSANTS,SEASHELLS,4232.0,6
1206600,Paris,Caesar,CROISSANTS,SEASHELLS,4234.0,7
1206700,Caesar,Camilla,CROISSANTS,SEASHELLS,4233.0,5
1207400,Caesar,Camilla,CROISSANTS,SEASHELLS,4231.0,7
1208100,Caesar,Camilla,CROISSANTS,SEASHELLS,4231.0,6
1211700,Paris,Caesar,CROISSANTS,SEASHELLS,4232.0,8
1211800,Caesar,Paris,CROISSANTS,SEASHELLS,4231.0,6
1212000,Paris,Caesar,CROISSANTS,SEASHELLS,4232.0,5
1212500,Caesar,Paris,CROISSANTS,SEASHELLS,4230.0,5
1214400,Caesar,Camilla,CROISSANTS,SEASHELLS,4229.0,4
1214900,Caesar,Camilla,CROISSANTS,SEASHELLS,4229.0,6
1216200,Paris,Caesar,CROISSANTS,SEASHELLS,4232.0,5
1217400,Caesar,Paris,CROISSANTS,SEASHELLS,4231.0,8
1222200,Caesar,Camilla,CROISSANTS,SEASHELLS,4232.0,7
1222500,Caesar,Paris,CROISSANTS,SEASHELLS,4231.0,5
1223600,Paris,Caesar,CROISSANTS,SEASHELLS,4233.0,5
1225000,Paris,Caesar,CROISSANTS,SEASHELLS,4232.0,7
1225700,Paris,Caesar,CROISSANTS,SEASHELLS,4233.0,6
1227200,Paris,Caesar,CROISSANTS,SEASHELLS,4232.0,6
1228100,Paris,Caesar,CROISSANTS,SEASHELLS,4232.0,5
1228400,Caesar,Paris,CROISSANTS,SEASHELLS,4231.0,5
1229200,Caesar,Paris,CROISSANTS,SEASHELLS,4231.0,6
1229700,Paris,Caesar,CROISSANTS,SEASHELLS,4231.0,7
1230100,Caesar,Paris,CROISSANTS,SEASHELLS,4231.0,8
1231700,Caesar,Paris,CROISSANTS,SEASHELLS,4233.0,8
1231800,Paris,Caesar,CROISSANTS,SEASHELLS,4234.0,6
1232600,Caesar,Paris,CROISSANTS,SEASHELLS,4233.0,5
1232800,Caesar,Paris,CROISSANTS,SEASHELLS,4233.0,6
1233700,Caesar,Paris,CROISSANTS,SEASHELLS,4233.0,5
1235700,Caesar,Paris,CROISSANTS,SEASHELLS,4233.0,7
1235900,Paris,Caesar,CROISSANTS,SEASHELLS,4234.0,8
1237000,Paris,Caesar,CROISSANTS,SEASHELLS,4233.0,7
1237900,Caesar,Camilla,CROISSANTS,SEASHELLS,4232.0,8
1242100,Caesar,Paris,CROISSANTS,SEASHELLS,4234.0,7
1243100,Caesar,Camilla,CROISSANTS,SEASHELLS,4234.0,6
1244400,Paris,Caesar,CROISSANTS,SEASHELLS,4235.0,5
1244800,Caesar,Paris,CROISSANTS,SEASHELLS,4234.0,8
1245000,Caesar,Paris,CROISSANTS,SEASHELLS,4234.0,7
1246000,Paris,Caesar,CROISSANTS,SEASHELLS,4235.0,5
1247200,Paris,Caesar,CROISSANTS,SEASHELLS,4235.0,6
1250800,Caesar,Paris,CROISSANTS,SEASHELLS,4232.0,6
1250900,Caesar,Paris,CROISSANTS,SEASHELLS,4233.0,8
1252300,Caesar,Camilla,CROISSANTS,SEASHELLS,4233.0,4
1253200,Paris,Caesar,CROISSANTS,SEASHELLS,4234.0,6
1253300,Caesar,Camilla,CROISSANTS,SEASHELLS,4233.0,6
1253300,Paris,Caesar,CROISSANTS,SEASHELLS,4234.0,8
1255400,Caesar,Paris,CROISSANTS,SEASHELLS,4233.0,5
1255900,Caesar,Camilla,CROISSANTS,SEASHELLS,4232.0,8
1257100,Caesar,Camilla,CROISSANTS,SEASHELLS,4233.0,10
1257300,Paris,Caesar,CROISSANTS,SEASHELLS,4234.0,6
1258900,Caesar,Camilla,CROISSANTS,SEASHELLS,4233.0,8
1259000,Caesar,Paris,CROISSANTS,SEASHELLS,4233.0,5
1259900,Caesar,Paris,CROISSANTS,SEASHELLS,4234.0,6
1260600,Caesar,Paris,CROISSANTS,SEASHELLS,4233.0,7
1262400,Paris,Caesar,CROISSANTS,SEASHELLS,4237.0,6
1265200,Caesar,Camilla,CROISSANTS,SEASHELLS,4235.0,6
1269200,Caesar,Paris,CROISSANTS,SEASHELLS,4237.0,6
1269500,Caesar,Camilla,CROISSANTS,SEASHELLS,4236.0,5
1269600,Caesar,Camilla,CROISSANTS,SEASHELLS,4236.0,5
1269600,Paris,Caesar,CROISSANTS,SEASHELLS,4237.0,8
1271600,Caesar,Camilla,CROISSANTS,SEASHELLS,4237.0,7
1271600,Paris,Caesar,CROISSANTS,SEASHELLS,4238.0,6
1275200,Paris,Caesar,CROISSANTS,SEASHELLS,4238.0,6
1278100,Caesar,Camilla,CROISSANTS,SEASHELLS,4237.0,5
1278500,Paris,Caesar,CROISSANTS,SEASHELLS,4238.0,6
1279100,Caesar,Paris,CROISSANTS,SEASHELLS,4236.0,7
1279200,Paris,Caesar,CROISSANTS,SEASHELLS,4238.0,7
1280900,Caesar,Paris,CROISSANTS,SEASHELLS,4233.0,6
1282400,Caesar,Paris,CROISSANTS,SEASHELLS,4234.0,7
1283300,Caesar,Paris,CROISSANTS,SEASHELLS,4234.0,5
1284200,Caesar,Paris,CROISSANTS,SEASHELLS,4234.0,8
1286300,Caesar,Camilla,CROISSANTS,SEASHELLS,4234.0,8
1287800,Paris,Caesar,CROISSANTS,SEASHELLS,4235.0,6
1290700,Paris,Caesar,CROISSANTS,SEASHELLS,4235.0,6
1290900,Paris,Caesar,CROISSANTS,SEASHELLS,4235.0,5
1291500,Caesar,Paris,CROISSANTS,SEASHELLS,4234.0,6
1291900,Paris,Caesar,CROISSANTS,SEASHELLS,4234.0,6
1292100,Paris,Caesar,CROISSANTS,SEASHELLS,4234.0,6
1292700,Paris,Caesar,CROISSANTS,SEASHELLS,4234.0,5
1293600,Caesar,Paris,CROISSANTS,SEASHELLS,4232.0,8
1294400,Paris,Caesar,CROISSANTS,SEASHELLS,4235.0,5
1296300,Caesar,Paris,CROISSANTS,SEASHELLS,4234.0,5
1298100,Caesar,Paris,CROISSANTS,SEASHELLS,4235.0,6
1300100,Paris,Caesar,CROISSANTS,SEASHELLS,4235.0,5
1300900,Caesar,Camilla,CROISSANTS,SEASHELLS,4234.0,4
1302400,Paris,Caesar,CROISSANTS,SEASHELLS,4235.0,8
1303400,Paris,Caesar,CROISSANTS,SEASHELLS,4234.0,6
1305500,Paris,Caesar,CROISSANTS,SEASHELLS,4234.0,7
1305800,Caesar,Camilla,CROISSANTS,SEASHELLS,4233.0,8
1306600,Paris,Caesar,CROISSANTS,SEASHELLS,4235.0,5
1307500,Caesar,Paris,CROISSANTS,SEASHELLS,4233.0,5
1307900,Caesar,Paris,CROISSANTS,SEASHELLS,4233.0,5
1309200,Caesar,Camilla,CROISSANTS,SEASHELLS,4233.0,10
1309800,Caesar,Paris,CROISSANTS,SEASHELLS,4234.0,6
1312200,Caesar,Paris,CROISSANTS,SEASHELLS,4233.0,8
1316300,Caesar,Camilla,CROISSANTS,SEASHELLS,4233.0,10
1316500,Paris,Caesar,CROISSANTS,SEASHELLS,4234.0,8
1316800,Paris,Caesar,CROISSANTS,SEASHELLS,4234.0,7
1319500,Caesar,Paris,CROISSANTS,SEASHELLS,4233.0,5
1319800,Paris,Caesar,CROISSANTS,SEASHELLS,4233.0,7
1319900,Caesar,Paris,CROISSANTS,SEASHELLS,4232.0,5
1321500,Caesar,Paris,CROISSANTS,SEASHELLS,4232.0,5
1322900,Caesar,Camilla,CROISSANTS,SEASHELLS,4231.0,6
1323200,Camilla,Paris,CROISSANTS,SEASHELLS,4231.0,5
1324300,Paris,Caesar,CROISSANTS,SEASHELLS,4231.0,8
1324600,Caesar,Paris,CROISSANTS,SEASHELLS,4230.0,7
1324900,Paris,Caesar,CROISSANTS,SEASHELLS,4231.0,8
1325400,Paris,Caesar,CROISSANTS,SEASHELLS,4230.0,6
1326200,Caesar,Camilla,CROISSANTS,SEASHELLS,4230.0,6
1326700,Caesar,Camilla,CROISSANTS,SEASHELLS,4230.0,4
1326700,Caesar,Paris,CROISSANTS,SEASHELLS,4230.0,5
1327000,Paris,Caesar,CROISSANTS,SEASHELLS,4230.0,8
1328100,Caesar,Paris,CROISSANTS,SEASHELLS,4229.0,5
1329400,Paris,Caesar,CROISSANTS,SEASHELLS,4230.0,7
1330500,Caesar,Camilla,CROISSANTS,SEASHELLS,4232.0,5
1331200,Paris,Caesar,CROISSANTS,SEASHELLS,4235.0,5
1331600,Paris,Caesar,CROISSANTS,SEASHELLS,4234.0,5
1331900,Paris,Caesar,CROISSANTS,SEASHELLS,4233.0,7
1332000,Caesar,Camilla,CROISSANTS,SEASHELLS,4231.0,6
1333600,Caesar,Paris,CROISSANTS,SEASHELLS,4229.0,5
1334500,Caesar,Camilla,CROISSANTS,SEASHELLS,4231.0,6
1334700,Caesar,Camilla,CROISSANTS,SEASHELLS,4231.0,10
1336000,Caesar,Camilla,CROISSANTS,SEASHELLS,4229.0,8
1336600,Caesar,Paris,CROISSANTS,SEASHELLS,4230.0,8
1337500,Caesar,Camilla,CROISSANTS,SEASHELLS,4230.0,6
1338000,Caesar,Paris,CROISSANTS,SEASHELLS,4230.0,8
1338400,Paris,Caesar,CROISSANTS,SEASHELLS,4230.0,6
1339000,Caesar,Paris,CROISSANTS,SEASHELLS,4229.0,6
1343600,Olivia,Caesar,CROISSANTS,SEASHELLS,4227.0,3
1345100,Caesar,Paris,CROISSANTS,SEASHELLS,4228.0,8
1345500,Caesar,Paris,CROISSANTS,SEASHELLS,4228.0,7
1346000,Caesar,Camilla,CROISSANTS,SEASHELLS,4228.0,5
1348800,Caesar,Paris,CROISSANTS,SEASHELLS,4233.0,5
1349000,Caesar,Paris,CROISSANTS,SEASHELLS,4232.0,6
1350200,Paris,Caesar,CROISSANTS,SEASHELLS,4237.0,7
1350600,Paris,Caesar,CROISSANTS,SEASHELLS,4238.0,6
1351200,Paris,Caesar,CROISSANTS,SEASHELLS,4238.0,6
1351300,Caesar,Paris,CROISSANTS,SEASHELLS,4237.0,5
1358000,Caesar,Camilla,CROISSANTS,SEASHELLS,4238.0,7
1359300,Paris,Caesar,CROISSANTS,SEASHELLS,4243.0,8
1360500,Caesar,Paris,CROISSANTS,SEASHELLS,4242.0,8
1361300,Caesar,Camilla,CROISSANTS,SEASHELLS,4243.0,10
1361900,Caesar,Camilla,CROISSANTS,SEASHELLS,4242.0,7
1362600,Paris,Caesar,CROISSANTS,SEASHELLS,4241.0,5
1362700,Caesar,Camilla,CROISSANTS,SEASHELLS,4239.0,9
1362900,Caesar,Paris,CROISSANTS,SEASHELLS,4239.0,8
1364000,Caesar,Paris,CROISSANTS,SEASHELLS,4240.0,7
1365200,Caesar,Paris,CROISSANTS,SEASHELLS,4240.0,6
1366300,Caesar,Paris,CROISSANTS,SEASHELLS,4239.0,6
1367400,Caesar,Camilla,CROISSANTS,SEASHELLS,4240.0,4
1370500,Caesar,Paris,CROISSANTS,SEASHELLS,4241.0,7
1370800,Caesar,Paris,CROISSANTS,SEASHELLS,4241.0,7
1371200,Paris,Caesar,CROISSANTS,SEASHELLS,4241.0,7
1373000,Paris,Caesar,CROISSANTS,SEASHELLS,4240.0,5
1374100,Caesar,Paris,CROISSANTS,SEASHELLS,4239.0,7
1375700,Caesar,Paris,CROISSANTS,SEASHELLS,4245.0,7
1376700,Caesar,Paris,CROISSANTS,SEASHELLS,4242.0,8
1380400,Paris,Caesar,CROISSANTS,SEASHELLS,4249.0,8
1381300,Caesar,Camilla,CROISSANTS,SEASHELLS,4248.0,4
1382200,Paris,Caesar,CROISSANTS,SEASHELLS,4249.0,5
1382600,Caesar,Paris,CROISSANTS,SEASHELLS,4247.0,8
1383100,Caesar,Camilla,CROISSANTS,SEASHELLS,4248.0,6
1383700,Caesar,Paris,CROISSANTS,SEASHELLS,4248.0,5
1384000,Caesar,Paris,CROISSANTS,SEASHELLS,4248.0,7
1384500,Caesar,Paris,CROISSANTS,SEASHELLS,4248.0,5
1385300,Paris,Caesar,CROISSANTS,SEASHELLS,4249.0,5
1386300,Paris,Caesar,CROISSANTS,SEASHELLS,4253.0,6
1386800,Caesar,Paris,CROISSANTS,SEASHELLS,4252.0,7
1387500,Caesar,Camilla,CROISSANTS,SEASHELLS,4250.0,7
1389100,Caesar,Paris,CROISSANTS,SEASHELLS,4249.0,6
1389400,Caesar,Camilla,CROISSANTS,SEASHELLS,4250.0,8
1389700,Paris,Caesar,CROISSANTS,SEASHELLS,4252.0,5
1390900,Caesar,Paris,CROISSANTS,SEASHELLS,4248.0,5
1393200,Paris,Caesar,CROISSANTS,SEASHELLS,4251.0,8
1393500,Caesar,Camilla,CROISSANTS,SEASHELLS,4250.0,6
1394400,Caesar,Camilla,CROISSANTS,SEASHELLS,4251.0,5
1395500,Paris,Caesar,CROISSANTS,SEASHELLS,4256.0,7
1395600,Caesar,Camilla,CROISSANTS,SEASHELLS,4255.0,9
1396400,Caesar,Camilla,CROISSANTS,SEASHELLS,4256.0,4
1396500,Paris,Caesar,CROISSANTS,SEASHELLS,4257.0,7
1397400,Paris,Caesar,CROISSANTS,SEASHELLS,4258.0,5
1398200,Caesar,Paris,CROISSANTS,SEASHELLS,4258.0,6
1400700,Paris,Caesar,CROISSANTS,SEASHELLS,4264.0,7
1400800,Caesar,Paris,CROISSANTS,SEASHELLS,4262.0,8
1402000,Caesar,Camilla,CROISSANTS,SEASHELLS,4261.0,6
1402300,Paris,Caesar,CROISSANTS,SEASHELLS,4262.0,5
1403700,Caesar,Paris,CROISSANTS,SEASHELLS,4262.0,8
1406700,Caesar,Paris,CROISSANTS,SEASHELLS,4264.0,5
1407300,Caesar,Camilla,CROISSANTS,SEASHELLS,4267.0,8
1407300,Caesar,Paris,CROISSANTS,SEASHELLS,4267.0,6
1407800,Caesar,Paris,CROISSANTS,SEASHELLS,4268.0,5
1408700,Caesar,Camilla,CROISSANTS,SEASHELLS,4267.0,6
1408900,Caesar,Paris,CROISSANTS,SEASHELLS,4266.0,8
1409700,Paris,Caesar,CROISSANTS,SEASHELLS,4269.0,8
1412300,Caesar,Paris,CROISSANTS,SEASHELLS,4266.0,5
1414200,Caesar,Paris,CROISSANTS,SEASHELLS,4267.0,5
1416500,Caesar,Paris,CROISSANTS,SEASHELLS,4261.0,7
1416600,Paris,Caesar,CROISSANTS,SEASHELLS,4262.0,6
1417100,Caesar,Paris,CROISSANTS,SEASHELLS,4261.0,5
1417700,Caesar,Camilla,CROISSANTS,SEASHELLS,4260.0,6
1417800,Caesar,Paris,CROISSANTS,SEASHELLS,4259.0,6
1419200,Caesar,Paris,CROISSANTS,SEASHELLS,4259.0,8
1421300,Paris,Caesar,CROISSANTS,SEASHELLS,4261.0,7
1422900,Caesar,Paris,CROISSANTS,SEASHELLS,4259.0,5
1423000,Caesar,Paris,CROISSANTS,SEASHELLS,4259.0,5
1423900,Caesar,Paris,CROISSANTS,SEASHELLS,4258.0,5
1425200,Caesar,Camilla,CROISSANTS,SEASHELLS,4258.0,8
1425400,Caesar,Camilla,CROISSANTS,SEASHELLS,4258.0,9
1426300,Paris,Caesar,CROISSANTS,SEASHELLS,4258.0,5
1427300,Caesar,Paris,CROISSANTS,SEASHELLS,4256.0,7
1427900,Caesar,Paris,CROISSANTS,SEASHELLS,4255.0,7
1428000,Caesar,Paris,CROISSANTS,SEASHELLS,4255.0,5
1428400,Caesar,Paris,CROISSANTS,SEASHELLS,4256.0,6
1429800,Paris,Caesar,CROISSANTS,SEASHELLS,4258.0,6
1430100,Paris,Caesar,CROISSANTS,SEASHELLS,4257.0,5
1431100,Paris,Caesar,CROISSANTS,SEASHELLS,4253.0,6
1432600,Paris,Caesar,CROISSANTS,SEASHELLS,4255.0,5
1434000,Caesar,Camilla,CROISSANTS,SEASHELLS,4256.0,4
1435100,Paris,Caesar,CROISSANTS,SEASHELLS,4256.0,7
1435500,Caesar,Camilla,CROISSANTS,SEASHELLS,4255.0,8
1436700,Paris,Caesar,CROISSANTS,SEASHELLS,4255.0,5
1436800,Caesar,Camilla,CROISSANTS,SEASHELLS,4254.0,5
1436900,Caesar,Paris,CROISSANTS,SEASHELLS,4255.0,5
1440700,Paris,Caesar,CROISSANTS,SEASHELLS,4257.0,7
1441700,Caesar,Camilla,CROISSANTS,SEASHELLS,4255.0,5
1442000,Caesar,Paris,CROISSANTS,SEASHELLS,4254.0,8
1442600,Caesar,Camilla,CROISSANTS,SEASHELLS,4255.0,4
1445800,Caesar,Paris,CROISSANTS,SEASHELLS,4252.0,7
1447300,Caesar,Paris,CROISSANTS,SEASHELLS,4252.0,8
1447800,Caesar,Camilla,CROISSANTS,SEASHELLS,4252.0,5
1449900,Caesar,Paris,CROISSANTS,SEASHELLS,4252.0,6
1450600,Caesar,Camilla,CROISSANTS,SEASHELLS,4250.0,4
1450900,Paris,Caesar,CROISSANTS,SEASHELLS,4252.0,6
1453900,Caesar,Camilla,CROISSANTS,SEASHELLS,4250.0,8
1454200,Caesar,Paris,CROISSANTS,SEASHELLS,4249.0,8
1454500,Caesar,Paris,CROISSANTS,SEASHELLS,4248.0,6
1455900,Caesar,Paris,CROISSANTS,SEASHELLS,4247.0,6
1457500,Paris,Caesar,CROISSANTS,SEASHELLS,4249.0,5
1459200,Caesar,Camilla,CROISSANTS,SEASHELLS,4250.0,5
1459300,Caesar,Paris,CROISSANTS,SEASHELLS,4250.0,8
1460800,Caesar,Paris,CROISSANTS,SEASHELLS,4251.0,8
1461400,Caesar,Camilla,CROISSANTS,SEASHELLS,4252.0,7
1462000,Caesar,Paris,CROISSANTS,SEASHELLS,4253.0,5
1463600,Paris,Caesar,CROISSANTS,SEASHELLS,4254.0,7
1464200,Paris,Caesar,CROISSANTS,SEASHELLS,4253.0,6
1465600,Caesar,Paris,CROISSANTS,SEASHELLS,4253.0,7
1466000,Caesar,Paris,CROISSANTS,SEASHELLS,4255.0,5
1467200,Caesar,Camilla,CROISSANTS,SEASHELLS,4255.0,4
1468500,Paris,Caesar,CROISSANTS,SEASHELLS,4255.0,8
1468700,Caesar,Paris,CROISSANTS,SEASHELLS,4254.0,7
1469600,Paris,Caesar,CROISSANTS,SEASHELLS,4255.0,7
1471300,Caesar,Paris,CROISSANTS,SEASHELLS,4258.0,7
1473500,Caesar,Paris,CROISSANTS,SEASHELLS,4260.0,8
1477300,Paris,Caesar,CROISSANTS,SEASHELLS,4258.0,8
1479300,Caesar,Camilla,CROISSANTS,SEASHELLS,4253.0,9
1482400,Paris,Caesar,CROISSANTS,SEASHELLS,4253.0,6
1483000,Caesar,Paris,CROISSANTS,SEASHELLS,4253.0,7
1483100,Caesar,Paris,CROISSANTS,SEASHELLS,4252.0,6
1484500,Caesar,Paris,CROISSANTS,SEASHELLS,4252.0,7
1484800,Caesar,Paris,CROISSANTS,SEASHELLS,4252.0,7
1485500,Caesar,Paris,CROISSANTS,SEASHELLS,4250.0,7
1486500,Paris,Caesar,CROISSANTS,SEASHELLS,4252.0,6
1486800,Caesar,Paris,CROISSANTS,SEASHELLS,4251.0,5
1487600,Paris,Caesar,CROISSANTS,SEASHELLS,4251.0,8
1488200,Paris,Caesar,CROISSANTS,SEASHELLS,4252.0,5
1488600,Caesar,Paris,CROISSANTS,SEASHELLS,4252.0,6
1488800,Caesar,Camilla,CROISSANTS,SEASHELLS,4252.0,4
1490700,Paris,Caesar,CROISSANTS,SEASHELLS,4251.0,6
1491100,Caesar,Paris,CROISSANTS,SEASHELLS,4249.0,8
1492100,Caesar,Paris,CROISSANTS,SEASHELLS,4251.0,5
1493300,Paris,Caesar,CROISSANTS,SEASHELLS,4252.0,5
1493700,Caesar,Paris,CROISSANTS,SEASHELLS,4252.0,6
1495300,Caesar,Camilla,CROISSANTS,SEASHELLS,4251.0,4
1495300,Caesar,Paris,CROISSANTS,SEASHELLS,4251.0,7
1496700,Paris,Caesar,CROISSANTS,SEASHELLS,4252.0,7
1497100,Paris,Caesar,CROISSANTS,SEASHELLS,4253.0,7
1497300,Caesar,Paris,CROISSANTS,SEASHELLS,4252.0,5
1497400,Caesar,Camilla,CROISSANTS,SEASHELLS,4252.0,8
1497700,Caesar,Paris,CROISSANTS,SEASHELLS,4252.0,5
1498100,Caesar,Camilla,CROISSANTS,SEASHELLS,4252.0,6
1498200,Caesar,Camilla,CROISSANTS,SEASHELLS,4252.0,9
1499100,Caesar,Paris,CROISSANTS,SEASHELLS,4250.0,6
1499200,Paris,Caesar,CROISSANTS,SEASHELLS,4250.0,8
1499800,Caesar,Camilla,CROISSANTS,SEASHELLS,4249.0,6
1500500,Caesar,Paris,CROISSANTS,SEASHELLS,4248.0,6
1501800,Caesar,Paris,CROISSANTS,SEASHELLS,4247.0,7
1502600,Caesar,Paris,CROISSANTS,SEASHELLS,4248.0,8
1503000,Paris,Caesar,CROISSANTS,SEASHELLS,4250.0,7
1503600,Caesar,Paris,CROISSANTS,SEASHELLS,4250.0,6
1504400,Paris,Caesar,CROISSANTS,SEASHELLS,4249.0,7
1507200,Caesar,Camilla,CROISSANTS,SEASHELLS,4250.0,6
1507600,Caesar,Camilla,CROISSANTS,SEASHELLS,4249.0,4
1509200,Caesar,Camilla,CROISSANTS,SEASHELLS,4247.0,7
1509900,Caesar,Paris,CROISSANTS,SEASHELLS,4247.0,5
1510600,Paris,Caesar,CROISSANTS,SEASHELLS,4249.0,6
1511400,Caesar,Paris,CROISSANTS,SEASHELLS,4248.0,6
1511800,Paris,Caesar,CROISSANTS,SEASHELLS,4249.0,6
1512100,Paris,Caesar,CROISSANTS,SEASHELLS,4250.0,6
1512500,Paris,Caesar,CROISSANTS,SEASHELLS,4250.0,8
1512700,Caesar,Camilla,CROISSANTS,SEASHELLS,4249.0,10
1513000,Caesar,Paris,CROISSANTS,SEASHELLS,4250.0,8
1513200,Caesar,Paris,CROISSANTS,SEASHELLS,4250.0,7
1513800,Caesar,Paris,CROISSANTS,SEASHELLS,4251.0,7
1514000,Paris,Caesar,CROISSANTS,SEASHELLS,4253.0,8
1516000,Paris,Caesar,CROISSANTS,SEASHELLS,4251.0,5
1517400,Caesar,Paris,CROISSANTS,SEASHELLS,4250.0,5
1518600,Caesar,Paris,CROISSANTS,SEASHELLS,4251.0,7
1519800,Caesar,Camilla,CROISSANTS,SEASHELLS,4251.0,5
1519800,Caesar,Paris,CROISSANTS,SEASHELLS,4251.0,6
1522300,Paris,Caesar,CROISSANTS,SEASHELLS,4253.0,8
1522500,Caesar,Camilla,CROISSANTS,SEASHELLS,4252.0,7
1522900,Caesar,Paris,CROISSANTS,SEASHELLS,4252.0,5
1523800,Paris,Caesar,CROISSANTS,SEASHELLS,4254.0,7
1525600,Paris,Caesar,CROISSANTS,SEASHELLS,4254.0,5
1527600,Paris,Caesar,CROISSANTS,SEASHELLS,4252.0,6
1529000,Caesar,Camilla,CROISSANTS,SEASHELLS,4250.0,6
1532600,Caesar,Paris,CROISSANTS,SEASHELLS,4249.0,8
1533400,Paris,Caesar,CROISSANTS,SEASHELLS,4252.0,7
1533600,Caesar,Camilla,CROISSANTS,SEASHELLS,4252.0,4
1534400,Paris,Caesar,CROISSANTS,SEASHELLS,4253.0,6
1536200,Caesar,Paris,CROISSANTS,SEASHELLS,4250.0,8
1537300,Paris,Caesar,CROISSANTS,SEASHELLS,4251.0,8
1540700,Caesar,Paris,CROISSANTS,SEASHELLS,4249.0,7
1542200,Paris,Caesar,CROISSANTS,SEASHELLS,4250.0,7
1543200,Paris,Caesar,CROISSANTS,SEASHELLS,4251.0,6
1543900,Caesar,Camilla,CROISSANTS,SEASHELLS,4253.0,8
1544100,Caesar,Paris,CROISSANTS,SEASHELLS,4254.0,7
1546000,Paris,Caesar,CROISSANTS,SEASHELLS,4255.0,5
1547400,Paris,Caesar,CROISSANTS,SEASHELLS,4257.0,7
1547900,Paris,Caesar,CROISSANTS,SEASHELLS,4257.0,8
1549500,Caesar,Paris,CROISSANTS,SEASHELLS,4253.0,7
1549800,Paris,Caesar,CROISSANTS,SEASHELLS,4254.0,7
1550000,Caesar,Camilla,CROISSANTS,SEASHELLS,4253.0,6
1551300,Paris,Caesar,CROISSANTS,SEASHELLS,4251.0,6
1551400,Caesar,Paris,CROISSANTS,SEASHELLS,4249.0,7
1551800,Paris,Caesar,CROISSANTS,SEASHELLS,4250.0,5
1553500,Caesar,Paris,CROISSANTS,SEASHELLS,4249.0,6
1555100,Paris,Caesar,CROISSANTS,SEASHELLS,4249.0,5
1556100,Paris,Caesar,CROISSANTS,SEASHELLS,4247.0,5
1556300,Paris,Caesar,CROISSANTS,SEASHELLS,4247.0,7
1557200,Caesar,Paris,CROISSANTS,SEASHELLS,4247.0,8
1558600,Caesar,Paris,CROISSANTS,SEASHELLS,4247.0,8
1558800,Caesar,Camilla,CROISSANTS,SEASHELLS,4247.0,8
1559400,Caesar,Camilla,CROISSANTS,SEASHELLS,4246.0,4
1561100,Caesar,Paris,CROISSANTS,SEASHELLS,4246.0,7
1561300,Caesar,Paris,CROISSANTS,SEASHELLS,4246.0,7
1563300,Caesar,Paris,CROISSANTS,SEASHELLS,4246.0,5
1567000,Paris,Caesar,CROISSANTS,SEASHELLS,4249.0,5
1567500,Caesar,Camilla,CROISSANTS,SEASHELLS,4248.0,5
1567700,Paris,Caesar,CROISSANTS,SEASHELLS,4249.0,5
1568300,Caesar,Paris,CROISSANTS,SEASHELLS,4248.0,5
1568700,Caesar,Camilla,CROISSANTS,SEASHELLS,4249.0,6
1572200,Paris,Caesar,CROISSANTS,SEASHELLS,4249.0,6
1572800,Caesar,Paris,CROISSANTS,SEASHELLS,4248.0,7
1574600,Caesar,Paris,CROISSANTS,SEASHELLS,4250.0,6
1575800,Caesar,Camilla,CROISSANTS,SEASHELLS,4251.0,9
1578400,Paris,Caesar,CROISSANTS,SEASHELLS,4251.0,7
1580500,Caesar,Paris,CROISSANTS,SEASHELLS,4249.0,5
1582600,Paris,Caesar,CROISSANTS,SEASHELLS,4251.0,6
1583100,Paris,Caesar,CROISSANTS,SEASHELLS,4251.0,7
1584400,Paris,Caesar,CROISSANTS,SEASHELLS,4252.0,6
1584500,Paris,Caesar,CROISSANTS,SEASHELLS,4252.0,7
1585100,Paris,Caesar,CROISSANTS,SEASHELLS,4251.0,5
1585300,Paris,Caesar,CROISSANTS,SEASHELLS,4251.0,7
1588300,Paris,Caesar,CROISSANTS,SEASHELLS,4253.0,5
1591100,Paris,Caesar,CROISSANTS,SEASHELLS,4255.0,5
1591500,Caesar,Paris,CROISSANTS,SEASHELLS,4254.0,6
1592200,Caesar,Paris,CROISSANTS,SEASHELLS,4254.0,7
1593200,Caesar,Paris,CROISSANTS,SEASHELLS,4257.0,6
1594400,Caesar,Camilla,CROISSANTS,SEASHELLS,4257.0,9
1595300,Paris,Caesar,CROISSANTS,SEASHELLS,4256.0,8
1596500,Caesar,Camilla,CROISSANTS,SEASHELLS,4254.0,5
1597700,Caesar,Paris,CROISSANTS,SEASHELLS,4254.0,6
1598500,Paris,Caesar,CROISSANTS,SEASHELLS,4255.0,8
1599500,Caesar,Paris,CROISSANTS,SEASHELLS,4254.0,5
1599700,Paris,Caesar,CROISSANTS,SEASHELLS,4255.0,7
1600000,Paris,Caesar,CROISSANTS,SEASHELLS,4255.0,7
1600200,Paris,Caesar,CROISSANTS,SEASHELLS,4255.0,5
1602900,Caesar,Paris,CROISSANTS,SEASHELLS,4255.0,5
1603100,Paris,Caesar,CROISSANTS,SEASHELLS,4256.0,8
1603700,Paris,Caesar,CROISSANTS,SEASHELLS,4256.0,8
1604200,Caesar,Camilla,CROISSANTS,SEASHELLS,4255.0,9
1604600,Caesar,Paris,CROISSANTS,SEASHELLS,4254.0,6
1604800,Paris,Caesar,CROISSANTS,SEASHELLS,4255.0,6
1605800,Caesar,Paris,CROISSANTS,SEASHELLS,4256.0,8
1606700,Caesar,Paris,CROISSANTS,SEASHELLS,4256.0,8
1607300,Caesar,Camilla,CROISSANTS,SEASHELLS,4257.0,7
1608000,Caesar,Camilla,CROISSANTS,SEASHELLS,4258.0,10
1608600,Paris,Caesar,CROISSANTS,SEASHELLS,4259.0,5
1612100,Caesar,Paris,CROISSANTS,SEASHELLS,4265.0,5
1612700,Caesar,Camilla,CROISSANTS,SEASHELLS,4265.0,6
1613100,Paris,Caesar,CROISSANTS,SEASHELLS,4266.0,6
1613200,Caesar,Camilla,CROISSANTS,SEASHELLS,4266.0,5
1613300,Paris,Caesar,CROISSANTS,SEASHELLS,4267.0,6
1613900,Paris,Caesar,CROISSANTS,SEASHELLS,4269.0,5
1614500,Caesar,Paris,CROISSANTS,SEASHELLS,4266.0,8
1615800,Paris,Caesar,CROISSANTS,SEASHELLS,4265.0,6
1616800,Paris,Caesar,CROISSANTS,SEASHELLS,4266.0,6
1616900,Caesar,Camilla,CROISSANTS,SEASHELLS,4266.0,7
1617200,Caesar,Paris,CROISSANTS,SEASHELLS,4267.0,7
1618800,Paris,Caesar,CROISSANTS,SEASHELLS,4267.0,5
1619200,Caesar,Camilla,CROISSANTS,SEASHELLS,4264.0,6
1620300,Paris,Caesar,CROISSANTS,SEASHELLS,4267.0,6
1620500,Caesar,Paris,CROISSANTS,SEASHELLS,4266.0,6
1620600,Caesar,Paris,CROISSANTS,SEASHELLS,4266.0,7
1625000,Paris,Caesar,CROISSANTS,SEASHELLS,4271.0,8
1625300,Caesar,Paris,CROISSANTS,SEASHELLS,4270.0,5
1627800,Caesar,Paris,CROISSANTS,SEASHELLS,4270.0,6
1628300,Paris,Caesar,CROISSANTS,SEASHELLS,4272.0,5
1629500,Caesar,Paris,CROISSANTS,SEASHELLS,4267.0,7
1630400,Paris,Caesar,CROISSANTS,SEASHELLS,4269.0,5
1636700,Paris,Caesar,CROISSANTS,SEASHELLS,4271.0,7
1639500,Paris,Caesar,CROISSANTS,SEASHELLS,4271.0,7
1640400,Paris,Caesar,CROISSANTS,SEASHELLS,4270.0,5
1643500,Paris,Caesar,CROISSANTS,SEASHELLS,4269.0,7
1644300,Paris,Caesar,CROISSANTS,SEASHELLS,4269.0,8
1645100,Caesar,Paris,CROISSANTS,SEASHELLS,4269.0,7
1648700,Caesar,Paris,CROISSANTS,SEASHELLS,4269.0,7
1651100,Paris,Caesar,CROISSANTS,SEASHELLS,4271.0,7
1651700,Paris,Caesar,CROISSANTS,SEASHELLS,4269.0,8
1652200,Caesar,Paris,CROISSANTS,SEASHELLS,4267.0,6
1653100,Caesar,Camilla,CROISSANTS,SEASHELLS,4266.0,5
1653300,Caesar,Paris,CROISSANTS,SEASHELLS,4266.0,6
1655600,Caesar,Paris,CROISSANTS,SEASHELLS,4266.0,7
1656500,Paris,Caesar,CROISSANTS,SEASHELLS,4268.0,5
1657400,Paris,Caesar,CROISSANTS,SEASHELLS,4267.0,6
1659800,Paris,Caesar,CROISSANTS,SEASHELLS,4267.0,6
1660400,Paris,Caesar,CROISSANTS,SEASHELLS,4268.0,5
1660600,Caesar,Camilla,CROISSANTS,SEASHELLS,4266.0,6
1661700,Paris,Caesar,CROISSANTS,SEASHELLS,4267.0,7
1662000,Caesar,Paris,CROISSANTS,SEASHELLS,4265.0,6
1662300,Paris,Caesar,CROISSANTS,SEASHELLS,4266.0,7
1663200,Paris,Caesar,CROISSANTS,SEASHELLS,4265.0,8
1666700,Caesar,Paris,CROISSANTS,SEASHELLS,4264.0,6
1667300,Paris,Caesar,CROISSANTS,SEASHELLS,4265.0,5
1672200,Paris,Caesar,CROISSANTS,SEASHELLS,4274.0,5
1672800,Caesar,Paris,CROISSANTS,SEASHELLS,4273.0,7
1673700,Paris,Caesar,CROISSANTS,SEASHELLS,4275.0,6
1675200,Paris,Caesar,CROISSANTS,SEASHELLS,4277.0,5
1675400,Caesar,Camilla,CROISSANTS,SEASHELLS,4275.0,10
1676200,Caesar,Paris,CROISSANTS,SEASHELLS,4275.0,5
1677700,Paris,Caesar,CROISSANTS,SEASHELLS,4277.0,7
1680400,Caesar,Paris,CROISSANTS,SEASHELLS,4275.0,7
1681100,Paris,Caesar,CROISSANTS,SEASHELLS,4277.0,6
1681600,Paris,Caesar,CROISSANTS,SEASHELLS,4276.0,8
1685600,Caesar,Camilla,CROISSANTS,SEASHELLS,4278.0,9
1687500,Caesar,Paris,CROISSANTS,SEASHELLS,4277.0,6
1688200,Caesar,Paris,CROISSANTS,SEASHELLS,4277.0,6
1689000,Paris,Caesar,CROISSANTS,SEASHELLS,4277.0,6
1695000,Paris,Caesar,CROISSANTS,SEASHELLS,4278.0,6
1696000,Caesar,Paris,CROISSANTS,SEASHELLS,4277.0,8
1697000,Caesar,Paris,CROISSANTS,SEASHELLS,4279.0,5
1697100,Caesar,Paris,CROISSANTS,SEASHELLS,4279.0,5
1697700,Paris,Caesar,CROISSANTS,SEASHELLS,4282.0,5
1698400,Paris,Caesar,CROISSANTS,SEASHELLS,4282.0,8
1698500,Caesar,Camilla,CROISSANTS,SEASHELLS,4281.0,4
1699100,Paris,Caesar,CROISSANTS,SEASHELLS,4284.0,7
1700600,Caesar,Paris,CROISSANTS,SEASHELLS,4284.0,6
1701700,Paris,Caesar,CROISSANTS,SEASHELLS,4282.0,5
1702700,Paris,Caesar,CROISSANTS,SEASHELLS,4283.0,6
1703200,Caesar,Paris,CROISSANTS,SEASHELLS,4280.0,7
1704300,Paris,Caesar,CROISSANTS,SEASHELLS,4283.0,6
1704500,Paris,Caesar,CROISSANTS,SEASHELLS,4283.0,8
1704700,Caesar,Paris,CROISSANTS,SEASHELLS,4281.0,7
1705300,Paris,Caesar,CROISSANTS,SEASHELLS,4284.0,8
1705900,Paris,Caesar,CROISSANTS,SEASHELLS,4285.0,8
1707300,Caesar,Camilla,CROISSANTS,SEASHELLS,4286.0,8
1707500,Paris,Caesar,CROISSANTS,SEASHELLS,4287.0,6
1708000,Caesar,Paris,CROISSANTS,SEASHELLS,4287.0,8
1708600,Caesar,Camilla,CROISSANTS,SEASHELLS,4286.0,6
1710100,Paris,Caesar,CROISSANTS,SEASHELLS,4285.0,6
1710200,Caesar,Camilla,CROISSANTS,SEASHELLS,4284.0,7
1710700,Caesar,Camilla,CROISSANTS,SEASHELLS,4283.0,9
1711300,Caesar,Paris,CROISSANTS,SEASHELLS,4283.0,7
1712000,Paris,Caesar,CROISSANTS,SEASHELLS,4283.0,5
1712100,Caesar,Paris,CROISSANTS,SEASHELLS,4282.0,7
1713200,Caesar,Camilla,CROISSANTS,SEASHELLS,4281.0,6
1713700,Paris,Caesar,CROISSANTS,SEASHELLS,4281.0,6
1715700,Caesar,Paris,CROISSANTS,SEASHELLS,4278.0,7
1717200,Caesar,Camilla,CROISSANTS,SEASHELLS,4278.0,5
1717600,Caesar,Paris,CROISSANTS,SEASHELLS,4278.0,8
1719200,Caesar,Camilla,CROISSANTS,SEASHELLS,4277.0,6
1721700,Caesar,Paris,CROISSANTS,SEASHELLS,4278.0,7
1722800,Paris,Caesar,CROISSANTS,SEASHELLS,4278.0,6
1723100,Caesar,Camilla,CROISSANTS,SEASHELLS,4277.0,7
1723800,Paris,Caesar,CROISSANTS,SEASHELLS,4277.0,8
1724600,Caesar,Paris,CROISSANTS,SEASHELLS,4276.0,5
1724700,Paris,Caesar,CROISSANTS,SEASHELLS,4277.0,8
1725700,Caesar,Paris,CROISSANTS,SEASHELLS,4277.0,5
1726300,Caesar,Paris,CROISSANTS,SEASHELLS,4276.0,5
1726600,Caesar,Camilla,CROISSANTS,SEASHELLS,4276.0,4
1726700,Caesar,Paris,CROISSANTS,SEASHELLS,4276.0,8
1727200,Caesar,Paris,CROISSANTS,SEASHELLS,4276.0,5
1728400,Caesar,Paris,CROISSANTS,SEASHELLS,4274.0,7
1728500,Caesar,Camilla,CROISSANTS,SEASHELLS,4274.0,10
1728800,Paris,Caesar,CROISSANTS,SEASHELLS,4275.0,6
1729800,Paris,Caesar,CROISSANTS,SEASHELLS,4276.0,8
1731800,Paris,Caesar,CROISSANTS,SEASHELLS,4276.0,8
1734200,Caesar,Paris,CROISSANTS,SEASHELLS,4274.0,5
1735200,Caesar,Camilla,CROISSANTS,SEASHELLS,4275.0,6
1735900,Paris,Caesar,CROISSANTS,SEASHELLS,4276.0,6
1741400,Paris,Caesar,CROISSANTS,SEASHELLS,4276.0,5
1742000,Caesar,Paris,CROISSANTS,SEASHELLS,4275.0,7
1742600,Paris,Caesar,CROISSANTS,SEASHELLS,4276.0,6
1743500,Caesar,Paris,CROISSANTS,SEASHELLS,4277.0,6
1747300,Caesar,Paris,CROISSANTS,SEASHELLS,4275.0,7
1748700,Caesar,Camilla,CROISSANTS,SEASHELLS,4274.0,8
1749400,Caesar,Camilla,CROISSANTS,SEASHELLS,4274.0,5
1749500,Caesar,Camilla,CROISSANTS,SEASHELLS,4274.0,4
1749900,Caesar,Camilla,CROISSANTS,SEASHELLS,4274.0,8
1750500,Caesar,Paris,CROISSANTS,SEASHELLS,4275.0,7
1750700,Paris,Caesar,CROISSANTS,SEASHELLS,4275.0,7
1752100,Caesar,Camilla,CROISSANTS,SEASHELLS,4276.0,4
1752100,Paris,Caesar,CROISSANTS,SEASHELLS,4278.0,5
1753900,Paris,Caesar,CROISSANTS,SEASHELLS,4275.0,6
1755400,Caesar,Camilla,CROISSANTS,SEASHELLS,4274.0,9
1757900,Caesar,Camilla,CROISSANTS,SEASHELLS,4274.0,10
1758000,Paris,Caesar,CROISSANTS,SEASHELLS,4275.0,6
1758400,Caesar,Camilla,CROISSANTS,SEASHELLS,4274.0,6
1759400,Paris,Caesar,CROISSANTS,SEASHELLS,4274.0,8
1759800,Caesar,Paris,CROISSANTS,SEASHELLS,4273.0,6
1760600,Paris,Caesar,CROISSANTS,SEASHELLS,4275.0,8
1761300,Caesar,Paris,CROISSANTS,SEASHELLS,4274.0,7
1762900,Paris,Caesar,CROISSANTS,SEASHELLS,4274.0,8
1763700,Caesar,Camilla,CROISSANTS,SEASHELLS,4270.0,4
1764200,Paris,Caesar,CROISSANTS,SEASHELLS,4272.0,5
1765800,Paris,Caesar,CROISSANTS,SEASHELLS,4274.0,7
1768400,Paris,Caesar,CROISSANTS,SEASHELLS,4275.0,5
1771400,Paris,Caesar,CROISSANTS,SEASHELLS,4276.0,8
1772300,Caesar,Camilla,CROISSANTS,SEASHELLS,4274.0,9
1772800,Caesar,Paris,CROISSANTS,SEASHELLS,4274.0,7
1775900,Caesar,Paris,CROISSANTS,SEASHELLS,4274.0,6
1777300,Paris,Caesar,CROISSANTS,SEASHELLS,4277.0,5
1777400,Caesar,Paris,CROISSANTS,SEASHELLS,4276.0,7
1778300,Caesar,Camilla,CROISSANTS,SEASHELLS,4276.0,4
1778300,Caesar,Paris,CROISSANTS,SEASHELLS,4276.0,8
1778500,Paris,Caesar,CROISSANTS,SEASHELLS,4278.0,8
1778700,Caesar,Paris,CROISSANTS,SEASHELLS,4277.0,7
1780200,Caesar,Camilla,CROISSANTS,SEASHELLS,4278.0,6
1781700,Caesar,Camilla,CROISSANTS,SEASHELLS,4278.0,6
1782600,Caesar,Paris,CROISSANTS,SEASHELLS,4276.0,6
1782800,Caesar,Paris,CROISSANTS,SEASHELLS,4276.0,8
1784100,Paris,Caesar,CROISSANTS,SEASHELLS,4279.0,6
1787900,Caesar,Camilla,CROISSANTS,SEASHELLS,4277.0,8
1788300,Caesar,Paris,CROISSANTS,SEASHELLS,4277.0,7
1788700,Paris,Caesar,CROISSANTS,SEASHELLS,4279.0,8
1789800,Caesar,Camilla,CROISSANTS,SEASHELLS,4279.0,10
1790000,Caesar,Camilla,CROISSANTS,SEASHELLS,4279.0,4
1793700,Paris,Caesar,CROISSANTS,SEASHELLS,4283.0,8
1796400,Caesar,Paris,CROISSANTS,SEASHELLS,4279.0,7
1796700,Caesar,Paris,CROISSANTS,SEASHELLS,4278.0,5
1798200,Caesar,Paris,CROISSANTS,SEASHELLS,4277.0,7
1798700,Caesar,Paris,CROISSANTS,SEASHELLS,4276.0,8
1799000,Paris,Caesar,CROISSANTS,SEASHELLS,4278.0,6
1799500,Caesar,Paris,CROISSANTS,SEASHELLS,4277.0,6
1800400,Paris,Caesar,CROISSANTS,SEASHELLS,4278.0,6
1800500,Caesar,Paris,CROISSANTS,SEASHELLS,4277.0,8
1800700,Caesar,Paris,CROISSANTS,SEASHELLS,4277.0,7
1801400,Caesar,Camilla,CROISSANTS,SEASHELLS,4278.0,7
1801500,Paris,Caesar,CROISSANTS,SEASHELLS,4279.0,8
1801600,Caesar,Camilla,CROISSANTS,SEASHELLS,4277.0,6
1802400,Caesar,Paris,CROISSANTS,SEASHELLS,4277.0,5
1802700,Paris,Caesar,CROISSANTS,SEASHELLS,4277.0,5
1804100,Caesar,Camilla,CROISSANTS,SEASHELLS,4276.0,8
1805200,Paris,Caesar,CROISSANTS,SEASHELLS,4276.0,5
1806900,Caesar,Paris,CROISSANTS,SEASHELLS,4277.0,8
1807200,Paris,Caesar,CROISSANTS,SEASHELLS,4278.0,7
1807700,Caesar,Paris,CROISSANTS,SEASHELLS,4277.0,8
1808300,Caesar,Paris,CROISSANTS,SEASHELLS,4276.0,5
1811300,Caesar,Paris,CROISSANTS,SEASHELLS,4275.0,6
1812400,Paris,Caesar,CROISSANTS,SEASHELLS,4275.0,8
1812700,Caesar,Paris,CROISSANTS,SEASHELLS,4273.0,6
1812900,Caesar,Camilla,CROISSANTS,SEASHELLS,4273.0,4
1812900,Caesar,Paris,CROISSANTS,SEASHELLS,4273.0,8
1815300,Caesar,Paris,CROISSANTS,SEASHELLS,4274.0,7
1816700,Paris,Caesar,CROISSANTS,SEASHELLS,4276.0,8
1817000,Caesar,Paris,CROISSANTS,SEASHELLS,4275.0,7
1817700,Caesar,Paris,CROISSANTS,SEASHELLS,4275.0,6
1819800,Caesar,Paris,CROISSANTS,SEASHELLS,4274.0,6
1820500,Caesar,Paris,CROISSANTS,SEASHELLS,4274.0,8
1820800,Caesar,Paris,CROISSANTS,SEASHELLS,4274.0,8
1821600,Caesar,Paris,CROISSANTS,SEASHELLS,4273.0,5
1822000,Caesar,Camilla,CROISSANTS,SEASHELLS,4273.0,7
1822100,Caesar,Paris,CROISSANTS,SEASHELLS,4273.0,7
1823000,Caesar,Paris,CROISSANTS,SEASHELLS,4273.0,6
1823400,Caesar,Paris,CROISSANTS,SEASHELLS,4273.0,6
1823800,Paris,Caesar,CROISSANTS,SEASHELLS,4276.0,6
1828200,Caesar,Paris,CROISSANTS,SEASHELLS,4277.0,5
1831200,Paris,Caesar,CROISSANTS,SEASHELLS,4282.0,6
1833700,Caesar,Paris,CROISSANTS,SEASHELLS,4278.0,8
1834100,Caesar,Paris,CROISSANTS,SEASHELLS,4279.0,5
1834200,Paris,Caesar,CROISSANTS,SEASHELLS,4280.0,6
1835200,Caesar,Paris,CROISSANTS,SEASHELLS,4280.0,7
1836600,Paris,Caesar,CROISSANTS,SEASHELLS,4280.0,6
1836800,Paris,Caesar,CROISSANTS,SEASHELLS,4280.0,5
1837200,Caesar,Camilla,CROISSANTS,SEASHELLS,4280.0,4
1838600,Paris,Caesar,CROISSANTS,SEASHELLS,4281.0,6
1839100,Paris,Caesar,CROISSANTS,SEASHELLS,4281.0,5
1839600,Caesar,Paris,CROISSANTS,SEASHELLS,4280.0,8
1841600,Caesar,Paris,CROISSANTS,SEASHELLS,4283.0,7
1842300,Paris,Caesar,CROISSANTS,SEASHELLS,4285.0,8
1847800,Paris,Caesar,CROISSANTS,SEASHELLS,4284.0,7
1847900,Caesar,Paris,CROISSANTS,SEASHELLS,4282.0,8
1848200,Caesar,Camilla,CROISSANTS,SEASHELLS,4282.0,10
1848700,Caesar,Paris,CROISSANTS,SEASHELLS,4282.0,5
1850000,Caesar,Camilla,CROISSANTS,SEASHELLS,4282.0,6
1850500,Paris,Caesar,CROISSANTS,SEASHELLS,4284.0,6
1852800,Paris,Caesar,CROISSANTS,SEASHELLS,4285.0,7
1853600,Caesar,Paris,CROISSANTS,SEASHELLS,4284.0,7
1858700,Paris,Caesar,CROISSANTS,SEASHELLS,4284.0,8
1859000,Caesar,Camilla,CROISSANTS,SEASHELLS,4283.0,4
1859300,Caesar,Paris,CROISSANTS,SEASHELLS,4283.0,5
1859500,Caesar,Paris,CROISSANTS,SEASHELLS,4283.0,5
1865000,Caesar,Paris,CROISSANTS,SEASHELLS,4283.0,8
1866400,Paris,Caesar,CROISSANTS,SEASHELLS,4284.0,7
1867400,Caesar,Paris,CROISSANTS,SEASHELLS,4285.0,7
1868100,Caesar,Paris,CROISSANTS,SEASHELLS,4286.0,6
1868700,Caesar,Paris,CROISSANTS,SEASHELLS,4285.0,5
1870000,Paris,Caesar,CROISSANTS,SEASHELLS,4285.0,8
1870200,Paris,Caesar,CROISSANTS,SEASHELLS,4285.0,6
1871400,Paris,Caesar,CROISSANTS,SEASHELLS,4286.0,7
1871700,Caesar,Paris,CROISSANTS,SEASHELLS,4285.0,5
1871900,Caesar,Paris,CROISSANTS,SEASHELLS,4285.0,8
1872200,Caesar,Camilla,CROISSANTS,SEASHELLS,4285.0,9
1873000,Caesar,Paris,CROISSANTS,SEASHELLS,4285.0,7
1873300,Caesar,Paris,CROISSANTS,SEASHELLS,4285.0,8
1874800,Caesar,Paris,CROISSANTS,SEASHELLS,4284.0,6
1877500,Paris,Caesar,CROISSANTS,SEASHELLS,4282.0,8
1879000,Caesar,Paris,CROISSANTS,SEASHELLS,4281.0,5
1881000,Paris,Caesar,CROISSANTS,SEASHELLS,4283.0,7
1883900,Caesar,Paris,CROISSANTS,SEASHELLS,4282.0,6
1884600,Caesar,Camilla,CROISSANTS,SEASHELLS,4282.0,6
1885000,Caesar,Camilla,CROISSANTS,SEASHELLS,4282.0,4
1886100,Caesar,Camilla,CROISSANTS,SEASHELLS,4282.0,6
1887100,Paris,Caesar,CROISSANTS,SEASHELLS,4283.0,8
1888400,Caesar,Camilla,CROISSANTS,SEASHELLS,4283.0,10
1891200,Caesar,Camilla,CROISSANTS,SEASHELLS,4281.0,5
1893900,Paris,Caesar,CROISSANTS,SEASHELLS,4281.0,5
1895000,Paris,Caesar,CROISSANTS,SEASHELLS,4281.0,5
1895600,Paris,Caesar,CROISSANTS,SEASHELLS,4281.0,7
1897700,Paris,Caesar,CROISSANTS,SEASHELLS,4280.0,5
1898200,Paris,Caesar,CROISSANTS,SEASHELLS,4280.0,7
1898500,Paris,Caesar,CROISSANTS,SEASHELLS,4280.0,8
1899300,Caesar,Paris,CROISSANTS,SEASHELLS,4279.0,5
1900700,Caesar,Paris,CROISSANTS,SEASHELLS,4281.0,7
1901500,Caesar,Camilla,CROISSANTS,SEASHELLS,4281.0,4
1901800,Caesar,Camilla,CROISSANTS,SEASHELLS,4281.0,6
1903300,Caesar,Paris,CROISSANTS,SEASHELLS,4280.0,7
1904000,Caesar,Paris,CROISSANTS,SEASHELLS,4280.0,8
1904300,Paris,Caesar,CROISSANTS,SEASHELLS,4281.0,8
1906700,Caesar,Camilla,CROISSANTS,SEASHELLS,4281.0,4
1907900,Paris,Caesar,CROISSANTS,SEASHELLS,4284.0,5
1908600,Paris,Caesar,CROISSANTS,SEASHELLS,4284.0,5
1909600,Caesar,Paris,CROISSANTS,SEASHELLS,4283.0,6
1910000,Paris,Caesar,CROISSANTS,SEASHELLS,4284.0,6
1910600,Caesar,Paris,CROISSANTS,SEASHELLS,4282.0,7
1910700,Caesar,Paris,CROISSANTS,SEASHELLS,4282.0,7
1911200,Paris,Caesar,CROISSANTS,SEASHELLS,4284.0,8
1915100,Caesar,Paris,CROISSANTS,SEASHELLS,4284.0,5
1915200,Caesar,Paris,CROISSANTS,SEASHELLS,4285.0,6
1915500,Caesar,Camilla,CROISSANTS,SEASHELLS,4285.0,7
1916500,Caesar,Paris,CROISSANTS,SEASHELLS,4285.0,8
1918000,Caesar,Camilla,CROISSANTS,SEASHELLS,4284.0,6
1918000,Caesar,Paris,CROISSANTS,SEASHELLS,4284.0,5
1918300,Caesar,Paris,CROISSANTS,SEASHELLS,4284.0,6
1918400,Caesar,Paris,CROISSANTS,SEASHELLS,4284.0,6
1919600,Caesar,Camilla,CROISSANTS,SEASHELLS,4285.0,6
1920600,Caesar,Camilla,CROISSANTS,SEASHELLS,4284.0,7
1921600,Caesar,Camilla,CROISSANTS,SEASHELLS,4283.0,6
1921700,Paris,Caesar,CROISSANTS,SEASHELLS,4284.0,8
1921800,Caesar,Paris,CROISSANTS,SEASHELLS,4283.0,8
1923800,Caesar,Camilla,CROISSANTS,SEASHELLS,4283.0,6
1923800,Paris,Caesar,CROISSANTS,SEASHELLS,4284.0,7
1923900,Caesar,Camilla,CROISSANTS,SEASHELLS,4283.0,10
1924400,Caesar,Paris,CROISSANTS,SEASHELLS,4283.0,5
1925500,Caesar,Paris,CROISSANTS,SEASHELLS,4282.0,8
1926100,Caesar,Camilla,CROISSANTS,SEASHELLS,4281.0,6
1926600,Caesar,Paris,CROISSANTS,SEASHELLS,4282.0,8
1927300,Caesar,Camilla,CROISSANTS,SEASHELLS,4282.0,8
1928200,Paris,Caesar,CROISSANTS,SEASHELLS,4284.0,5
1928400,Paris,Caesar,CROISSANTS,SEASHELLS,4284.0,6
1928800,Caesar,Paris,CROISSANTS,SEASHELLS,4283.0,6
1930300,Caesar,Paris,CROISSANTS,SEASHELLS,4289.0,6
1930800,Paris,Caesar,CROISSANTS,SEASHELLS,4291.0,5
1932100,Caesar,Camilla,CROISSANTS,SEASHELLS,4291.0,5
1934600,Paris,Caesar,CROISSANTS,SEASHELLS,4291.0,6
1936000,Caesar,Paris,CROISSANTS,SEASHELLS,4290.0,7
1937700,Caesar,Camilla,CROISSANTS,SEASHELLS,4288.0,5
1938300,Paris,Caesar,CROISSANTS,SEASHELLS,4288.0,6
1938500,Caesar,Paris,CROISSANTS,SEASHELLS,4287.0,7
1938600,Caesar,Paris,CROISSANTS,SEASHELLS,4288.0,8
1938700,Caesar,Camilla,CROISSANTS,SEASHELLS,4288.0,6
1940100,Caesar,Paris,CROISSANTS,SEASHELLS,4286.0,8
1942200,Caesar,Camilla,CROISSANTS,SEASHELLS,4287.0,10
1944500,Caesar,Camilla,CROISSANTS,SEASHELLS,4287.0,4
1944800,Caesar,Camilla,CROISSANTS,SEASHELLS,4287.0,4
1944800,Paris,Caesar,CROISSANTS,SEASHELLS,4288.0,7
1946300,Caesar,Camilla,CROISSANTS,SEASHELLS,4287.0,5
1947700,Caesar,Paris,CROISSANTS,SEASHELLS,4287.0,6
1949700,Paris,Caesar,CROISSANTS,SEASHELLS,4289.0,6
1951400,Caesar,Paris,CROISSANTS,SEASHELLS,4289.0,5
1951500,Caesar,Paris,CROISSANTS,SEASHELLS,4288.0,6
1953300,Paris,Caesar,CROISSANTS,SEASHELLS,4291.0,5
1954600,Caesar,Camilla,CROISSANTS,SEASHELLS,4290.0,9
1955000,Caesar,Paris,CROISSANTS,SEASHELLS,4290.0,7
1955600,Paris,Caesar,CROISSANTS,SEASHELLS,4290.0,6
1957800,Paris,Caesar,CROISSANTS,SEASHELLS,4289.0,8
1958000,Caesar,Camilla,CROISSANTS,SEASHELLS,4287.0,7
1961000,Caesar,Camilla,CROISSANTS,SEASHELLS,4287.0,4
1962600,Caesar,Paris,CROISSANTS,SEASHELLS,4290.0,7
1962800,Caesar,Camilla,CROISSANTS,SEASHELLS,4290.0,6
1964400,Caesar,Paris,CROISSANTS,SEASHELLS,4296.0,7
1964600,Paris,Caesar,CROISSANTS,SEASHELLS,4297.0,6
1965300,Caesar,Paris,CROISSANTS,SEASHELLS,4297.0,5
1965700,Paris,Caesar,CROISSANTS,SEASHELLS,4300.0,8
1967500,Caesar,Paris,CROISSANTS,SEASHELLS,4300.0,6
1970600,Caesar,Paris,CROISSANTS,SEASHELLS,4308.0,5
1970900,Caesar,Camilla,CROISSANTS,SEASHELLS,4312.0,6
1971000,Caesar,Olivia,CROISSANTS,SEASHELLS,4314.0,3
1973600,Caesar,Paris,CROISSANTS,SEASHELLS,4304.0,8
1973800,Caesar,Camilla,CROISSANTS,SEASHELLS,4305.0,6
1974900,Caesar,Camilla,CROISSANTS,SEASHELLS,4304.0,10
1975900,Paris,Caesar,CROISSANTS,SEASHELLS,4304.0,6
1976500,Caesar,Paris,CROISSANTS,SEASHELLS,4303.0,5
1979900,Caesar,Paris,CROISSANTS,SEASHELLS,4302.0,5
1980000,Paris,Caesar,CROISSANTS,SEASHELLS,4303.0,7
1980100,Caesar,Paris,CROISSANTS,SEASHELLS,4302.0,5
1981700,Paris,Caesar,CROISSANTS,SEASHELLS,4302.0,5
1982000,Caesar,Paris,CROISSANTS,SEASHELLS,4302.0,5
1982800,Caesar,Camilla,CROISSANTS,SEASHELLS,4299.0,7
1983400,Paris,Caesar,CROISSANTS,SEASHELLS,4301.0,6
1983600,Paris,Caesar,CROISSANTS,SEASHELLS,4301.0,5
1984000,Caesar,Camilla,CROISSANTS,SEASHELLS,4298.0,5
1984800,Paris,Caesar,CROISSANTS,SEASHELLS,4300.0,7
1985200,Paris,Caesar,CROISSANTS,SEASHELLS,4301.0,6
1986100,Caesar,Paris,CROISSANTS,SEASHELLS,4299.0,8
1988500,Caesar,Paris,CROISSANTS,SEASHELLS,4301.0,8
1989000,Paris,Caesar,CROISSANTS,SEASHELLS,4302.0,8
1990000,Caesar,Camilla,CROISSANTS,SEASHELLS,4300.0,5
1990500,Caesar,Paris,CROISSANTS,SEASHELLS,4300.0,6
1990900,Paris,Caesar,CROISSANTS,SEASHELLS,4301.0,5
1991100,Caesar,Paris,CROISSANTS,SEASHELLS,4299.0,8
1992100,Caesar,Paris,CROISSANTS,SEASHELLS,4299.0,6
1996800,Caesar,Paris,CROISSANTS,SEASHELLS,4296.0,5
1997200,Paris,Caesar,CROISSANTS,SEASHELLS,4297.0,6
1998200,Paris,Caesar,CROISSANTS,SEASHELLS,4296.0,6
1998400,Caesar,Paris,CROISSANTS,SEASHELLS,4295.0,8
1998700,Caesar,Camilla,CROISSANTS,SEASHELLS,4294.0,10
1999700,Caesar,Paris,CROISSANTS,SEASHELLS,4295.0,5
2000300,Paris,Caesar,CROISSANTS,SEASHELLS,4297.0,6
2000500,Caesar,Camilla,CROISSANTS,SEASHELLS,4295.0,10
2000500,Caesar,Paris,CROISSANTS,SEASHELLS,4295.0,5
2000600,Caesar,Paris,CROISSANTS,SEASHELLS,4295.0,8
2000700,Caesar,Camilla,CROISSANTS,SEASHELLS,4295.0,5
2001900,Caesar,Paris,CROISSANTS,SEASHELLS,4295.0,7
2003300,Caesar,Paris,CROISSANTS,SEASHELLS,4295.0,5
2003600,Caesar,Paris,CROISSANTS,SEASHELLS,4295.0,7
2003800,Caesar,Paris,CROISSANTS,SEASHELLS,4295.0,5
2004800,Caesar,Paris,CROISSANTS,SEASHELLS,4296.0,8
2006100,Caesar,Paris,CROISSANTS,SEASHELLS,4295.0,5
2006200,Paris,Caesar,CROISSANTS,SEASHELLS,4297.0,5
2007100,Caesar,Camilla,CROISSANTS,SEASHELLS,4295.0,10
2009700,Caesar,Camilla,CROISSANTS,SEASHELLS,4296.0,5
2009800,Paris,Caesar,CROISSANTS,SEASHELLS,4297.0,6
2009900,Paris,Caesar,CROISSANTS,SEASHELLS,4297.0,7
2011600,Caesar,Paris,CROISSANTS,SEASHELLS,4296.0,7
2012100,Paris,Caesar,CROISSANTS,SEASHELLS,4299.0,8
2013000,Caesar,Camilla,CROISSANTS,SEASHELLS,4298.0,8
2013900,Paris,Caesar,CROISSANTS,SEASHELLS,4299.0,8
2014200,Paris,Caesar,CROISSANTS,SEASHELLS,4299.0,8
2015000,Caesar,Camilla,CROISSANTS,SEASHELLS,4299.0,6
2016900,Caesar,Paris,CROISSANTS,SEASHELLS,4300.0,7
2018000,Caesar,Paris,CROISSANTS,SEASHELLS,4302.0,5
2019600,Paris,Caesar,CROISSANTS,SEASHELLS,4302.0,6
2019900,Paris,Caesar,CROISSANTS,SEASHELLS,4302.0,7
2021300,Paris,Caesar,CROISSANTS,SEASHELLS,4303.0,6
