day,timestamp,product,bid_price_1,bid_volume_1,bid_price_2,bid_volume_2,bid_price_3,bid_volume_3,ask_price_1,ask_volume_1,ask_price_2,ask_volume_2,ask_price_3,ask_volume_3,mid_price,profit_and_loss
2,0,DJEMBES,13419.0,62.0,,,,,13420.0,62.0,,,,,13419.5,0.0
2,100,DJEMBES,13419.0,20.0,13418.0,47.0,,,13420.0,67.0,,,,,13419.5,0.0
2,200,DJEMBES,13419.0,20.0,13418.0,45.0,,,13420.0,65.0,,,,,13419.5,0.0
2,300,DJEMBES,13419.0,62.0,,,,,13420.0,62.0,,,,,13419.5,0.0
2,400,DJEMBES,13419.0,68.0,,,,,13420.0,30.0,13421.0,38.0,,,13419.5,0.0
2,500,DJEMBES,13419.0,57.0,,,,,13420.0,20.0,13421.0,37.0,,,13419.5,0.0
2,600,DJEMBES,13419.0,66.0,,,,,13420.0,66.0,,,,,13419.5,0.0
2,700,DJEMBES,13419.0,62.0,,,,,13421.0,62.0,,,,,13420.0,0.0
2,800,DJEMBES,13419.0,60.0,,,,,13421.0,60.0,,,,,13420.0,0.0
2,900,DJEMBES,13419.0,6.0,13418.0,65.0,,,13420.0,65.0,,,,,13419.5,0.0
2,1000,DJEMBES,13418.0,78.0,,,,,13419.0,30.0,13420.0,48.0,,,13418.5,0.0
2,1100,DJEMBES,13418.0,63.0,,,,,13419.0,27.0,13420.0,36.0,,,13418.5,0.0
2,1200,DJEMBES,13418.0,56.0,,,,,13420.0,56.0,,,,,13419.0,0.0
2,1300,DJEMBES,13416.0,52.0,,,,,13417.0,52.0,,,,,13416.5,0.0
2,1400,DJEMBES,13415.0,56.0,,,,,13416.0,23.0,13417.0,33.0,,,13415.5,0.0
2,1500,DJEMBES,13414.0,66.0,,,,,13415.0,66.0,,,,,13414.5,0.0
2,1600,DJEMBES,13415.0,70.0,,,,,13417.0,70.0,,,,,13416.0,0.0
2,1700,DJEMBES,13416.0,75.0,,,,,13417.0,75.0,,,,,13416.5,0.0
2,1800,DJEMBES,13416.0,45.0,,,,,13418.0,45.0,,,,,13417.0,0.0
2,1900,DJEMBES,13415.0,30.0,13414.0,38.0,,,13416.0,68.0,,,,,13415.5,0.0
2,2000,DJEMBES,13415.0,56.0,,,,,13417.0,56.0,,,,,13416.0,0.0
2,2100,DJEMBES,13416.0,5.0,13415.0,45.0,,,13417.0,45.0,,,,,13416.5,0.0
2,2200,DJEMBES,13416.0,58.0,,,,,13417.0,58.0,,,,,13416.5,0.0
2,2300,DJEMBES,13416.0,66.0,,,,,13417.0,66.0,,,,,13416.5,0.0
2,2400,DJEMBES,13416.0,28.0,13415.0,30.0,,,13417.0,58.0,,,,,13416.5,0.0
2,2500,DJEMBES,13416.0,56.0,,,,,13418.0,56.0,,,,,13417.0,0.0
2,2600,DJEMBES,13417.0,74.0,,,,,13419.0,74.0,,,,,13418.0,0.0
2,2700,DJEMBES,13417.0,78.0,,,,,13418.0,78.0,,,,,13417.5,0.0
2,2800,DJEMBES,13419.0,75.0,,,,,13420.0,22.0,13421.0,42.0,,,13419.5,0.0
2,2900,DJEMBES,13419.0,26.0,13418.0,40.0,,,13420.0,66.0,,,,,13419.5,0.0
2,3000,DJEMBES,13418.0,48.0,,,,,13419.0,16.0,13420.0,32.0,,,13418.5,0.0
2,3100,DJEMBES,13418.0,62.0,,,,,13419.0,62.0,,,,,13418.5,0.0
2,3200,DJEMBES,13418.0,61.0,,,,,13420.0,61.0,,,,,13419.0,0.0
2,3300,DJEMBES,13418.0,63.0,,,,,13419.0,63.0,,,,,13418.5,0.0
2,3400,DJEMBES,13419.0,22.0,13418.0,41.0,,,13420.0,63.0,,,,,13419.5,0.0
2,3500,DJEMBES,13420.0,78.0,,,,,13421.0,78.0,,,,,13420.5,0.0
2,3600,DJEMBES,13419.0,61.0,,,,,13420.0,61.0,,,,,13419.5,0.0
2,3700,DJEMBES,13419.0,59.0,,,,,13421.0,59.0,,,,,13420.0,0.0
2,3800,DJEMBES,13420.0,25.0,13419.0,35.0,,,13421.0,60.0,,,,,13420.5,0.0
2,3900,DJEMBES,13421.0,63.0,,,,,13422.0,63.0,,,,,13421.5,0.0
2,4000,DJEMBES,13421.0,52.0,,,,,13422.0,52.0,,,,,13421.5,0.0
2,4100,DJEMBES,13421.0,57.0,,,,,13422.0,19.0,13423.0,38.0,,,13421.5,0.0
2,4200,DJEMBES,13421.0,53.0,,,,,13422.0,16.0,13423.0,32.0,,,13421.5,0.0
2,4300,DJEMBES,13424.0,24.0,13423.0,48.0,,,13425.0,72.0,,,,,13424.5,0.0
2,4400,DJEMBES,13424.0,64.0,,,,,13425.0,64.0,,,,,13424.5,0.0
2,4500,DJEMBES,13423.0,66.0,,,,,13425.0,66.0,,,,,13424.0,0.0
2,4600,DJEMBES,13423.0,71.0,,,,,13424.0,28.0,13425.0,43.0,,,13423.5,0.0
2,4700,DJEMBES,13422.0,70.0,,,,,13423.0,70.0,,,,,13422.5,0.0
2,4800,DJEMBES,13422.0,62.0,,,,,13423.0,62.0,,,,,13422.5,0.0
2,4900,DJEMBES,13421.0,63.0,,,,,13422.0,70.0,,,,,13421.5,0.0
2,5000,DJEMBES,13421.0,72.0,,,,,13422.0,26.0,13423.0,46.0,,,13421.5,0.0
2,5100,DJEMBES,13421.0,27.0,13420.0,46.0,,,13422.0,73.0,,,,,13421.5,0.0
2,5200,DJEMBES,13421.0,61.0,,,,,13422.0,61.0,,,,,13421.5,0.0
2,5300,DJEMBES,13421.0,26.0,13420.0,40.0,,,13422.0,66.0,,,,,13421.5,0.0
2,5400,DJEMBES,13421.0,26.0,13420.0,37.0,,,13422.0,63.0,,,,,13421.5,0.0
2,5500,DJEMBES,13421.0,60.0,,,,,13422.0,60.0,,,,,13421.5,0.0
2,5600,DJEMBES,13421.0,21.0,13420.0,49.0,,,13422.0,70.0,,,,,13421.5,0.0
2,5700,DJEMBES,13421.0,69.0,,,,,13422.0,69.0,,,,,13421.5,0.0
2,5800,DJEMBES,13420.0,51.0,,,,,13422.0,51.0,,,,,13421.0,0.0
2,5900,DJEMBES,13417.0,75.0,,,,,13418.0,26.0,13419.0,49.0,,,13417.5,0.0
2,6000,DJEMBES,13418.0,58.0,,,,,13419.0,58.0,,,,,13418.5,0.0
2,6100,DJEMBES,13419.0,50.0,,,,,13420.0,50.0,,,,,13419.5,0.0
2,6200,DJEMBES,13418.0,76.0,,,,,13419.0,76.0,,,,,13418.5,0.0
2,6300,DJEMBES,13418.0,74.0,,,,,13419.0,74.0,,,,,13418.5,0.0
2,6400,DJEMBES,13417.0,65.0,,,,,13419.0,65.0,,,,,13418.0,0.0
2,6500,DJEMBES,13417.0,62.0,,,,,13418.0,62.0,,,,,13417.5,0.0
2,6600,DJEMBES,13416.0,73.0,,,,,13417.0,73.0,,,,,13416.5,0.0
2,6700,DJEMBES,13416.0,56.0,,,,,13418.0,56.0,,,,,13417.0,0.0
2,6800,DJEMBES,13416.0,71.0,,,,,13417.0,30.0,13418.0,41.0,,,13416.5,0.0
2,6900,DJEMBES,13416.0,61.0,,,,,13417.0,61.0,,,,,13416.5,0.0
2,7000,DJEMBES,13416.0,70.0,,,,,13417.0,70.0,,,,,13416.5,0.0
2,7100,DJEMBES,13417.0,65.0,,,,,13418.0,65.0,,,,,13417.5,0.0
2,7200,DJEMBES,13416.0,55.0,,,,,13417.0,55.0,,,,,13416.5,0.0
2,7300,DJEMBES,13415.0,21.0,13414.0,39.0,,,13416.0,60.0,,,,,13415.5,0.0
2,7400,DJEMBES,13414.0,74.0,,,,,13415.0,74.0,,,,,13414.5,0.0
2,7500,DJEMBES,13415.0,64.0,,,,,13416.0,15.0,13417.0,49.0,,,13415.5,0.0
2,7600,DJEMBES,13410.0,24.0,13409.0,38.0,,,13411.0,62.0,,,,,13410.5,0.0
2,7700,DJEMBES,13408.0,59.0,,,,,13409.0,59.0,,,,,13408.5,0.0
2,7800,DJEMBES,13409.0,16.0,13408.0,47.0,,,13410.0,63.0,,,,,13409.5,0.0
2,7900,DJEMBES,13409.0,55.0,,,,,13410.0,55.0,,,,,13409.5,0.0
2,8000,DJEMBES,13410.0,62.0,,,,,13411.0,62.0,,,,,13410.5,0.0
2,8100,DJEMBES,13410.0,26.0,13409.0,41.0,,,13411.0,56.0,,,,,13410.5,0.0
2,8200,DJEMBES,13410.0,66.0,,,,,13412.0,66.0,,,,,13411.0,0.0
2,8300,DJEMBES,13410.0,79.0,,,,,13411.0,30.0,13412.0,49.0,,,13410.5,0.0
2,8400,DJEMBES,13410.0,60.0,,,,,13412.0,60.0,,,,,13411.0,0.0
2,8500,DJEMBES,13411.0,18.0,13410.0,45.0,,,13412.0,63.0,,,,,13411.5,0.0
2,8600,DJEMBES,13410.0,59.0,,,,,13412.0,59.0,,,,,13411.0,0.0
2,8700,DJEMBES,13410.0,69.0,,,,,13411.0,26.0,13412.0,43.0,,,13410.5,0.0
2,8800,DJEMBES,13410.0,63.0,,,,,13411.0,19.0,13412.0,44.0,,,13410.5,0.0
2,8900,DJEMBES,13410.0,46.0,,,,,13412.0,46.0,,,,,13411.0,0.0
2,9000,DJEMBES,13411.0,28.0,13410.0,40.0,,,13412.0,68.0,,,,,13411.5,0.0
2,9100,DJEMBES,13410.0,70.0,,,,,13412.0,70.0,,,,,13411.0,0.0
2,9200,DJEMBES,13415.0,78.0,,,,,13416.0,78.0,,,,,13415.5,0.0
2,9300,DJEMBES,13415.0,65.0,,,,,13416.0,65.0,,,,,13415.5,0.0
2,9400,DJEMBES,13418.0,73.0,,,,,13419.0,73.0,,,,,13418.5,0.0
2,9500,DJEMBES,13416.0,65.0,,,,,13418.0,65.0,,,,,13417.0,0.0
2,9600,DJEMBES,13417.0,64.0,,,,,13418.0,64.0,,,,,13417.5,0.0
2,9700,DJEMBES,13417.0,68.0,,,,,13418.0,68.0,,,,,13417.5,0.0
2,9800,DJEMBES,13417.0,61.0,,,,,13418.0,30.0,13419.0,31.0,,,13417.5,0.0
2,9900,DJEMBES,13415.0,71.0,,,,,13416.0,28.0,13417.0,43.0,,,13415.5,0.0
2,10000,DJEMBES,13415.0,59.0,,,,,13417.0,59.0,,,,,13416.0,0.0
2,10100,DJEMBES,13416.0,67.0,,,,,13417.0,67.0,,,,,13416.5,0.0
2,10200,DJEMBES,13416.0,76.0,,,,,13417.0,29.0,13418.0,47.0,,,13416.5,0.0
2,10300,DJEMBES,13416.0,59.0,,,,,13417.0,27.0,13418.0,32.0,,,13416.5,0.0
2,10400,DJEMBES,13417.0,69.0,,,,,13418.0,19.0,13419.0,50.0,,,13417.5,0.0
2,10500,DJEMBES,13418.0,62.0,,,,,13419.0,62.0,,,,,13418.5,0.0
2,10600,DJEMBES,13419.0,16.0,13418.0,43.0,,,13420.0,59.0,,,,,13419.5,0.0
2,10700,DJEMBES,13421.0,63.0,,,,,13422.0,27.0,13423.0,36.0,,,13421.5,0.0
2,10800,DJEMBES,13421.0,78.0,,,,,13422.0,78.0,,,,,13421.5,0.0
2,10900,DJEMBES,13419.0,72.0,,,,,13421.0,72.0,,,,,13420.0,0.0
2,11000,DJEMBES,13420.0,27.0,13419.0,46.0,,,13421.0,73.0,,,,,13420.5,0.0
2,11100,DJEMBES,13420.0,54.0,,,,,13421.0,24.0,13422.0,30.0,,,13420.5,0.0
2,11200,DJEMBES,13421.0,65.0,,,,,13422.0,65.0,,,,,13421.5,0.0
2,11300,DJEMBES,13420.0,49.0,,,,,13421.0,18.0,13422.0,31.0,,,13420.5,0.0
2,11400,DJEMBES,13420.0,57.0,,,,,13421.0,57.0,,,,,13420.5,0.0
2,11500,DJEMBES,13421.0,47.0,,,,,13422.0,47.0,,,,,13421.5,0.0
2,11600,DJEMBES,13420.0,60.0,,,,,13421.0,23.0,13422.0,34.0,,,13420.5,0.0
2,11700,DJEMBES,13422.0,50.0,,,,,13423.0,50.0,,,,,13422.5,0.0
2,11800,DJEMBES,13422.0,54.0,,,,,13423.0,22.0,13424.0,32.0,,,13422.5,0.0
2,11900,DJEMBES,13422.0,54.0,,,,,13423.0,17.0,13424.0,37.0,,,13422.5,0.0
2,12000,DJEMBES,13422.0,28.0,13421.0,36.0,,,13423.0,64.0,,,,,13422.5,0.0
2,12100,DJEMBES,13420.0,78.0,,,,,13421.0,30.0,13422.0,48.0,,,13420.5,0.0
2,12200,DJEMBES,13420.0,60.0,,,,,13422.0,60.0,,,,,13421.0,0.0
2,12300,DJEMBES,13421.0,71.0,,,,,13423.0,71.0,,,,,13422.0,0.0
2,12400,DJEMBES,13422.0,56.0,,,,,13423.0,56.0,,,,,13422.5,0.0
2,12500,DJEMBES,13421.0,64.0,,,,,13423.0,64.0,,,,,13422.0,0.0
2,12600,DJEMBES,13421.0,60.0,,,,,13423.0,60.0,,,,,13422.0,0.0
2,12700,DJEMBES,13421.0,55.0,,,,,13422.0,55.0,,,,,13421.5,0.0
2,12800,DJEMBES,13421.0,72.0,,,,,13422.0,72.0,,,,,13421.5,0.0
2,12900,DJEMBES,13421.0,54.0,,,,,13423.0,54.0,,,,,13422.0,0.0
2,13000,DJEMBES,13422.0,65.0,,,,,13423.0,65.0,,,,,13422.5,0.0
2,13100,DJEMBES,13422.0,18.0,13421.0,34.0,,,13423.0,52.0,,,,,13422.5,0.0
2,13200,DJEMBES,13422.0,26.0,13421.0,49.0,,,13423.0,75.0,,,,,13422.5,0.0
2,13300,DJEMBES,13425.0,76.0,,,,,13426.0,76.0,,,,,13425.5,0.0
2,13400,DJEMBES,13424.0,15.0,13423.0,40.0,,,13425.0,55.0,,,,,13424.5,0.0
2,13500,DJEMBES,13424.0,76.0,,,,,13425.0,76.0,,,,,13424.5,0.0
2,13600,DJEMBES,13424.0,72.0,,,,,13426.0,72.0,,,,,13425.0,0.0
2,13700,DJEMBES,13424.0,61.0,,,,,13426.0,61.0,,,,,13425.0,0.0
2,13800,DJEMBES,13424.0,77.0,,,,,13425.0,77.0,,,,,13424.5,0.0
2,13900,DJEMBES,13422.0,52.0,,,,,13423.0,52.0,,,,,13422.5,0.0
2,14000,DJEMBES,13423.0,17.0,13422.0,44.0,,,13424.0,61.0,,,,,13423.5,0.0
2,14100,DJEMBES,13422.0,75.0,,,,,13423.0,75.0,,,,,13422.5,0.0
2,14200,DJEMBES,13422.0,56.0,,,,,13423.0,22.0,13424.0,34.0,,,13422.5,0.0
2,14300,DJEMBES,13420.0,69.0,,,,,13421.0,29.0,13422.0,40.0,,,13420.5,0.0
2,14400,DJEMBES,13420.0,66.0,,,,,13422.0,66.0,,,,,13421.0,0.0
2,14500,DJEMBES,13420.0,21.0,13419.0,43.0,,,13421.0,64.0,,,,,13420.5,0.0
2,14600,DJEMBES,13420.0,68.0,,,,,13421.0,29.0,13422.0,39.0,,,13420.5,0.0
2,14700,DJEMBES,13420.0,63.0,,,,,13422.0,63.0,,,,,13421.0,0.0
2,14800,DJEMBES,13421.0,15.0,13420.0,31.0,,,13422.0,46.0,,,,,13421.5,0.0
2,14900,DJEMBES,13419.0,62.0,,,,,13421.0,62.0,,,,,13420.0,0.0
2,15000,DJEMBES,13416.0,65.0,,,,,13418.0,65.0,,,,,13417.0,0.0
2,15100,DJEMBES,13416.0,59.0,,,,,13417.0,59.0,,,,,13416.5,0.0
2,15200,DJEMBES,13415.0,58.0,,,,,13417.0,58.0,,,,,13416.0,0.0
2,15300,DJEMBES,13415.0,67.0,,,,,13417.0,67.0,,,,,13416.0,0.0
2,15400,DJEMBES,13415.0,64.0,,,,,13416.0,25.0,13417.0,39.0,,,13415.5,0.0
2,15500,DJEMBES,13415.0,73.0,,,,,13416.0,29.0,13417.0,44.0,,,13415.5,0.0
2,15600,DJEMBES,13415.0,58.0,,,,,13416.0,24.0,13417.0,34.0,,,13415.5,0.0
2,15700,DJEMBES,13415.0,63.0,,,,,13416.0,19.0,13417.0,44.0,,,13415.5,0.0
2,15800,DJEMBES,13415.0,51.0,,,,,13417.0,51.0,,,,,13416.0,0.0
2,15900,DJEMBES,13416.0,62.0,,,,,13417.0,62.0,,,,,13416.5,0.0
2,16000,DJEMBES,13421.0,53.0,,,,,13422.0,53.0,,,,,13421.5,0.0
2,16100,DJEMBES,13420.0,73.0,,,,,13421.0,26.0,13422.0,47.0,,,13420.5,0.0
2,16200,DJEMBES,13421.0,66.0,,,,,13422.0,66.0,,,,,13421.5,0.0
2,16300,DJEMBES,13422.0,18.0,13421.0,39.0,,,13423.0,57.0,,,,,13422.5,0.0
2,16400,DJEMBES,13422.0,56.0,,,,,13424.0,56.0,,,,,13423.0,0.0
2,16500,DJEMBES,13424.0,77.0,,,,,13425.0,29.0,13426.0,48.0,,,13424.5,0.0
2,16600,DJEMBES,13425.0,66.0,,,,,13427.0,66.0,,,,,13426.0,0.0
2,16700,DJEMBES,13425.0,67.0,,,,,13426.0,24.0,13427.0,43.0,,,13425.5,0.0
2,16800,DJEMBES,13427.0,57.0,,,,,13429.0,57.0,,,,,13428.0,0.0
2,16900,DJEMBES,13427.0,68.0,,,,,13428.0,19.0,13429.0,49.0,,,13427.5,0.0
2,17000,DJEMBES,13426.0,26.0,13425.0,47.0,,,13427.0,73.0,,,,,13426.5,0.0
2,17100,DJEMBES,13427.0,73.0,,,,,13428.0,27.0,13429.0,46.0,,,13427.5,0.0
2,17200,DJEMBES,13426.0,30.0,13425.0,45.0,,,13427.0,75.0,,,,,13426.5,0.0
2,17300,DJEMBES,13426.0,45.0,,,,,13428.0,45.0,,,,,13427.0,0.0
2,17400,DJEMBES,13426.0,73.0,,,,,13428.0,73.0,,,,,13427.0,0.0
2,17500,DJEMBES,13428.0,67.0,,,,,13429.0,67.0,,,,,13428.5,0.0
2,17600,DJEMBES,13428.0,66.0,,,,,13429.0,23.0,13430.0,43.0,,,13428.5,0.0
2,17700,DJEMBES,13427.0,60.0,,,,,13429.0,60.0,,,,,13428.0,0.0
2,17800,DJEMBES,13427.0,61.0,,,,,13428.0,61.0,,,,,13427.5,0.0
2,17900,DJEMBES,13427.0,23.0,13426.0,45.0,,,13428.0,68.0,,,,,13427.5,0.0
2,18000,DJEMBES,13426.0,63.0,,,,,13428.0,63.0,,,,,13427.0,0.0
2,18100,DJEMBES,13425.0,56.0,,,,,13426.0,15.0,13427.0,41.0,,,13425.5,0.0
2,18200,DJEMBES,13426.0,58.0,,,,,13427.0,58.0,,,,,13426.5,0.0
2,18300,DJEMBES,13424.0,70.0,,,,,13425.0,6.0,13426.0,70.0,,,13424.5,0.0
2,18400,DJEMBES,13424.0,66.0,,,,,13426.0,66.0,,,,,13425.0,0.0
2,18500,DJEMBES,13424.0,61.0,,,,,13425.0,20.0,13426.0,41.0,,,13424.5,0.0
2,18600,DJEMBES,13425.0,46.0,,,,,13426.0,46.0,,,,,13425.5,0.0
2,18700,DJEMBES,13425.0,56.0,,,,,13426.0,56.0,,,,,13425.5,0.0
2,18800,DJEMBES,13423.0,67.0,,,,,13424.0,67.0,,,,,13423.5,0.0
2,18900,DJEMBES,13423.0,24.0,13422.0,48.0,,,13424.0,72.0,,,,,13423.5,0.0
2,19000,DJEMBES,13423.0,27.0,13422.0,30.0,,,13424.0,57.0,,,,,13423.5,0.0
2,19100,DJEMBES,13423.0,55.0,,,,,13424.0,55.0,,,,,13423.5,0.0
2,19200,DJEMBES,13425.0,63.0,,,,,13426.0,63.0,,,,,13425.5,0.0
2,19300,DJEMBES,13426.0,47.0,,,,,13427.0,47.0,,,,,13426.5,0.0
2,19400,DJEMBES,13425.0,64.0,,,,,13426.0,18.0,13427.0,46.0,,,13425.5,0.0
2,19500,DJEMBES,13425.0,51.0,,,,,13427.0,51.0,,,,,13426.0,0.0
2,19600,DJEMBES,13425.0,61.0,,,,,13426.0,61.0,,,,,13425.5,0.0
2,19700,DJEMBES,13431.0,58.0,,,,,13432.0,25.0,13433.0,33.0,,,13431.5,0.0
2,19800,DJEMBES,13434.0,86.0,,,,,13435.0,76.0,,,,,13434.5,0.0
2,19900,DJEMBES,13434.0,78.0,,,,,13435.0,78.0,,,,,13434.5,0.0
2,20000,DJEMBES,13438.0,70.0,,,,,13439.0,70.0,,,,,13438.5,0.0
2,20100,DJEMBES,13438.0,62.0,,,,,13439.0,62.0,,,,,13438.5,0.0
2,20200,DJEMBES,13440.0,75.0,,,,,13441.0,75.0,,,,,13440.5,0.0
2,20300,DJEMBES,13442.0,16.0,13441.0,45.0,,,13443.0,61.0,,,,,13442.5,0.0
2,20400,DJEMBES,13439.0,61.0,,,,,13441.0,61.0,,,,,13440.0,0.0
2,20500,DJEMBES,13440.0,67.0,,,,,13441.0,67.0,,,,,13440.5,0.0
2,20600,DJEMBES,13439.0,77.0,,,,,13440.0,77.0,,,,,13439.5,0.0
2,20700,DJEMBES,13439.0,71.0,,,,,13441.0,71.0,,,,,13440.0,0.0
2,20800,DJEMBES,13439.0,74.0,,,,,13440.0,74.0,,,,,13439.5,0.0
2,20900,DJEMBES,13443.0,30.0,13442.0,50.0,,,13444.0,80.0,,,,,13443.5,0.0
2,21000,DJEMBES,13443.0,61.0,,,,,13445.0,61.0,,,,,13444.0,0.0
2,21100,DJEMBES,13443.0,53.0,,,,,13444.0,53.0,,,,,13443.5,0.0
2,21200,DJEMBES,13442.0,56.0,,,,,13443.0,56.0,,,,,13442.5,0.0
2,21300,DJEMBES,13445.0,15.0,13444.0,30.0,,,13446.0,45.0,,,,,13445.5,0.0
2,21400,DJEMBES,13446.0,23.0,13445.0,47.0,,,13447.0,70.0,,,,,13446.5,0.0
2,21500,DJEMBES,13447.0,69.0,,,,,13448.0,69.0,,,,,13447.5,0.0
2,21600,DJEMBES,13445.0,53.0,,,,,13447.0,53.0,,,,,13446.0,0.0
2,21700,DJEMBES,13447.0,28.0,13446.0,41.0,,,13448.0,69.0,,,,,13447.5,0.0
2,21800,DJEMBES,13446.0,48.0,,,,,13447.0,17.0,13448.0,31.0,,,13446.5,0.0
2,21900,DJEMBES,13446.0,48.0,,,,,13447.0,48.0,,,,,13446.5,0.0
2,22000,DJEMBES,13447.0,67.0,,,,,13448.0,23.0,13449.0,44.0,,,13447.5,0.0
2,22100,DJEMBES,13449.0,22.0,13448.0,43.0,,,13450.0,65.0,,,,,13449.5,0.0
2,22200,DJEMBES,13451.0,24.0,13450.0,38.0,,,13452.0,62.0,,,,,13451.5,0.0
2,22300,DJEMBES,13450.0,65.0,,,,,13451.0,28.0,13452.0,37.0,,,13450.5,0.0
2,22400,DJEMBES,13448.0,67.0,,,,,13450.0,67.0,,,,,13449.0,0.0
2,22500,DJEMBES,13448.0,62.0,,,,,13450.0,62.0,,,,,13449.0,0.0
2,22600,DJEMBES,13450.0,57.0,,,,,13451.0,22.0,13452.0,35.0,,,13450.5,0.0
2,22700,DJEMBES,13449.0,59.0,,,,,13451.0,59.0,,,,,13450.0,0.0
2,22800,DJEMBES,13450.0,30.0,13449.0,34.0,,,13451.0,64.0,,,,,13450.5,0.0
2,22900,DJEMBES,13451.0,69.0,,,,,13452.0,69.0,,,,,13451.5,0.0
2,23000,DJEMBES,13450.0,55.0,,,,,13451.0,55.0,,,,,13450.5,0.0
2,23100,DJEMBES,13450.0,65.0,,,,,13452.0,65.0,,,,,13451.0,0.0
2,23200,DJEMBES,13449.0,74.0,,,,,13450.0,74.0,,,,,13449.5,0.0
2,23300,DJEMBES,13448.0,63.0,,,,,13449.0,63.0,,,,,13448.5,0.0
2,23400,DJEMBES,13448.0,65.0,,,,,13449.0,30.0,13450.0,35.0,,,13448.5,0.0
2,23500,DJEMBES,13449.0,57.0,,,,,13450.0,25.0,13451.0,32.0,,,13449.5,0.0
2,23600,DJEMBES,13447.0,21.0,13446.0,31.0,,,13448.0,52.0,,,,,13447.5,0.0
2,23700,DJEMBES,13447.0,65.0,,,,,13448.0,20.0,13449.0,45.0,,,13447.5,0.0
2,23800,DJEMBES,13448.0,20.0,13447.0,43.0,,,13449.0,63.0,,,,,13448.5,0.0
2,23900,DJEMBES,13447.0,59.0,,,,,13448.0,59.0,,,,,13447.5,0.0
2,24000,DJEMBES,13446.0,21.0,13445.0,37.0,,,13447.0,58.0,,,,,13446.5,0.0
2,24100,DJEMBES,13447.0,68.0,,,,,13448.0,68.0,,,,,13447.5,0.0
2,24200,DJEMBES,13448.0,55.0,,,,,13449.0,55.0,,,,,13448.5,0.0
2,24300,DJEMBES,13447.0,21.0,13446.0,43.0,,,13448.0,64.0,,,,,13447.5,0.0
2,24400,DJEMBES,13448.0,65.0,,,,,13449.0,65.0,,,,,13448.5,0.0
2,24500,DJEMBES,13449.0,21.0,13448.0,32.0,,,13450.0,53.0,,,,,13449.5,0.0
2,24600,DJEMBES,13447.0,64.0,,,,,13449.0,64.0,,,,,13448.0,0.0
2,24700,DJEMBES,13446.0,67.0,,,,,13447.0,67.0,,,,,13446.5,0.0
2,24800,DJEMBES,13446.0,69.0,,,,,13447.0,27.0,13448.0,38.0,,,13446.5,0.0
2,24900,DJEMBES,13447.0,61.0,,,,,13449.0,61.0,,,,,13448.0,0.0
2,25000,DJEMBES,13448.0,59.0,,,,,13449.0,59.0,,,,,13448.5,0.0
2,25100,DJEMBES,13448.0,19.0,13447.0,48.0,,,13449.0,67.0,,,,,13448.5,0.0
2,25200,DJEMBES,13447.0,50.0,,,,,13449.0,50.0,,,,,13448.0,0.0
2,25300,DJEMBES,13445.0,53.0,,,,,13446.0,19.0,13447.0,34.0,,,13445.5,0.0
2,25400,DJEMBES,13444.0,47.0,,,,,13446.0,47.0,,,,,13445.0,0.0
2,25500,DJEMBES,13443.0,73.0,,,,,13445.0,73.0,,,,,13444.0,0.0
2,25600,DJEMBES,13443.0,64.0,,,,,13445.0,64.0,,,,,13444.0,0.0
2,25700,DJEMBES,13444.0,66.0,,,,,13445.0,66.0,,,,,13444.5,0.0
2,25800,DJEMBES,13442.0,56.0,,,,,13444.0,56.0,,,,,13443.0,0.0
2,25900,DJEMBES,13443.0,73.0,,,,,13445.0,73.0,,,,,13444.0,0.0
2,26000,DJEMBES,13442.0,24.0,13441.0,49.0,,,13443.0,73.0,,,,,13442.5,0.0
2,26100,DJEMBES,13441.0,60.0,,,,,13442.0,30.0,13443.0,30.0,,,13441.5,0.0
2,26200,DJEMBES,13442.0,65.0,,,,,13444.0,65.0,,,,,13443.0,0.0
2,26300,DJEMBES,13441.0,73.0,,,,,13443.0,73.0,,,,,13442.0,0.0
2,26400,DJEMBES,13442.0,58.0,,,,,13443.0,58.0,,,,,13442.5,0.0
2,26500,DJEMBES,13442.0,15.0,13441.0,32.0,,,13443.0,47.0,,,,,13442.5,0.0
2,26600,DJEMBES,13440.0,53.0,,,,,13441.0,53.0,,,,,13440.5,0.0
2,26700,DJEMBES,13439.0,66.0,,,,,13440.0,66.0,,,,,13439.5,0.0
2,26800,DJEMBES,13439.0,73.0,,,,,13441.0,73.0,,,,,13440.0,0.0
2,26900,DJEMBES,13440.0,60.0,,,,,13441.0,60.0,,,,,13440.5,0.0
2,27000,DJEMBES,13439.0,65.0,,,,,13441.0,65.0,,,,,13440.0,0.0
2,27100,DJEMBES,13437.0,59.0,,,,,13438.0,59.0,,,,,13437.5,0.0
2,27200,DJEMBES,13437.0,57.0,,,,,13438.0,19.0,13439.0,38.0,,,13437.5,0.0
2,27300,DJEMBES,13439.0,77.0,,,,,13440.0,77.0,,,,,13439.5,0.0
2,27400,DJEMBES,13439.0,68.0,,,,,13440.0,68.0,,,,,13439.5,0.0
2,27500,DJEMBES,13439.0,64.0,,,,,13440.0,16.0,13441.0,48.0,,,13439.5,0.0
2,27600,DJEMBES,13438.0,15.0,13437.0,34.0,,,13439.0,49.0,,,,,13438.5,0.0
2,27700,DJEMBES,13436.0,58.0,,,,,13438.0,58.0,,,,,13437.0,0.0
2,27800,DJEMBES,13436.0,61.0,,,,,13438.0,61.0,,,,,13437.0,0.0
2,27900,DJEMBES,13436.0,53.0,,,,,13438.0,53.0,,,,,13437.0,0.0
2,28000,DJEMBES,13437.0,25.0,13436.0,37.0,,,13438.0,62.0,,,,,13437.5,0.0
2,28100,DJEMBES,13436.0,58.0,,,,,13438.0,58.0,,,,,13437.0,0.0
2,28200,DJEMBES,13436.0,54.0,,,,,13437.0,54.0,,,,,13436.5,0.0
2,28300,DJEMBES,13435.0,56.0,,,,,13436.0,19.0,13437.0,37.0,,,13435.5,0.0
2,28400,DJEMBES,13437.0,63.0,,,,,13438.0,63.0,,,,,13437.5,0.0
2,28500,DJEMBES,13438.0,74.0,,,,,13440.0,74.0,,,,,13439.0,0.0
2,28600,DJEMBES,13438.0,62.0,,,,,13439.0,62.0,,,,,13438.5,0.0
2,28700,DJEMBES,13437.0,52.0,,,,,13438.0,52.0,,,,,13437.5,0.0
2,28800,DJEMBES,13437.0,57.0,,,,,13438.0,20.0,13439.0,37.0,,,13437.5,0.0
2,28900,DJEMBES,13436.0,21.0,13435.0,34.0,,,13437.0,55.0,,,,,13436.5,0.0
2,29000,DJEMBES,13436.0,22.0,13435.0,39.0,,,13437.0,61.0,,,,,13436.5,0.0
2,29100,DJEMBES,13436.0,28.0,13435.0,30.0,,,13437.0,58.0,,,,,13436.5,0.0
2,29200,DJEMBES,13435.0,70.0,,,,,13437.0,70.0,,,,,13436.0,0.0
2,29300,DJEMBES,13436.0,66.0,,,,,13437.0,66.0,,,,,13436.5,0.0
2,29400,DJEMBES,13436.0,30.0,13435.0,37.0,,,13437.0,67.0,,,,,13436.5,0.0
2,29500,DJEMBES,13436.0,75.0,,,,,13437.0,75.0,,,,,13436.5,0.0
2,29600,DJEMBES,13435.0,66.0,,,,,13436.0,28.0,13437.0,38.0,,,13435.5,0.0
2,29700,DJEMBES,13435.0,58.0,,,,,13436.0,58.0,,,,,13435.5,0.0
2,29800,DJEMBES,13434.0,70.0,,,,,13436.0,70.0,,,,,13435.0,0.0
2,29900,DJEMBES,13435.0,49.0,,,,,13436.0,49.0,,,,,13435.5,0.0
2,30000,DJEMBES,13436.0,49.0,,,,,13437.0,49.0,,,,,13436.5,0.0
2,30100,DJEMBES,13435.0,72.0,,,,,13436.0,25.0,13437.0,47.0,,,13435.5,0.0
2,30200,DJEMBES,13435.0,61.0,,,,,13436.0,61.0,,,,,13435.5,0.0
2,30300,DJEMBES,13437.0,20.0,13436.0,30.0,,,13438.0,50.0,,,,,13437.5,0.0
2,30400,DJEMBES,13436.0,28.0,13435.0,45.0,,,13437.0,73.0,,,,,13436.5,0.0
2,30500,DJEMBES,13436.0,67.0,,,,,13437.0,67.0,,,,,13436.5,0.0
2,30600,DJEMBES,13435.0,69.0,,,,,13436.0,20.0,13437.0,49.0,,,13435.5,0.0
2,30700,DJEMBES,13434.0,57.0,,,,,13436.0,57.0,,,,,13435.0,0.0
2,30800,DJEMBES,13435.0,67.0,,,,,13436.0,30.0,13437.0,37.0,,,13435.5,0.0
2,30900,DJEMBES,13437.0,54.0,,,,,13438.0,54.0,,,,,13437.5,0.0
2,31000,DJEMBES,13436.0,80.0,,,,,13438.0,80.0,,,,,13437.0,0.0
2,31100,DJEMBES,13435.0,65.0,,,,,13436.0,65.0,,,,,13435.5,0.0
2,31200,DJEMBES,13435.0,60.0,,,,,13436.0,60.0,,,,,13435.5,0.0
2,31300,DJEMBES,13435.0,62.0,,,,,13436.0,19.0,13437.0,43.0,,,13435.5,0.0
2,31400,DJEMBES,13435.0,57.0,,,,,13437.0,57.0,,,,,13436.0,0.0
2,31500,DJEMBES,13435.0,72.0,,,,,13437.0,72.0,,,,,13436.0,0.0
2,31600,DJEMBES,13435.0,54.0,,,,,13437.0,54.0,,,,,13436.0,0.0
2,31700,DJEMBES,13435.0,69.0,,,,,13436.0,30.0,13437.0,39.0,,,13435.5,0.0
2,31800,DJEMBES,13432.0,64.0,,,,,13434.0,64.0,,,,,13433.0,0.0
2,31900,DJEMBES,13432.0,67.0,,,,,13433.0,67.0,,,,,13432.5,0.0
2,32000,DJEMBES,13432.0,66.0,,,,,13433.0,66.0,,,,,13432.5,0.0
2,32100,DJEMBES,13432.0,60.0,,,,,13433.0,16.0,13434.0,44.0,,,13432.5,0.0
2,32200,DJEMBES,13432.0,52.0,,,,,13434.0,52.0,,,,,13433.0,0.0
2,32300,DJEMBES,13432.0,52.0,,,,,13433.0,18.0,13434.0,34.0,,,13432.5,0.0
2,32400,DJEMBES,13432.0,25.0,13431.0,38.0,,,13433.0,63.0,,,,,13432.5,0.0
2,32500,DJEMBES,13432.0,61.0,,,,,13434.0,61.0,,,,,13433.0,0.0
2,32600,DJEMBES,13432.0,75.0,,,,,13433.0,26.0,13434.0,49.0,,,13432.5,0.0
2,32700,DJEMBES,13432.0,27.0,13431.0,41.0,,,13433.0,68.0,,,,,13432.5,0.0
2,32800,DJEMBES,13430.0,59.0,,,,,13432.0,59.0,,,,,13431.0,0.0
2,32900,DJEMBES,13431.0,61.0,,,,,13433.0,61.0,,,,,13432.0,0.0
2,33000,DJEMBES,13432.0,62.0,,,,,13434.0,62.0,,,,,13433.0,0.0
2,33100,DJEMBES,13434.0,22.0,13433.0,31.0,,,13435.0,53.0,,,,,13434.5,0.0
2,33200,DJEMBES,13434.0,13.0,13433.0,38.0,,,13435.0,57.0,,,,,13434.5,0.0
2,33300,DJEMBES,13433.0,75.0,,,,,13434.0,28.0,13435.0,47.0,,,13433.5,0.0
2,33400,DJEMBES,13433.0,15.0,13432.0,43.0,,,13434.0,58.0,,,,,13433.5,0.0
2,33500,DJEMBES,13433.0,55.0,,,,,13435.0,55.0,,,,,13434.0,0.0
2,33600,DJEMBES,13436.0,71.0,,,,,13438.0,71.0,,,,,13437.0,0.0
2,33700,DJEMBES,13435.0,56.0,,,,,13436.0,56.0,,,,,13435.5,0.0
2,33800,DJEMBES,13436.0,74.0,,,,,13437.0,74.0,,,,,13436.5,0.0
2,33900,DJEMBES,13436.0,61.0,,,,,13437.0,55.0,,,,,13436.5,0.0
2,34000,DJEMBES,13435.0,17.0,13434.0,32.0,,,13436.0,49.0,,,,,13435.5,0.0
2,34100,DJEMBES,13434.0,59.0,,,,,13435.0,59.0,,,,,13434.5,0.0
2,34200,DJEMBES,13433.0,62.0,,,,,13435.0,62.0,,,,,13434.0,0.0
2,34300,DJEMBES,13434.0,21.0,13433.0,37.0,,,13435.0,58.0,,,,,13434.5,0.0
2,34400,DJEMBES,13435.0,64.0,,,,,13436.0,17.0,13437.0,47.0,,,13435.5,0.0
2,34500,DJEMBES,13434.0,60.0,,,,,13436.0,60.0,,,,,13435.0,0.0
2,34600,DJEMBES,13433.0,62.0,,,,,13434.0,30.0,13435.0,32.0,,,13433.5,0.0
2,34700,DJEMBES,13435.0,50.0,,,,,13436.0,50.0,,,,,13435.5,0.0
2,34800,DJEMBES,13435.0,65.0,,,,,13437.0,65.0,,,,,13436.0,0.0
2,34900,DJEMBES,13436.0,75.0,,,,,13437.0,75.0,,,,,13436.5,0.0
2,35000,DJEMBES,13436.0,60.0,,,,,13438.0,60.0,,,,,13437.0,0.0
2,35100,DJEMBES,13436.0,27.0,13435.0,40.0,,,13437.0,67.0,,,,,13436.5,0.0
2,35200,DJEMBES,13436.0,26.0,13435.0,33.0,,,13437.0,59.0,,,,,13436.5,0.0
2,35300,DJEMBES,13436.0,58.0,,,,,13437.0,15.0,13438.0,43.0,,,13436.5,0.0
2,35400,DJEMBES,13436.0,56.0,,,,,13437.0,56.0,,,,,13436.5,0.0
2,35500,DJEMBES,13437.0,64.0,,,,,13438.0,64.0,,,,,13437.5,0.0
2,35600,DJEMBES,13437.0,16.0,13436.0,33.0,,,13438.0,49.0,,,,,13437.5,0.0
2,35700,DJEMBES,13437.0,60.0,,,,,13438.0,60.0,,,,,13437.5,0.0
2,35800,DJEMBES,13436.0,72.0,,,,,13438.0,72.0,,,,,13437.0,0.0
2,35900,DJEMBES,13436.0,23.0,13435.0,32.0,,,13437.0,55.0,,,,,13436.5,0.0
2,36000,DJEMBES,13435.0,26.0,13434.0,44.0,,,13436.0,70.0,,,,,13435.5,0.0
2,36100,DJEMBES,13434.0,62.0,,,,,13435.0,16.0,13436.0,46.0,,,13434.5,0.0
2,36200,DJEMBES,13433.0,69.0,,,,,13435.0,69.0,,,,,13434.0,0.0
2,36300,DJEMBES,13433.0,68.0,,,,,13435.0,68.0,,,,,13434.0,0.0
2,36400,DJEMBES,13433.0,59.0,,,,,13435.0,59.0,,,,,13434.0,0.0
2,36500,DJEMBES,13433.0,65.0,,,,,13435.0,65.0,,,,,13434.0,0.0
2,36600,DJEMBES,13434.0,53.0,,,,,13435.0,53.0,,,,,13434.5,0.0
2,36700,DJEMBES,13433.0,27.0,13432.0,43.0,,,13434.0,70.0,,,,,13433.5,0.0
2,36800,DJEMBES,13432.0,61.0,,,,,13434.0,61.0,,,,,13433.0,0.0
2,36900,DJEMBES,13433.0,19.0,13432.0,44.0,,,13434.0,63.0,,,,,13433.5,0.0
2,37000,DJEMBES,13433.0,53.0,,,,,13435.0,53.0,,,,,13434.0,0.0
2,37100,DJEMBES,13433.0,16.0,13432.0,50.0,,,13434.0,66.0,,,,,13433.5,0.0
2,37200,DJEMBES,13433.0,76.0,,,,,13434.0,76.0,,,,,13433.5,0.0
2,37300,DJEMBES,13433.0,62.0,,,,,13434.0,62.0,,,,,13433.5,0.0
2,37400,DJEMBES,13434.0,19.0,13433.0,39.0,,,13435.0,58.0,,,,,13434.5,0.0
2,37500,DJEMBES,13435.0,79.0,,,,,13436.0,30.0,13437.0,49.0,,,13435.5,0.0
2,37600,DJEMBES,13436.0,64.0,,,,,13438.0,64.0,,,,,13437.0,0.0
2,37700,DJEMBES,13437.0,73.0,,,,,13439.0,73.0,,,,,13438.0,0.0
2,37800,DJEMBES,13436.0,76.0,,,,,13438.0,76.0,,,,,13437.0,0.0
2,37900,DJEMBES,13436.0,66.0,,,,,13438.0,66.0,,,,,13437.0,0.0
2,38000,DJEMBES,13436.0,56.0,,,,,13438.0,56.0,,,,,13437.0,0.0
2,38100,DJEMBES,13436.0,23.0,13435.0,37.0,,,13437.0,60.0,,,,,13436.5,0.0
2,38200,DJEMBES,13434.0,63.0,,,,,13435.0,63.0,,,,,13434.5,0.0
2,38300,DJEMBES,13434.0,62.0,,,,,13435.0,62.0,,,,,13434.5,0.0
2,38400,DJEMBES,13433.0,47.0,,,,,13434.0,15.0,13435.0,32.0,,,13433.5,0.0
2,38500,DJEMBES,13431.0,28.0,13430.0,34.0,,,13432.0,62.0,,,,,13431.5,0.0
2,38600,DJEMBES,13432.0,69.0,,,,,13434.0,69.0,,,,,13433.0,0.0
2,38700,DJEMBES,13431.0,65.0,,,,,13433.0,65.0,,,,,13432.0,0.0
2,38800,DJEMBES,13431.0,60.0,,,,,13432.0,22.0,13433.0,38.0,,,13431.5,0.0
2,38900,DJEMBES,13431.0,62.0,,,,,13433.0,62.0,,,,,13432.0,0.0
2,39000,DJEMBES,13431.0,26.0,13430.0,43.0,,,13432.0,69.0,,,,,13431.5,0.0
2,39100,DJEMBES,13431.0,25.0,13430.0,32.0,,,13432.0,57.0,,,,,13431.5,0.0
2,39200,DJEMBES,13430.0,29.0,13429.0,32.0,,,13431.0,61.0,,,,,13430.5,0.0
2,39300,DJEMBES,13431.0,77.0,,,,,13432.0,77.0,,,,,13431.5,0.0
2,39400,DJEMBES,13431.0,53.0,,,,,13432.0,53.0,,,,,13431.5,0.0
2,39500,DJEMBES,13431.0,29.0,13430.0,45.0,,,13432.0,74.0,,,,,13431.5,0.0
2,39600,DJEMBES,13431.0,58.0,,,,,13433.0,58.0,,,,,13432.0,0.0
2,39700,DJEMBES,13431.0,57.0,,,,,13432.0,52.0,,,,,13431.5,0.0
2,39800,DJEMBES,13432.0,30.0,13431.0,36.0,,,13433.0,66.0,,,,,13432.5,0.0
2,39900,DJEMBES,13432.0,56.0,,,,,13434.0,56.0,,,,,13433.0,0.0
2,40000,DJEMBES,13431.0,63.0,,,,,13433.0,63.0,,,,,13432.0,0.0
2,40100,DJEMBES,13431.0,68.0,,,,,13432.0,29.0,13433.0,39.0,,,13431.5,0.0
2,40200,DJEMBES,13432.0,59.0,,,,,13433.0,59.0,,,,,13432.5,0.0
2,40300,DJEMBES,13433.0,16.0,13432.0,47.0,,,13434.0,63.0,,,,,13433.5,0.0
2,40400,DJEMBES,13433.0,15.0,13432.0,42.0,,,13434.0,57.0,,,,,13433.5,0.0
2,40500,DJEMBES,13433.0,61.0,,,,,13434.0,61.0,,,,,13433.5,0.0
2,40600,DJEMBES,13433.0,63.0,,,,,13434.0,19.0,13435.0,44.0,,,13433.5,0.0
2,40700,DJEMBES,13433.0,18.0,13432.0,37.0,,,13434.0,55.0,,,,,13433.5,0.0
2,40800,DJEMBES,13431.0,66.0,,,,,13433.0,66.0,,,,,13432.0,0.0
2,40900,DJEMBES,13431.0,77.0,,,,,13433.0,77.0,,,,,13432.0,0.0
2,41000,DJEMBES,13433.0,10.0,13432.0,62.0,,,13434.0,62.0,,,,,13433.5,0.0
2,41100,DJEMBES,13432.0,70.0,,,,,13434.0,70.0,,,,,13433.0,0.0
2,41200,DJEMBES,13431.0,50.0,,,,,13433.0,50.0,,,,,13432.0,0.0
2,41300,DJEMBES,13430.0,74.0,,,,,13432.0,74.0,,,,,13431.0,0.0
2,41400,DJEMBES,13429.0,46.0,,,,,13430.0,46.0,,,,,13429.5,0.0
2,41500,DJEMBES,13429.0,51.0,,,,,13430.0,21.0,13431.0,30.0,,,13429.5,0.0
2,41600,DJEMBES,13431.0,61.0,,,,,13432.0,61.0,,,,,13431.5,0.0
2,41700,DJEMBES,13431.0,64.0,,,,,13432.0,64.0,,,,,13431.5,0.0
2,41800,DJEMBES,13431.0,65.0,,,,,13433.0,65.0,,,,,13432.0,0.0
2,41900,DJEMBES,13433.0,77.0,,,,,13434.0,77.0,,,,,13433.5,0.0
2,42000,DJEMBES,13433.0,19.0,13432.0,44.0,,,13434.0,63.0,,,,,13433.5,0.0
2,42100,DJEMBES,13432.0,58.0,,,,,13433.0,16.0,13434.0,42.0,,,13432.5,0.0
2,42200,DJEMBES,13432.0,47.0,,,,,13433.0,47.0,,,,,13432.5,0.0
2,42300,DJEMBES,13433.0,55.0,,,,,13434.0,55.0,,,,,13433.5,0.0
2,42400,DJEMBES,13432.0,24.0,13431.0,38.0,,,13433.0,62.0,,,,,13432.5,0.0
2,42500,DJEMBES,13432.0,67.0,,,,,13433.0,67.0,,,,,13432.5,0.0
2,42600,DJEMBES,13434.0,65.0,,,,,13435.0,23.0,13436.0,42.0,,,13434.5,0.0
2,42700,DJEMBES,13435.0,58.0,,,,,13437.0,58.0,,,,,13436.0,0.0
2,42800,DJEMBES,13436.0,51.0,,,,,13437.0,18.0,13438.0,33.0,,,13436.5,0.0
2,42900,DJEMBES,13436.0,46.0,,,,,13437.0,46.0,,,,,13436.5,0.0
2,43000,DJEMBES,13437.0,72.0,,,,,13438.0,72.0,,,,,13437.5,0.0
2,43100,DJEMBES,13437.0,18.0,13436.0,48.0,,,13438.0,66.0,,,,,13437.5,0.0
2,43200,DJEMBES,13438.0,49.0,,,,,13439.0,49.0,,,,,13438.5,0.0
2,43300,DJEMBES,13437.0,64.0,,,,,13439.0,64.0,,,,,13438.0,0.0
2,43400,DJEMBES,13438.0,23.0,13437.0,50.0,,,13439.0,73.0,,,,,13438.5,0.0
2,43500,DJEMBES,13437.0,30.0,13436.0,47.0,,,13438.0,77.0,,,,,13437.5,0.0
2,43600,DJEMBES,13439.0,62.0,,,,,13440.0,62.0,,,,,13439.5,0.0
2,43700,DJEMBES,13440.0,56.0,,,,,13441.0,56.0,,,,,13440.5,0.0
2,43800,DJEMBES,13442.0,66.0,,,,,13443.0,66.0,,,,,13442.5,0.0
2,43900,DJEMBES,13441.0,59.0,,,,,13442.0,25.0,13443.0,34.0,,,13441.5,0.0
2,44000,DJEMBES,13440.0,67.0,,,,,13441.0,19.0,13442.0,48.0,,,13440.5,0.0
2,44100,DJEMBES,13441.0,15.0,13440.0,33.0,,,13442.0,48.0,,,,,13441.5,0.0
2,44200,DJEMBES,13441.0,62.0,,,,,13442.0,62.0,,,,,13441.5,0.0
2,44300,DJEMBES,13441.0,56.0,,,,,13442.0,56.0,,,,,13441.5,0.0
2,44400,DJEMBES,13441.0,29.0,13440.0,41.0,,,13442.0,70.0,,,,,13441.5,0.0
2,44500,DJEMBES,13441.0,16.0,13440.0,31.0,,,13442.0,47.0,,,,,13441.5,0.0
2,44600,DJEMBES,13441.0,69.0,,,,,13442.0,69.0,,,,,13441.5,0.0
2,44700,DJEMBES,13441.0,67.0,,,,,13442.0,67.0,,,,,13441.5,0.0
2,44800,DJEMBES,13442.0,56.0,,,,,13443.0,17.0,13444.0,39.0,,,13442.5,0.0
2,44900,DJEMBES,13445.0,64.0,,,,,13446.0,64.0,,,,,13445.5,0.0
2,45000,DJEMBES,13445.0,24.0,13444.0,48.0,,,13446.0,72.0,,,,,13445.5,0.0
2,45100,DJEMBES,13447.0,54.0,,,,,13449.0,54.0,,,,,13448.0,0.0
2,45200,DJEMBES,13447.0,51.0,,,,,13448.0,51.0,,,,,13447.5,0.0
2,45300,DJEMBES,13447.0,62.0,,,,,13448.0,26.0,13449.0,36.0,,,13447.5,0.0
2,45400,DJEMBES,13448.0,17.0,13447.0,38.0,,,13449.0,55.0,,,,,13448.5,0.0
2,45500,DJEMBES,13447.0,55.0,,,,,13448.0,55.0,,,,,13447.5,0.0
2,45600,DJEMBES,13447.0,55.0,,,,,13449.0,55.0,,,,,13448.0,0.0
2,45700,DJEMBES,13448.0,30.0,13447.0,40.0,,,13449.0,70.0,,,,,13448.5,0.0
2,45800,DJEMBES,13448.0,71.0,,,,,13449.0,30.0,13450.0,41.0,,,13448.5,0.0
2,45900,DJEMBES,13448.0,62.0,,,,,13449.0,62.0,,,,,13448.5,0.0
2,46000,DJEMBES,13447.0,57.0,,,,,13448.0,26.0,13449.0,31.0,,,13447.5,0.0
2,46100,DJEMBES,13446.0,58.0,,,,,13447.0,18.0,13448.0,40.0,,,13446.5,0.0
2,46200,DJEMBES,13446.0,70.0,,,,,13447.0,70.0,,,,,13446.5,0.0
2,46300,DJEMBES,13446.0,55.0,,,,,13447.0,55.0,,,,,13446.5,0.0
2,46400,DJEMBES,13444.0,65.0,,,,,13445.0,65.0,,,,,13444.5,0.0
2,46500,DJEMBES,13444.0,19.0,13443.0,38.0,,,13445.0,57.0,,,,,13444.5,0.0
2,46600,DJEMBES,13443.0,59.0,,,,,13444.0,59.0,,,,,13443.5,0.0
2,46700,DJEMBES,13445.0,48.0,,,,,13446.0,48.0,,,,,13445.5,0.0
2,46800,DJEMBES,13446.0,70.0,,,,,13447.0,25.0,13448.0,45.0,,,13446.5,0.0
2,46900,DJEMBES,13446.0,63.0,,,,,13448.0,63.0,,,,,13447.0,0.0
2,47000,DJEMBES,13447.0,62.0,,,,,13448.0,25.0,13449.0,37.0,,,13447.5,0.0
2,47100,DJEMBES,13448.0,26.0,13447.0,34.0,,,13449.0,60.0,,,,,13448.5,0.0
2,47200,DJEMBES,13448.0,54.0,,,,,13449.0,17.0,13450.0,37.0,,,13448.5,0.0
2,47300,DJEMBES,13450.0,29.0,13449.0,44.0,,,13451.0,73.0,,,,,13450.5,0.0
2,47400,DJEMBES,13449.0,65.0,,,,,13450.0,65.0,,,,,13449.5,0.0
2,47500,DJEMBES,13449.0,58.0,,,,,13450.0,58.0,,,,,13449.5,0.0
2,47600,DJEMBES,13448.0,48.0,,,,,13449.0,48.0,,,,,13448.5,0.0
2,47700,DJEMBES,13448.0,62.0,,,,,13449.0,28.0,13450.0,34.0,,,13448.5,0.0
2,47800,DJEMBES,13447.0,15.0,13446.0,36.0,,,13448.0,51.0,,,,,13447.5,0.0
2,47900,DJEMBES,13447.0,60.0,,,,,13448.0,60.0,,,,,13447.5,0.0
2,48000,DJEMBES,13447.0,58.0,,,,,13448.0,16.0,13449.0,42.0,,,13447.5,0.0
2,48100,DJEMBES,13447.0,62.0,,,,,13449.0,62.0,,,,,13448.0,0.0
2,48200,DJEMBES,13449.0,51.0,,,,,13450.0,18.0,13451.0,33.0,,,13449.5,0.0
2,48300,DJEMBES,13449.0,26.0,13448.0,35.0,,,13450.0,61.0,,,,,13449.5,0.0
2,48400,DJEMBES,13449.0,66.0,,,,,13450.0,66.0,,,,,13449.5,0.0
2,48500,DJEMBES,13449.0,66.0,,,,,13450.0,22.0,13451.0,44.0,,,13449.5,0.0
2,48600,DJEMBES,13449.0,74.0,,,,,13450.0,74.0,,,,,13449.5,0.0
2,48700,DJEMBES,13448.0,62.0,,,,,13450.0,62.0,,,,,13449.0,0.0
2,48800,DJEMBES,13448.0,71.0,,,,,13449.0,71.0,,,,,13448.5,0.0
2,48900,DJEMBES,13448.0,65.0,,,,,13450.0,65.0,,,,,13449.0,0.0
2,49000,DJEMBES,13451.0,20.0,13450.0,38.0,,,13452.0,58.0,,,,,13451.5,0.0
2,49100,DJEMBES,13451.0,64.0,,,,,13452.0,64.0,,,,,13451.5,0.0
2,49200,DJEMBES,13451.0,68.0,,,,,13452.0,68.0,,,,,13451.5,0.0
2,49300,DJEMBES,13451.0,52.0,,,,,13452.0,52.0,,,,,13451.5,0.0
2,49400,DJEMBES,13451.0,18.0,13450.0,49.0,,,13452.0,67.0,,,,,13451.5,0.0
2,49500,DJEMBES,13451.0,27.0,13450.0,44.0,,,13452.0,71.0,,,,,13451.5,0.0
2,49600,DJEMBES,13450.0,54.0,,,,,13452.0,54.0,,,,,13451.0,0.0
2,49700,DJEMBES,13452.0,53.0,,,,,13453.0,53.0,,,,,13452.5,0.0
2,49800,DJEMBES,13453.0,76.0,,,,,13454.0,76.0,,,,,13453.5,0.0
2,49900,DJEMBES,13454.0,50.0,,,,,13456.0,50.0,,,,,13455.0,0.0
2,50000,DJEMBES,13455.0,19.0,13454.0,35.0,,,13456.0,54.0,,,,,13455.5,0.0
2,50100,DJEMBES,13455.0,66.0,,,,,13456.0,66.0,,,,,13455.5,0.0
2,50200,DJEMBES,13457.0,67.0,,,,,13458.0,30.0,13459.0,37.0,,,13457.5,0.0
2,50300,DJEMBES,13457.0,70.0,,,,,13459.0,70.0,,,,,13458.0,0.0
2,50400,DJEMBES,13456.0,58.0,,,,,13458.0,58.0,,,,,13457.0,0.0
2,50500,DJEMBES,13454.0,70.0,,,,,13456.0,70.0,,,,,13455.0,0.0
2,50600,DJEMBES,13455.0,62.0,,,,,13456.0,62.0,,,,,13455.5,0.0
2,50700,DJEMBES,13456.0,54.0,,,,,13458.0,54.0,,,,,13457.0,0.0
2,50800,DJEMBES,13457.0,50.0,,,,,13458.0,50.0,,,,,13457.5,0.0
2,50900,DJEMBES,13456.0,69.0,,,,,13457.0,24.0,13458.0,45.0,,,13456.5,0.0
2,51000,DJEMBES,13458.0,50.0,,,,,13459.0,50.0,,,,,13458.5,0.0
2,51100,DJEMBES,13459.0,19.0,13458.0,37.0,,,13460.0,56.0,,,,,13459.5,0.0
2,51200,DJEMBES,13461.0,61.0,,,,,13462.0,61.0,,,,,13461.5,0.0
2,51300,DJEMBES,13461.0,80.0,,,,,13462.0,30.0,13463.0,50.0,,,13461.5,0.0
2,51400,DJEMBES,13462.0,54.0,,,,,13463.0,54.0,,,,,13462.5,0.0
2,51500,DJEMBES,13461.0,54.0,,,,,13462.0,54.0,,,,,13461.5,0.0
2,51600,DJEMBES,13461.0,69.0,,,,,13462.0,69.0,,,,,13461.5,0.0
2,51700,DJEMBES,13461.0,74.0,,,,,13462.0,74.0,,,,,13461.5,0.0
2,51800,DJEMBES,13462.0,29.0,13461.0,32.0,,,13463.0,61.0,,,,,13462.5,0.0
2,51900,DJEMBES,13458.0,45.0,,,,,13460.0,45.0,,,,,13459.0,0.0
2,52000,DJEMBES,13458.0,70.0,,,,,13459.0,70.0,,,,,13458.5,0.0
2,52100,DJEMBES,13458.0,71.0,,,,,13459.0,71.0,,,,,13458.5,0.0
2,52200,DJEMBES,13457.0,49.0,,,,,13459.0,49.0,,,,,13458.0,0.0
2,52300,DJEMBES,13457.0,18.0,13456.0,33.0,,,13458.0,51.0,,,,,13457.5,0.0
2,52400,DJEMBES,13455.0,61.0,,,,,13457.0,61.0,,,,,13456.0,0.0
2,52500,DJEMBES,13455.0,59.0,,,,,13456.0,59.0,,,,,13455.5,0.0
2,52600,DJEMBES,13454.0,73.0,,,,,13456.0,73.0,,,,,13455.0,0.0
2,52700,DJEMBES,13456.0,20.0,13455.0,31.0,,,13457.0,51.0,,,,,13456.5,0.0
2,52800,DJEMBES,13456.0,73.0,,,,,13458.0,73.0,,,,,13457.0,0.0
2,52900,DJEMBES,13457.0,69.0,,,,,13458.0,69.0,,,,,13457.5,0.0
2,53000,DJEMBES,13457.0,65.0,,,,,13458.0,15.0,13459.0,50.0,,,13457.5,0.0
2,53100,DJEMBES,13457.0,57.0,,,,,13458.0,22.0,13459.0,35.0,,,13457.5,0.0
2,53200,DJEMBES,13456.0,61.0,,,,,13457.0,61.0,,,,,13456.5,0.0
2,53300,DJEMBES,13456.0,63.0,,,,,13458.0,63.0,,,,,13457.0,0.0
2,53400,DJEMBES,13456.0,55.0,,,,,13458.0,55.0,,,,,13457.0,0.0
2,53500,DJEMBES,13456.0,61.0,,,,,13457.0,61.0,,,,,13456.5,0.0
2,53600,DJEMBES,13456.0,66.0,,,,,13457.0,66.0,,,,,13456.5,0.0
2,53700,DJEMBES,13456.0,61.0,,,,,13457.0,61.0,,,,,13456.5,0.0
2,53800,DJEMBES,13456.0,62.0,,,,,13457.0,16.0,13458.0,46.0,,,13456.5,0.0
2,53900,DJEMBES,13456.0,70.0,,,,,13458.0,70.0,,,,,13457.0,0.0
2,54000,DJEMBES,13456.0,59.0,,,,,13458.0,59.0,,,,,13457.0,0.0
2,54100,DJEMBES,13457.0,27.0,13456.0,42.0,,,13458.0,69.0,,,,,13457.5,0.0
2,54200,DJEMBES,13457.0,29.0,13456.0,30.0,,,13458.0,59.0,,,,,13457.5,0.0
2,54300,DJEMBES,13457.0,62.0,,,,,13458.0,62.0,,,,,13457.5,0.0
2,54400,DJEMBES,13456.0,63.0,,,,,13458.0,63.0,,,,,13457.0,0.0
2,54500,DJEMBES,13456.0,61.0,,,,,13458.0,61.0,,,,,13457.0,0.0
2,54600,DJEMBES,13457.0,26.0,13456.0,49.0,,,13458.0,75.0,,,,,13457.5,0.0
2,54700,DJEMBES,13457.0,53.0,,,,,13459.0,53.0,,,,,13458.0,0.0
2,54800,DJEMBES,13457.0,86.0,,,,,13458.0,30.0,13459.0,50.0,,,13457.5,0.0
2,54900,DJEMBES,13457.0,55.0,,,,,13458.0,20.0,13459.0,30.0,,,13457.5,0.0
2,55000,DJEMBES,13458.0,24.0,13457.0,46.0,,,13459.0,70.0,,,,,13458.5,0.0
2,55100,DJEMBES,13456.0,71.0,,,,,13457.0,25.0,13458.0,46.0,,,13456.5,0.0
2,55200,DJEMBES,13456.0,56.0,,,,,13458.0,56.0,,,,,13457.0,0.0
2,55300,DJEMBES,13457.0,17.0,13456.0,30.0,,,13458.0,47.0,,,,,13457.5,0.0
2,55400,DJEMBES,13459.0,76.0,,,,,13460.0,76.0,,,,,13459.5,0.0
2,55500,DJEMBES,13457.0,60.0,,,,,13458.0,19.0,13459.0,41.0,,,13457.5,0.0
2,55600,DJEMBES,13457.0,70.0,,,,,13459.0,70.0,,,,,13458.0,0.0
2,55700,DJEMBES,13457.0,67.0,,,,,13459.0,67.0,,,,,13458.0,0.0
2,55800,DJEMBES,13456.0,65.0,,,,,13457.0,65.0,,,,,13456.5,0.0
2,55900,DJEMBES,13455.0,59.0,,,,,13456.0,59.0,,,,,13455.5,0.0
2,56000,DJEMBES,13454.0,68.0,,,,,13455.0,23.0,13456.0,45.0,,,13454.5,0.0
2,56100,DJEMBES,13455.0,69.0,,,,,13456.0,19.0,13457.0,50.0,,,13455.5,0.0
2,56200,DJEMBES,13456.0,57.0,,,,,13458.0,57.0,,,,,13457.0,0.0
2,56300,DJEMBES,13456.0,65.0,,,,,13458.0,65.0,,,,,13457.0,0.0
2,56400,DJEMBES,13457.0,71.0,,,,,13459.0,71.0,,,,,13458.0,0.0
2,56500,DJEMBES,13458.0,75.0,,,,,13460.0,75.0,,,,,13459.0,0.0
2,56600,DJEMBES,13458.0,57.0,,,,,13459.0,22.0,13460.0,35.0,,,13458.5,0.0
2,56700,DJEMBES,13458.0,73.0,,,,,13459.0,73.0,,,,,13458.5,0.0
2,56800,DJEMBES,13458.0,55.0,,,,,13459.0,20.0,13460.0,35.0,,,13458.5,0.0
2,56900,DJEMBES,13459.0,23.0,13458.0,39.0,,,13460.0,62.0,,,,,13459.5,0.0
2,57000,DJEMBES,13459.0,55.0,,,,,13460.0,55.0,,,,,13459.5,0.0
2,57100,DJEMBES,13458.0,59.0,,,,,13459.0,59.0,,,,,13458.5,0.0
2,57200,DJEMBES,13458.0,67.0,,,,,13459.0,67.0,,,,,13458.5,0.0
2,57300,DJEMBES,13458.0,49.0,,,,,13459.0,49.0,,,,,13458.5,0.0
2,57400,DJEMBES,13457.0,52.0,,,,,13459.0,52.0,,,,,13458.0,0.0
2,57500,DJEMBES,13458.0,65.0,,,,,13459.0,65.0,,,,,13458.5,0.0
2,57600,DJEMBES,13458.0,65.0,,,,,13459.0,65.0,,,,,13458.5,0.0
2,57700,DJEMBES,13458.0,63.0,,,,,13460.0,63.0,,,,,13459.0,0.0
2,57800,DJEMBES,13458.0,25.0,13457.0,34.0,,,13459.0,59.0,,,,,13458.5,0.0
2,57900,DJEMBES,13458.0,15.0,13457.0,36.0,,,13459.0,51.0,,,,,13458.5,0.0
2,58000,DJEMBES,13461.0,23.0,13460.0,42.0,,,13462.0,65.0,,,,,13461.5,0.0
2,58100,DJEMBES,13460.0,22.0,13459.0,32.0,,,13461.0,54.0,,,,,13460.5,0.0
2,58200,DJEMBES,13459.0,49.0,,,,,13461.0,49.0,,,,,13460.0,0.0
2,58300,DJEMBES,13459.0,74.0,,,,,13461.0,74.0,,,,,13460.0,0.0
2,58400,DJEMBES,13458.0,52.0,,,,,13459.0,52.0,,,,,13458.5,0.0
2,58500,DJEMBES,13457.0,56.0,,,,,13458.0,56.0,,,,,13457.5,0.0
2,58600,DJEMBES,13455.0,71.0,,,,,13457.0,71.0,,,,,13456.0,0.0
2,58700,DJEMBES,13457.0,50.0,,,,,13459.0,50.0,,,,,13458.0,0.0
2,58800,DJEMBES,13456.0,47.0,,,,,13457.0,47.0,,,,,13456.5,0.0
2,58900,DJEMBES,13454.0,68.0,,,,,13455.0,21.0,13456.0,47.0,,,13454.5,0.0
2,59000,DJEMBES,13455.0,52.0,,,,,13457.0,52.0,,,,,13456.0,0.0
2,59100,DJEMBES,13456.0,69.0,,,,,13457.0,23.0,13458.0,46.0,,,13456.5,0.0
2,59200,DJEMBES,13456.0,61.0,,,,,13457.0,61.0,,,,,13456.5,0.0
2,59300,DJEMBES,13457.0,68.0,,,,,13459.0,68.0,,,,,13458.0,0.0
2,59400,DJEMBES,13454.0,53.0,,,,,13456.0,53.0,,,,,13455.0,0.0
2,59500,DJEMBES,13455.0,64.0,,,,,13456.0,16.0,13457.0,48.0,,,13455.5,0.0
2,59600,DJEMBES,13456.0,19.0,13455.0,36.0,,,13457.0,55.0,,,,,13456.5,0.0
2,59700,DJEMBES,13456.0,19.0,13455.0,44.0,,,13457.0,63.0,,,,,13456.5,0.0
2,59800,DJEMBES,13456.0,67.0,,,,,13457.0,67.0,,,,,13456.5,0.0
2,59900,DJEMBES,13461.0,19.0,13460.0,41.0,,,13462.0,60.0,,,,,13461.5,0.0
2,60000,DJEMBES,13463.0,54.0,,,,,13464.0,54.0,,,,,13463.5,0.0
2,60100,DJEMBES,13462.0,59.0,,,,,13464.0,59.0,,,,,13463.0,0.0
2,60200,DJEMBES,13462.0,61.0,,,,,13464.0,61.0,,,,,13463.0,0.0
2,60300,DJEMBES,13462.0,66.0,,,,,13463.0,66.0,,,,,13462.5,0.0
2,60400,DJEMBES,13462.0,30.0,13461.0,32.0,,,13463.0,62.0,,,,,13462.5,0.0
2,60500,DJEMBES,13462.0,73.0,,,,,13463.0,73.0,,,,,13462.5,0.0
2,60600,DJEMBES,13462.0,62.0,,,,,13464.0,62.0,,,,,13463.0,0.0
2,60700,DJEMBES,13462.0,65.0,,,,,13463.0,65.0,,,,,13462.5,0.0
2,60800,DJEMBES,13462.0,22.0,13461.0,45.0,,,13463.0,67.0,,,,,13462.5,0.0
2,60900,DJEMBES,13462.0,59.0,,,,,13463.0,26.0,13464.0,33.0,,,13462.5,0.0
2,61000,DJEMBES,13462.0,3.0,13461.0,51.0,,,13463.0,51.0,,,,,13462.5,0.0
2,61100,DJEMBES,13462.0,55.0,,,,,13463.0,55.0,,,,,13462.5,0.0
2,61200,DJEMBES,13462.0,69.0,,,,,13463.0,69.0,,,,,13462.5,0.0
2,61300,DJEMBES,13461.0,73.0,,,,,13462.0,26.0,13463.0,47.0,,,13461.5,0.0
2,61400,DJEMBES,13461.0,68.0,,,,,13463.0,68.0,,,,,13462.0,0.0
2,61500,DJEMBES,13460.0,53.0,,,,,13461.0,23.0,13462.0,30.0,,,13460.5,0.0
2,61600,DJEMBES,13459.0,20.0,13458.0,49.0,,,13460.0,69.0,,,,,13459.5,0.0
2,61700,DJEMBES,13459.0,64.0,,,,,13460.0,29.0,13461.0,35.0,,,13459.5,0.0
2,61800,DJEMBES,13459.0,65.0,,,,,13460.0,65.0,,,,,13459.5,0.0
2,61900,DJEMBES,13459.0,17.0,13458.0,39.0,,,13460.0,56.0,,,,,13459.5,0.0
2,62000,DJEMBES,13457.0,48.0,,,,,13459.0,54.0,,,,,13458.0,0.0
2,62100,DJEMBES,13457.0,50.0,,,,,13459.0,50.0,,,,,13458.0,0.0
2,62200,DJEMBES,13458.0,54.0,,,,,13459.0,54.0,,,,,13458.5,0.0
2,62300,DJEMBES,13457.0,60.0,,,,,13459.0,60.0,,,,,13458.0,0.0
2,62400,DJEMBES,13458.0,70.0,,,,,13460.0,70.0,,,,,13459.0,0.0
2,62500,DJEMBES,13460.0,25.0,13459.0,33.0,,,13461.0,58.0,,,,,13460.5,0.0
2,62600,DJEMBES,13459.0,78.0,,,,,13461.0,78.0,,,,,13460.0,0.0
2,62700,DJEMBES,13459.0,68.0,,,,,13461.0,68.0,,,,,13460.0,0.0
2,62800,DJEMBES,13459.0,69.0,,,,,13461.0,69.0,,,,,13460.0,0.0
2,62900,DJEMBES,13459.0,45.0,,,,,13460.0,15.0,13461.0,30.0,,,13459.5,0.0
2,63000,DJEMBES,13461.0,19.0,13460.0,48.0,,,13462.0,67.0,,,,,13461.5,0.0
2,63100,DJEMBES,13461.0,58.0,,,,,13462.0,58.0,,,,,13461.5,0.0
2,63200,DJEMBES,13460.0,60.0,,,,,13461.0,29.0,13462.0,31.0,,,13460.5,0.0
2,63300,DJEMBES,13459.0,70.0,,,,,13460.0,70.0,,,,,13459.5,0.0
2,63400,DJEMBES,13459.0,23.0,13458.0,30.0,,,13460.0,53.0,,,,,13459.5,0.0
2,63500,DJEMBES,13459.0,26.0,13458.0,43.0,,,13460.0,69.0,,,,,13459.5,0.0
2,63600,DJEMBES,13459.0,48.0,,,,,13460.0,48.0,,,,,13459.5,0.0
2,63700,DJEMBES,13458.0,52.0,,,,,13460.0,52.0,,,,,13459.0,0.0
2,63800,DJEMBES,13458.0,64.0,,,,,13460.0,64.0,,,,,13459.0,0.0
2,63900,DJEMBES,13458.0,30.0,13457.0,49.0,,,13459.0,79.0,,,,,13458.5,0.0
2,64000,DJEMBES,13458.0,27.0,13457.0,36.0,,,13459.0,63.0,,,,,13458.5,0.0
2,64100,DJEMBES,13458.0,58.0,,,,,13459.0,58.0,,,,,13458.5,0.0
2,64200,DJEMBES,13458.0,62.0,,,,,13459.0,62.0,,,,,13458.5,0.0
2,64300,DJEMBES,13458.0,20.0,13457.0,35.0,,,13459.0,55.0,,,,,13458.5,0.0
2,64400,DJEMBES,13458.0,70.0,,,,,13460.0,70.0,,,,,13459.0,0.0
2,64500,DJEMBES,13458.0,73.0,,,,,13459.0,73.0,,,,,13458.5,0.0
2,64600,DJEMBES,13456.0,63.0,,,,,13457.0,25.0,13458.0,38.0,,,13456.5,0.0
2,64700,DJEMBES,13455.0,27.0,13454.0,43.0,,,13456.0,70.0,,,,,13455.5,0.0
2,64800,DJEMBES,13453.0,55.0,,,,,13454.0,55.0,,,,,13453.5,0.0
2,64900,DJEMBES,13453.0,51.0,,,,,13455.0,51.0,,,,,13454.0,0.0
2,65000,DJEMBES,13453.0,50.0,,,,,13454.0,50.0,,,,,13453.5,0.0
2,65100,DJEMBES,13455.0,72.0,,,,,13456.0,28.0,13457.0,44.0,,,13455.5,0.0
2,65200,DJEMBES,13453.0,70.0,,,,,13455.0,70.0,,,,,13454.0,0.0
2,65300,DJEMBES,13454.0,58.0,,,,,13456.0,58.0,,,,,13455.0,0.0
2,65400,DJEMBES,13454.0,74.0,,,,,13455.0,26.0,13456.0,48.0,,,13454.5,0.0
2,65500,DJEMBES,13454.0,69.0,,,,,13456.0,69.0,,,,,13455.0,0.0
2,65600,DJEMBES,13455.0,78.0,,,,,13457.0,78.0,,,,,13456.0,0.0
2,65700,DJEMBES,13454.0,60.0,,,,,13456.0,60.0,,,,,13455.0,0.0
2,65800,DJEMBES,13454.0,57.0,,,,,13456.0,57.0,,,,,13455.0,0.0
2,65900,DJEMBES,13454.0,66.0,,,,,13456.0,66.0,,,,,13455.0,0.0
2,66000,DJEMBES,13454.0,56.0,,,,,13455.0,56.0,,,,,13454.5,0.0
2,66100,DJEMBES,13454.0,66.0,,,,,13455.0,24.0,13456.0,42.0,,,13454.5,0.0
2,66200,DJEMBES,13454.0,58.0,,,,,13455.0,58.0,,,,,13454.5,0.0
2,66300,DJEMBES,13455.0,55.0,,,,,13457.0,55.0,,,,,13456.0,0.0
2,66400,DJEMBES,13455.0,58.0,,,,,13456.0,28.0,13457.0,30.0,,,13455.5,0.0
2,66500,DJEMBES,13456.0,19.0,13455.0,46.0,,,13457.0,65.0,,,,,13456.5,0.0
2,66600,DJEMBES,13458.0,59.0,,,,,13459.0,59.0,,,,,13458.5,0.0
2,66700,DJEMBES,13458.0,65.0,,,,,13459.0,65.0,,,,,13458.5,0.0
2,66800,DJEMBES,13458.0,27.0,13457.0,33.0,,,13459.0,60.0,,,,,13458.5,0.0
2,66900,DJEMBES,13457.0,61.0,,,,,13459.0,61.0,,,,,13458.0,0.0
2,67000,DJEMBES,13458.0,18.0,13457.0,33.0,,,13459.0,51.0,,,,,13458.5,0.0
2,67100,DJEMBES,13456.0,23.0,13455.0,39.0,,,13457.0,62.0,,,,,13456.5,0.0
2,67200,DJEMBES,13456.0,62.0,,,,,13457.0,62.0,,,,,13456.5,0.0
2,67300,DJEMBES,13456.0,65.0,,,,,13457.0,65.0,,,,,13456.5,0.0
2,67400,DJEMBES,13455.0,53.0,,,,,13457.0,53.0,,,,,13456.0,0.0
2,67500,DJEMBES,13455.0,55.0,,,,,13456.0,24.0,13457.0,31.0,,,13455.5,0.0
2,67600,DJEMBES,13454.0,65.0,,,,,13455.0,65.0,,,,,13454.5,0.0
2,67700,DJEMBES,13454.0,66.0,,,,,13455.0,66.0,,,,,13454.5,0.0
2,67800,DJEMBES,13455.0,74.0,,,,,13456.0,74.0,,,,,13455.5,0.0
2,67900,DJEMBES,13454.0,60.0,,,,,13455.0,30.0,13456.0,30.0,,,13454.5,0.0
2,68000,DJEMBES,13453.0,19.0,13452.0,34.0,,,13454.0,53.0,,,,,13453.5,0.0
2,68100,DJEMBES,13454.0,21.0,13453.0,37.0,,,13455.0,58.0,,,,,13454.5,0.0
2,68200,DJEMBES,13454.0,58.0,,,,,13455.0,67.0,,,,,13454.5,0.0
2,68300,DJEMBES,13453.0,72.0,,,,,13455.0,72.0,,,,,13454.0,0.0
2,68400,DJEMBES,13454.0,26.0,13453.0,33.0,,,13455.0,59.0,,,,,13454.5,0.0
2,68500,DJEMBES,13456.0,51.0,,,,,13458.0,51.0,,,,,13457.0,0.0
2,68600,DJEMBES,13456.0,69.0,,,,,13458.0,69.0,,,,,13457.0,0.0
2,68700,DJEMBES,13457.0,61.0,,,,,13459.0,61.0,,,,,13458.0,0.0
2,68800,DJEMBES,13457.0,60.0,,,,,13459.0,60.0,,,,,13458.0,0.0
2,68900,DJEMBES,13457.0,60.0,,,,,13459.0,60.0,,,,,13458.0,0.0
2,69000,DJEMBES,13457.0,54.0,,,,,13459.0,54.0,,,,,13458.0,0.0
2,69100,DJEMBES,13461.0,54.0,,,,,13462.0,54.0,,,,,13461.5,0.0
2,69200,DJEMBES,13461.0,23.0,13460.0,46.0,,,13462.0,69.0,,,,,13461.5,0.0
2,69300,DJEMBES,13469.0,23.0,13468.0,30.0,,,13470.0,53.0,,,,,13469.5,0.0
2,69400,DJEMBES,13470.0,57.0,,,,,13471.0,23.0,13472.0,34.0,,,13470.5,0.0
2,69500,DJEMBES,13474.0,15.0,13473.0,46.0,,,13475.0,61.0,,,,,13474.5,0.0
2,69600,DJEMBES,13473.0,54.0,,,,,13474.0,54.0,,,,,13473.5,0.0
2,69700,DJEMBES,13473.0,60.0,,,,,13475.0,60.0,,,,,13474.0,0.0
2,69800,DJEMBES,13475.0,19.0,13474.0,47.0,,,13476.0,66.0,,,,,13475.5,0.0
2,69900,DJEMBES,13471.0,48.0,,,,,13473.0,48.0,,,,,13472.0,0.0
2,70000,DJEMBES,13471.0,48.0,,,,,13472.0,17.0,13473.0,31.0,,,13471.5,0.0
2,70100,DJEMBES,13474.0,60.0,,,,,13476.0,60.0,,,,,13475.0,0.0
2,70200,DJEMBES,13473.0,54.0,,,,,13474.0,54.0,,,,,13473.5,0.0
2,70300,DJEMBES,13472.0,74.0,,,,,13473.0,74.0,,,,,13472.5,0.0
2,70400,DJEMBES,13470.0,52.0,,,,,13472.0,52.0,,,,,13471.0,0.0
2,70500,DJEMBES,13470.0,75.0,,,,,13471.0,75.0,,,,,13470.5,0.0
2,70600,DJEMBES,13470.0,60.0,,,,,13472.0,60.0,,,,,13471.0,0.0
2,70700,DJEMBES,13470.0,67.0,,,,,13471.0,67.0,,,,,13470.5,0.0
2,70800,DJEMBES,13469.0,64.0,,,,,13470.0,64.0,,,,,13469.5,0.0
2,70900,DJEMBES,13466.0,51.0,,,,,13467.0,51.0,,,,,13466.5,0.0
2,71000,DJEMBES,13468.0,25.0,13467.0,42.0,,,13469.0,67.0,,,,,13468.5,0.0
2,71100,DJEMBES,13467.0,60.0,,,,,13468.0,60.0,,,,,13467.5,0.0
2,71200,DJEMBES,13468.0,45.0,,,,,13469.0,15.0,13470.0,30.0,,,13468.5,0.0
2,71300,DJEMBES,13467.0,47.0,,,,,13469.0,47.0,,,,,13468.0,0.0
2,71400,DJEMBES,13467.0,52.0,,,,,13468.0,52.0,,,,,13467.5,0.0
2,71500,DJEMBES,13466.0,62.0,,,,,13467.0,62.0,,,,,13466.5,0.0
2,71600,DJEMBES,13467.0,70.0,,,,,13469.0,70.0,,,,,13468.0,0.0
2,71700,DJEMBES,13467.0,65.0,,,,,13468.0,21.0,13469.0,44.0,,,13467.5,0.0
2,71800,DJEMBES,13467.0,17.0,13466.0,31.0,,,13468.0,48.0,,,,,13467.5,0.0
2,71900,DJEMBES,13467.0,49.0,,,,,13468.0,49.0,,,,,13467.5,0.0
2,72000,DJEMBES,13470.0,17.0,13469.0,33.0,,,13471.0,50.0,,,,,13470.5,0.0
2,72100,DJEMBES,13471.0,65.0,,,,,13472.0,28.0,13473.0,37.0,,,13471.5,0.0
2,72200,DJEMBES,13471.0,52.0,,,,,13472.0,52.0,,,,,13471.5,0.0
2,72300,DJEMBES,13469.0,59.0,,,,,13471.0,59.0,,,,,13470.0,0.0
2,72400,DJEMBES,13470.0,69.0,,,,,13471.0,69.0,,,,,13470.5,0.0
2,72500,DJEMBES,13471.0,20.0,13470.0,36.0,,,13472.0,56.0,,,,,13471.5,0.0
2,72600,DJEMBES,13472.0,15.0,13471.0,42.0,,,13473.0,57.0,,,,,13472.5,0.0
2,72700,DJEMBES,13471.0,18.0,13470.0,37.0,,,13472.0,55.0,,,,,13471.5,0.0
2,72800,DJEMBES,13471.0,55.0,,,,,13472.0,21.0,13473.0,34.0,,,13471.5,0.0
2,72900,DJEMBES,13471.0,54.0,,,,,13472.0,17.0,13473.0,37.0,,,13471.5,0.0
2,73000,DJEMBES,13470.0,78.0,,,,,13471.0,29.0,13472.0,49.0,,,13470.5,0.0
2,73100,DJEMBES,13471.0,47.0,,,,,13473.0,47.0,,,,,13472.0,0.0
2,73200,DJEMBES,13471.0,74.0,,,,,13472.0,74.0,,,,,13471.5,0.0
2,73300,DJEMBES,13471.0,63.0,,,,,13472.0,63.0,,,,,13471.5,0.0
2,73400,DJEMBES,13471.0,27.0,13470.0,47.0,,,13472.0,74.0,,,,,13471.5,0.0
2,73500,DJEMBES,13472.0,68.0,,,,,13473.0,68.0,,,,,13472.5,0.0
2,73600,DJEMBES,13473.0,71.0,,,,,13475.0,71.0,,,,,13474.0,0.0
2,73700,DJEMBES,13474.0,62.0,,,,,13476.0,62.0,,,,,13475.0,0.0
2,73800,DJEMBES,13474.0,47.0,,,,,13475.0,47.0,,,,,13474.5,0.0
2,73900,DJEMBES,13474.0,59.0,,,,,13476.0,59.0,,,,,13475.0,0.0
2,74000,DJEMBES,13475.0,27.0,13474.0,33.0,,,13476.0,60.0,,,,,13475.5,0.0
2,74100,DJEMBES,13478.0,26.0,13477.0,32.0,,,13479.0,58.0,,,,,13478.5,0.0
2,74200,DJEMBES,13477.0,70.0,,,,,13478.0,70.0,,,,,13477.5,0.0
2,74300,DJEMBES,13477.0,62.0,,,,,13478.0,62.0,,,,,13477.5,0.0
2,74400,DJEMBES,13477.0,68.0,,,,,13478.0,68.0,,,,,13477.5,0.0
2,74500,DJEMBES,13478.0,56.0,,,,,13480.0,56.0,,,,,13479.0,0.0
2,74600,DJEMBES,13477.0,62.0,,,,,13478.0,15.0,13479.0,47.0,,,13477.5,0.0
2,74700,DJEMBES,13476.0,68.0,,,,,13478.0,68.0,,,,,13477.0,0.0
2,74800,DJEMBES,13474.0,50.0,,,,,13475.0,50.0,,,,,13474.5,0.0
2,74900,DJEMBES,13475.0,19.0,13474.0,40.0,,,13476.0,59.0,,,,,13475.5,0.0
2,75000,DJEMBES,13475.0,62.0,,,,,13477.0,62.0,,,,,13476.0,0.0
2,75100,DJEMBES,13476.0,28.0,13475.0,39.0,,,13477.0,67.0,,,,,13476.5,0.0
2,75200,DJEMBES,13476.0,73.0,,,,,13477.0,73.0,,,,,13476.5,0.0
2,75300,DJEMBES,13476.0,49.0,,,,,13477.0,49.0,,,,,13476.5,0.0
2,75400,DJEMBES,13477.0,57.0,,,,,13478.0,21.0,13479.0,36.0,,,13477.5,0.0
2,75500,DJEMBES,13477.0,65.0,,,,,13478.0,16.0,13479.0,49.0,,,13477.5,0.0
2,75600,DJEMBES,13477.0,49.0,,,,,13478.0,16.0,13479.0,33.0,,,13477.5,0.0
2,75700,DJEMBES,13478.0,61.0,,,,,13479.0,61.0,,,,,13478.5,0.0
2,75800,DJEMBES,13478.0,63.0,,,,,13479.0,63.0,,,,,13478.5,0.0
2,75900,DJEMBES,13478.0,24.0,13477.0,49.0,,,13479.0,73.0,,,,,13478.5,0.0
2,76000,DJEMBES,13476.0,56.0,,,,,13478.0,56.0,,,,,13477.0,0.0
2,76100,DJEMBES,13477.0,70.0,,,,,13478.0,24.0,13479.0,46.0,,,13477.5,0.0
2,76200,DJEMBES,13475.0,70.0,,,,,13476.0,70.0,,,,,13475.5,0.0
2,76300,DJEMBES,13474.0,65.0,,,,,13475.0,65.0,,,,,13474.5,0.0
2,76400,DJEMBES,13474.0,59.0,,,,,13476.0,59.0,,,,,13475.0,0.0
2,76500,DJEMBES,13473.0,49.0,,,,,13475.0,49.0,,,,,13474.0,0.0
2,76600,DJEMBES,13477.0,67.0,,,,,13478.0,67.0,,,,,13477.5,0.0
2,76700,DJEMBES,13477.0,63.0,,,,,13478.0,29.0,13479.0,34.0,,,13477.5,0.0
2,76800,DJEMBES,13478.0,27.0,13477.0,50.0,,,13479.0,77.0,,,,,13478.5,0.0
2,76900,DJEMBES,13480.0,59.0,,,,,13481.0,59.0,,,,,13480.5,0.0
2,77000,DJEMBES,13480.0,52.0,,,,,13482.0,52.0,,,,,13481.0,0.0
2,77100,DJEMBES,13480.0,70.0,,,,,13481.0,29.0,13482.0,41.0,,,13480.5,0.0
2,77200,DJEMBES,13481.0,52.0,,,,,13482.0,22.0,13483.0,30.0,,,13481.5,0.0
2,77300,DJEMBES,13481.0,65.0,,,,,13482.0,30.0,13483.0,35.0,,,13481.5,0.0
2,77400,DJEMBES,13482.0,78.0,,,,,13483.0,30.0,13484.0,48.0,,,13482.5,0.0
2,77500,DJEMBES,13482.0,28.0,13481.0,32.0,,,13483.0,60.0,,,,,13482.5,0.0
2,77600,DJEMBES,13481.0,62.0,,,,,13482.0,62.0,,,,,13481.5,0.0
2,77700,DJEMBES,13478.0,57.0,,,,,13479.0,24.0,13480.0,33.0,,,13478.5,0.0
2,77800,DJEMBES,13478.0,57.0,,,,,13480.0,57.0,,,,,13479.0,0.0
2,77900,DJEMBES,13484.0,58.0,,,,,13485.0,58.0,,,,,13484.5,0.0
2,78000,DJEMBES,13484.0,68.0,,,,,13485.0,68.0,,,,,13484.5,0.0
2,78100,DJEMBES,13486.0,68.0,,,,,13487.0,68.0,,,,,13486.5,0.0
2,78200,DJEMBES,13485.0,22.0,13484.0,33.0,,,13486.0,55.0,,,,,13485.5,0.0
2,78300,DJEMBES,13483.0,74.0,,,,,13484.0,74.0,,,,,13483.5,0.0
2,78400,DJEMBES,13481.0,75.0,,,,,13482.0,75.0,,,,,13481.5,0.0
2,78500,DJEMBES,13481.0,54.0,,,,,13482.0,54.0,,,,,13481.5,0.0
2,78600,DJEMBES,13482.0,29.0,13481.0,32.0,,,13483.0,61.0,,,,,13482.5,0.0
2,78700,DJEMBES,13481.0,63.0,,,,,13483.0,63.0,,,,,13482.0,0.0
2,78800,DJEMBES,13482.0,52.0,,,,,13484.0,52.0,,,,,13483.0,0.0
2,78900,DJEMBES,13481.0,59.0,,,,,13482.0,23.0,13483.0,36.0,,,13481.5,0.0
2,79000,DJEMBES,13482.0,64.0,,,,,13483.0,64.0,,,,,13482.5,0.0
2,79100,DJEMBES,13482.0,69.0,,,,,13483.0,24.0,13484.0,45.0,,,13482.5,0.0
2,79200,DJEMBES,13482.0,57.0,,,,,13484.0,57.0,,,,,13483.0,0.0
2,79300,DJEMBES,13483.0,26.0,13482.0,48.0,,,13484.0,74.0,,,,,13483.5,0.0
2,79400,DJEMBES,13481.0,64.0,,,,,13482.0,17.0,13483.0,47.0,,,13481.5,0.0
2,79500,DJEMBES,13481.0,76.0,,,,,13482.0,28.0,13483.0,48.0,,,13481.5,0.0
2,79600,DJEMBES,13482.0,68.0,,,,,13484.0,68.0,,,,,13483.0,0.0
2,79700,DJEMBES,13482.0,18.0,13481.0,47.0,,,13483.0,65.0,,,,,13482.5,0.0
2,79800,DJEMBES,13479.0,53.0,,,,,13480.0,17.0,13481.0,36.0,,,13479.5,0.0
2,79900,DJEMBES,13480.0,62.0,,,,,13481.0,24.0,13482.0,38.0,,,13480.5,0.0
2,80000,DJEMBES,13481.0,61.0,,,,,13482.0,61.0,,,,,13481.5,0.0
2,80100,DJEMBES,13480.0,57.0,,,,,13481.0,19.0,13482.0,38.0,,,13480.5,0.0
2,80200,DJEMBES,13480.0,19.0,13479.0,31.0,,,13481.0,50.0,,,,,13480.5,0.0
2,80300,DJEMBES,13481.0,22.0,13480.0,38.0,,,13482.0,60.0,,,,,13481.5,0.0
2,80400,DJEMBES,13482.0,72.0,,,,,13483.0,72.0,,,,,13482.5,0.0
2,80500,DJEMBES,13482.0,70.0,,,,,13483.0,70.0,,,,,13482.5,0.0
2,80600,DJEMBES,13482.0,21.0,13481.0,40.0,,,13483.0,61.0,,,,,13482.5,0.0
2,80700,DJEMBES,13481.0,74.0,,,,,13482.0,74.0,,,,,13481.5,0.0
2,80800,DJEMBES,13481.0,18.0,13480.0,37.0,,,13482.0,55.0,,,,,13481.5,0.0
2,80900,DJEMBES,13480.0,68.0,,,,,13482.0,68.0,,,,,13481.0,0.0
2,81000,DJEMBES,13481.0,15.0,13480.0,32.0,,,13482.0,47.0,,,,,13481.5,0.0
2,81100,DJEMBES,13481.0,60.0,,,,,13482.0,60.0,,,,,13481.5,0.0
2,81200,DJEMBES,13481.0,53.0,,,,,13482.0,53.0,,,,,13481.5,0.0
2,81300,DJEMBES,13482.0,59.0,,,,,13483.0,17.0,13484.0,42.0,,,13482.5,0.0
2,81400,DJEMBES,13481.0,63.0,,,,,13483.0,63.0,,,,,13482.0,0.0
2,81500,DJEMBES,13482.0,63.0,,,,,13484.0,63.0,,,,,13483.0,0.0
2,81600,DJEMBES,13483.0,23.0,13482.0,45.0,,,13484.0,68.0,,,,,13483.5,0.0
2,81700,DJEMBES,13483.0,15.0,13482.0,40.0,,,13484.0,55.0,,,,,13483.5,0.0
2,81800,DJEMBES,13482.0,70.0,,,,,13484.0,70.0,,,,,13483.0,0.0
2,81900,DJEMBES,13482.0,63.0,,,,,13483.0,29.0,13484.0,34.0,,,13482.5,0.0
2,82000,DJEMBES,13482.0,67.0,,,,,13483.0,22.0,13484.0,45.0,,,13482.5,0.0
2,82100,DJEMBES,13482.0,75.0,,,,,13484.0,75.0,,,,,13483.0,0.0
2,82200,DJEMBES,13481.0,61.0,,,,,13483.0,61.0,,,,,13482.0,0.0
2,82300,DJEMBES,13482.0,72.0,,,,,13483.0,72.0,,,,,13482.5,0.0
2,82400,DJEMBES,13482.0,56.0,,,,,13483.0,26.0,13484.0,30.0,,,13482.5,0.0
2,82500,DJEMBES,13481.0,65.0,,,,,13482.0,65.0,,,,,13481.5,0.0
2,82600,DJEMBES,13482.0,58.0,,,,,13484.0,58.0,,,,,13483.0,0.0
2,82700,DJEMBES,13485.0,61.0,,,,,13486.0,61.0,,,,,13485.5,0.0
2,82800,DJEMBES,13485.0,29.0,13484.0,44.0,,,13486.0,73.0,,,,,13485.5,0.0
2,82900,DJEMBES,13484.0,62.0,,,,,13486.0,62.0,,,,,13485.0,0.0
2,83000,DJEMBES,13484.0,56.0,,,,,13485.0,18.0,13486.0,38.0,,,13484.5,0.0
2,83100,DJEMBES,13484.0,53.0,,,,,13485.0,53.0,,,,,13484.5,0.0
2,83200,DJEMBES,13484.0,60.0,,,,,13485.0,15.0,13486.0,45.0,,,13484.5,0.0
2,83300,DJEMBES,13483.0,61.0,,,,,13485.0,61.0,,,,,13484.0,0.0
2,83400,DJEMBES,13482.0,59.0,,,,,13484.0,59.0,,,,,13483.0,0.0
2,83500,DJEMBES,13483.0,50.0,,,,,13485.0,50.0,,,,,13484.0,0.0
2,83600,DJEMBES,13484.0,85.0,,,,,13485.0,75.0,,,,,13484.5,0.0
2,83700,DJEMBES,13486.0,59.0,,,,,13488.0,59.0,,,,,13487.0,0.0
2,83800,DJEMBES,13486.0,57.0,,,,,13487.0,26.0,13488.0,31.0,,,13486.5,0.0
2,83900,DJEMBES,13485.0,63.0,,,,,13487.0,63.0,,,,,13486.0,0.0
2,84000,DJEMBES,13486.0,63.0,,,,,13487.0,63.0,,,,,13486.5,0.0
2,84100,DJEMBES,13486.0,71.0,,,,,13487.0,27.0,13488.0,44.0,,,13486.5,0.0
2,84200,DJEMBES,13487.0,59.0,,,,,13488.0,59.0,,,,,13487.5,0.0
2,84300,DJEMBES,13487.0,15.0,13486.0,49.0,,,13488.0,64.0,,,,,13487.5,0.0
2,84400,DJEMBES,13486.0,52.0,,,,,13487.0,20.0,13488.0,32.0,,,13486.5,0.0
2,84500,DJEMBES,13487.0,18.0,13486.0,47.0,,,13488.0,65.0,,,,,13487.5,0.0
2,84600,DJEMBES,13488.0,25.0,13487.0,40.0,,,13489.0,65.0,,,,,13488.5,0.0
2,84700,DJEMBES,13490.0,60.0,,,,,13491.0,60.0,,,,,13490.5,0.0
2,84800,DJEMBES,13490.0,54.0,,,,,13491.0,54.0,,,,,13490.5,0.0
2,84900,DJEMBES,13490.0,71.0,,,,,13492.0,71.0,,,,,13491.0,0.0
2,85000,DJEMBES,13489.0,22.0,13488.0,47.0,,,13490.0,69.0,,,,,13489.5,0.0
2,85100,DJEMBES,13488.0,52.0,,,,,13490.0,52.0,,,,,13489.0,0.0
2,85200,DJEMBES,13487.0,63.0,,,,,13488.0,26.0,13489.0,37.0,,,13487.5,0.0
2,85300,DJEMBES,13488.0,50.0,,,,,13489.0,17.0,13490.0,33.0,,,13488.5,0.0
2,85400,DJEMBES,13487.0,46.0,,,,,13488.0,16.0,13489.0,30.0,,,13487.5,0.0
2,85500,DJEMBES,13488.0,62.0,,,,,13489.0,62.0,,,,,13488.5,0.0
2,85600,DJEMBES,13488.0,61.0,,,,,13489.0,61.0,,,,,13488.5,0.0
2,85700,DJEMBES,13487.0,63.0,,,,,13489.0,63.0,,,,,13488.0,0.0
2,85800,DJEMBES,13489.0,47.0,,,,,13491.0,47.0,,,,,13490.0,0.0
2,85900,DJEMBES,13489.0,64.0,,,,,13491.0,64.0,,,,,13490.0,0.0
2,86000,DJEMBES,13489.0,79.0,,,,,13491.0,79.0,,,,,13490.0,0.0
2,86100,DJEMBES,13490.0,72.0,,,,,13491.0,30.0,13492.0,42.0,,,13490.5,0.0
2,86200,DJEMBES,13491.0,56.0,,,,,13492.0,56.0,,,,,13491.5,0.0
2,86300,DJEMBES,13490.0,61.0,,,,,13491.0,26.0,13492.0,35.0,,,13490.5,0.0
2,86400,DJEMBES,13489.0,62.0,,,,,13491.0,62.0,,,,,13490.0,0.0
2,86500,DJEMBES,13490.0,55.0,,,,,13491.0,24.0,13492.0,31.0,,,13490.5,0.0
2,86600,DJEMBES,13491.0,61.0,,,,,13493.0,61.0,,,,,13492.0,0.0
2,86700,DJEMBES,13491.0,62.0,,,,,13492.0,21.0,13493.0,41.0,,,13491.5,0.0
2,86800,DJEMBES,13491.0,53.0,,,,,13493.0,53.0,,,,,13492.0,0.0
2,86900,DJEMBES,13491.0,65.0,,,,,13492.0,65.0,,,,,13491.5,0.0
2,87000,DJEMBES,13489.0,52.0,,,,,13491.0,52.0,,,,,13490.0,0.0
2,87100,DJEMBES,13490.0,61.0,,,,,13491.0,61.0,,,,,13490.5,0.0
2,87200,DJEMBES,13491.0,18.0,13490.0,43.0,,,13492.0,61.0,,,,,13491.5,0.0
2,87300,DJEMBES,13491.0,56.0,,,,,13492.0,56.0,,,,,13491.5,0.0
2,87400,DJEMBES,13489.0,70.0,,,,,13491.0,70.0,,,,,13490.0,0.0
2,87500,DJEMBES,13490.0,71.0,,,,,13492.0,71.0,,,,,13491.0,0.0
2,87600,DJEMBES,13491.0,59.0,,,,,13493.0,59.0,,,,,13492.0,0.0
2,87700,DJEMBES,13494.0,54.0,,,,,13495.0,54.0,,,,,13494.5,0.0
2,87800,DJEMBES,13494.0,71.0,,,,,13496.0,71.0,,,,,13495.0,0.0
2,87900,DJEMBES,13494.0,76.0,,,,,13496.0,76.0,,,,,13495.0,0.0
2,88000,DJEMBES,13494.0,59.0,,,,,13496.0,64.0,,,,,13495.0,0.0
2,88100,DJEMBES,13494.0,58.0,,,,,13495.0,18.0,13496.0,40.0,,,13494.5,0.0
2,88200,DJEMBES,13492.0,61.0,,,,,13493.0,24.0,13494.0,37.0,,,13492.5,0.0
2,88300,DJEMBES,13491.0,65.0,,,,,13493.0,65.0,,,,,13492.0,0.0
2,88400,DJEMBES,13491.0,55.0,,,,,13493.0,55.0,,,,,13492.0,0.0
2,88500,DJEMBES,13492.0,68.0,,,,,13493.0,27.0,13494.0,41.0,,,13492.5,0.0
2,88600,DJEMBES,13491.0,24.0,13490.0,45.0,,,13492.0,69.0,,,,,13491.5,0.0
2,88700,DJEMBES,13489.0,21.0,13488.0,48.0,,,13490.0,69.0,,,,,13489.5,0.0
2,88800,DJEMBES,13490.0,53.0,,,,,13491.0,20.0,13492.0,33.0,,,13490.5,0.0
2,88900,DJEMBES,13492.0,48.0,,,,,13493.0,48.0,,,,,13492.5,0.0
2,89000,DJEMBES,13492.0,22.0,13491.0,34.0,,,13493.0,56.0,,,,,13492.5,0.0
2,89100,DJEMBES,13490.0,65.0,,,,,13492.0,65.0,,,,,13491.0,0.0
2,89200,DJEMBES,13492.0,25.0,13491.0,33.0,,,13493.0,58.0,,,,,13492.5,0.0
2,89300,DJEMBES,13491.0,24.0,13490.0,40.0,,,13492.0,64.0,,,,,13491.5,0.0
2,89400,DJEMBES,13490.0,65.0,,,,,13491.0,21.0,13492.0,44.0,,,13490.5,0.0
2,89500,DJEMBES,13490.0,18.0,13489.0,46.0,,,13491.0,64.0,,,,,13490.5,0.0
2,89600,DJEMBES,13489.0,65.0,,,,,13491.0,65.0,,,,,13490.0,0.0
2,89700,DJEMBES,13490.0,17.0,13489.0,46.0,,,13491.0,63.0,,,,,13490.5,0.0
2,89800,DJEMBES,13488.0,68.0,,,,,13489.0,27.0,13490.0,41.0,,,13488.5,0.0
2,89900,DJEMBES,13489.0,60.0,,,,,13491.0,60.0,,,,,13490.0,0.0
2,90000,DJEMBES,13488.0,70.0,,,,,13489.0,24.0,13490.0,46.0,,,13488.5,0.0
2,90100,DJEMBES,13487.0,68.0,,,,,13488.0,19.0,13489.0,49.0,,,13487.5,0.0
2,90200,DJEMBES,13488.0,72.0,,,,,13490.0,72.0,,,,,13489.0,0.0
2,90300,DJEMBES,13492.0,65.0,,,,,13493.0,65.0,,,,,13492.5,0.0
2,90400,DJEMBES,13491.0,72.0,,,,,13492.0,72.0,,,,,13491.5,0.0
2,90500,DJEMBES,13491.0,26.0,13490.0,45.0,,,13492.0,71.0,,,,,13491.5,0.0
2,90600,DJEMBES,13490.0,61.0,,,,,13491.0,54.0,,,,,13490.5,0.0
2,90700,DJEMBES,13488.0,49.0,,,,,13489.0,49.0,,,,,13488.5,0.0
2,90800,DJEMBES,13487.0,49.0,,,,,13488.0,15.0,13489.0,34.0,,,13487.5,0.0
2,90900,DJEMBES,13489.0,52.0,,,,,13490.0,52.0,,,,,13489.5,0.0
2,91000,DJEMBES,13488.0,65.0,,,,,13490.0,56.0,,,,,13489.0,0.0
2,91100,DJEMBES,13490.0,25.0,13489.0,30.0,,,13491.0,55.0,,,,,13490.5,0.0
2,91200,DJEMBES,13491.0,30.0,13490.0,32.0,,,13492.0,62.0,,,,,13491.5,0.0
2,91300,DJEMBES,13491.0,73.0,,,,,13492.0,25.0,13493.0,48.0,,,13491.5,0.0
2,91400,DJEMBES,13491.0,18.0,13490.0,39.0,,,13492.0,57.0,,,,,13491.5,0.0
2,91500,DJEMBES,13487.0,59.0,,,,,13489.0,59.0,,,,,13488.0,0.0
2,91600,DJEMBES,13490.0,61.0,,,,,13492.0,61.0,,,,,13491.0,0.0
2,91700,DJEMBES,13491.0,19.0,13490.0,47.0,,,13492.0,66.0,,,,,13491.5,0.0
2,91800,DJEMBES,13491.0,50.0,,,,,13492.0,50.0,,,,,13491.5,0.0
2,91900,DJEMBES,13491.0,72.0,,,,,13492.0,72.0,,,,,13491.5,0.0
2,92000,DJEMBES,13490.0,19.0,13489.0,31.0,,,13491.0,50.0,,,,,13490.5,0.0
2,92100,DJEMBES,13494.0,56.0,,,,,13496.0,56.0,,,,,13495.0,0.0
2,92200,DJEMBES,13494.0,69.0,,,,,13495.0,69.0,,,,,13494.5,0.0
2,92300,DJEMBES,13494.0,72.0,,,,,13495.0,72.0,,,,,13494.5,0.0
2,92400,DJEMBES,13495.0,71.0,,,,,13496.0,71.0,,,,,13495.5,0.0
2,92500,DJEMBES,13495.0,25.0,13494.0,37.0,,,13496.0,62.0,,,,,13495.5,0.0
2,92600,DJEMBES,13496.0,25.0,13495.0,31.0,,,13497.0,56.0,,,,,13496.5,0.0
2,92700,DJEMBES,13495.0,60.0,,,,,13496.0,30.0,13497.0,30.0,,,13495.5,0.0
2,92800,DJEMBES,13498.0,72.0,,,,,13499.0,72.0,,,,,13498.5,0.0
2,92900,DJEMBES,13497.0,52.0,,,,,13498.0,52.0,,,,,13497.5,0.0
2,93000,DJEMBES,13498.0,28.0,13497.0,49.0,,,13499.0,77.0,,,,,13498.5,0.0
2,93100,DJEMBES,13497.0,69.0,,,,,13498.0,69.0,,,,,13497.5,0.0
2,93200,DJEMBES,13497.0,56.0,,,,,13498.0,56.0,,,,,13497.5,0.0
2,93300,DJEMBES,13496.0,64.0,,,,,13498.0,64.0,,,,,13497.0,0.0
2,93400,DJEMBES,13497.0,26.0,13496.0,39.0,,,13498.0,65.0,,,,,13497.5,0.0
2,93500,DJEMBES,13496.0,69.0,,,,,13497.0,69.0,,,,,13496.5,0.0
2,93600,DJEMBES,13495.0,19.0,13494.0,38.0,,,13496.0,57.0,,,,,13495.5,0.0
2,93700,DJEMBES,13495.0,61.0,,,,,13497.0,61.0,,,,,13496.0,0.0
2,93800,DJEMBES,13495.0,63.0,,,,,13496.0,63.0,,,,,13495.5,0.0
2,93900,DJEMBES,13494.0,73.0,,,,,13496.0,73.0,,,,,13495.0,0.0
2,94000,DJEMBES,13494.0,22.0,13493.0,33.0,,,13495.0,55.0,,,,,13494.5,0.0
2,94100,DJEMBES,13493.0,28.0,13492.0,46.0,,,13494.0,74.0,,,,,13493.5,0.0
2,94200,DJEMBES,13491.0,54.0,,,,,13492.0,3.0,13493.0,54.0,,,13491.5,0.0
2,94300,DJEMBES,13491.0,80.0,,,,,13492.0,30.0,13493.0,50.0,,,13491.5,0.0
2,94400,DJEMBES,13491.0,63.0,,,,,13492.0,63.0,,,,,13491.5,0.0
2,94500,DJEMBES,13490.0,73.0,,,,,13491.0,25.0,13492.0,48.0,,,13490.5,0.0
2,94600,DJEMBES,13491.0,71.0,,,,,13492.0,28.0,13493.0,43.0,,,13491.5,0.0
2,94700,DJEMBES,13491.0,66.0,,,,,13492.0,66.0,,,,,13491.5,0.0
2,94800,DJEMBES,13491.0,56.0,,,,,13492.0,23.0,13493.0,33.0,,,13491.5,0.0
2,94900,DJEMBES,13491.0,49.0,,,,,13492.0,49.0,,,,,13491.5,0.0
2,95000,DJEMBES,13490.0,61.0,,,,,13491.0,61.0,,,,,13490.5,0.0
2,95100,DJEMBES,13491.0,66.0,,,,,13492.0,66.0,,,,,13491.5,0.0
2,95200,DJEMBES,13492.0,73.0,,,,,13493.0,73.0,,,,,13492.5,0.0
2,95300,DJEMBES,13492.0,55.0,,,,,13493.0,15.0,13494.0,40.0,,,13492.5,0.0
2,95400,DJEMBES,13492.0,63.0,,,,,13493.0,27.0,13494.0,36.0,,,13492.5,0.0
2,95500,DJEMBES,13493.0,63.0,,,,,13494.0,63.0,,,,,13493.5,0.0
2,95600,DJEMBES,13496.0,76.0,,,,,13498.0,76.0,,,,,13497.0,0.0
2,95700,DJEMBES,13496.0,27.0,13495.0,46.0,,,13497.0,73.0,,,,,13496.5,0.0
2,95800,DJEMBES,13493.0,59.0,,,,,13494.0,24.0,13495.0,35.0,,,13493.5,0.0
2,95900,DJEMBES,13496.0,67.0,,,,,13497.0,22.0,13498.0,45.0,,,13496.5,0.0
2,96000,DJEMBES,13496.0,17.0,13495.0,34.0,,,13497.0,51.0,,,,,13496.5,0.0
2,96100,DJEMBES,13495.0,62.0,,,,,13496.0,27.0,13497.0,35.0,,,13495.5,0.0
2,96200,DJEMBES,13495.0,60.0,,,,,13496.0,60.0,,,,,13495.5,0.0
2,96300,DJEMBES,13492.0,69.0,,,,,13494.0,69.0,,,,,13493.0,0.0
2,96400,DJEMBES,13492.0,68.0,,,,,13493.0,68.0,,,,,13492.5,0.0
2,96500,DJEMBES,13490.0,74.0,,,,,13491.0,24.0,13492.0,50.0,,,13490.5,0.0
2,96600,DJEMBES,13490.0,68.0,,,,,13491.0,20.0,13492.0,48.0,,,13490.5,0.0
2,96700,DJEMBES,13488.0,64.0,,,,,13490.0,64.0,,,,,13489.0,0.0
2,96800,DJEMBES,13489.0,15.0,13488.0,39.0,,,13490.0,54.0,,,,,13489.5,0.0
2,96900,DJEMBES,13489.0,57.0,,,,,13490.0,57.0,,,,,13489.5,0.0
2,97000,DJEMBES,13489.0,72.0,,,,,13490.0,30.0,13491.0,42.0,,,13489.5,0.0
2,97100,DJEMBES,13488.0,79.0,,,,,13489.0,29.0,13490.0,50.0,,,13488.5,0.0
2,97200,DJEMBES,13488.0,30.0,13487.0,33.0,,,13489.0,63.0,,,,,13488.5,0.0
2,97300,DJEMBES,13488.0,62.0,,,,,13489.0,62.0,,,,,13488.5,0.0
2,97400,DJEMBES,13486.0,61.0,,,,,13488.0,61.0,,,,,13487.0,0.0
2,97500,DJEMBES,13486.0,61.0,,,,,13487.0,19.0,13488.0,42.0,,,13486.5,0.0
2,97600,DJEMBES,13485.0,62.0,,,,,13487.0,62.0,,,,,13486.0,0.0
2,97700,DJEMBES,13485.0,68.0,,,,,13486.0,68.0,,,,,13485.5,0.0
2,97800,DJEMBES,13485.0,65.0,,,,,13486.0,59.0,,,,,13485.5,0.0
2,97900,DJEMBES,13484.0,55.0,,,,,13486.0,55.0,,,,,13485.0,0.0
2,98000,DJEMBES,13483.0,71.0,,,,,13484.0,71.0,,,,,13483.5,0.0
2,98100,DJEMBES,13482.0,69.0,,,,,13483.0,69.0,,,,,13482.5,0.0
2,98200,DJEMBES,13482.0,70.0,,,,,13483.0,70.0,,,,,13482.5,0.0
2,98300,DJEMBES,13482.0,50.0,,,,,13483.0,15.0,13484.0,35.0,,,13482.5,0.0
2,98400,DJEMBES,13480.0,29.0,13479.0,35.0,,,13481.0,64.0,,,,,13480.5,0.0
2,98500,DJEMBES,13480.0,26.0,13479.0,33.0,,,13481.0,59.0,,,,,13480.5,0.0
2,98600,DJEMBES,13479.0,28.0,13478.0,39.0,,,13480.0,64.0,,,,,13479.5,0.0
2,98700,DJEMBES,13480.0,57.0,,,,,13481.0,57.0,,,,,13480.5,0.0
2,98800,DJEMBES,13479.0,68.0,,,,,13480.0,29.0,13481.0,39.0,,,13479.5,0.0
2,98900,DJEMBES,13480.0,62.0,,,,,13481.0,20.0,13482.0,42.0,,,13480.5,0.0
2,99000,DJEMBES,13480.0,56.0,,,,,13481.0,26.0,13482.0,30.0,,,13480.5,0.0
2,99100,DJEMBES,13480.0,58.0,,,,,13481.0,58.0,,,,,13480.5,0.0
2,99200,DJEMBES,13479.0,53.0,,,,,13481.0,53.0,,,,,13480.0,0.0
2,99300,DJEMBES,13479.0,56.0,,,,,13480.0,26.0,13481.0,30.0,,,13479.5,0.0
2,99400,DJEMBES,13480.0,51.0,,,,,13481.0,51.0,,,,,13480.5,0.0
2,99500,DJEMBES,13480.0,62.0,,,,,13481.0,57.0,,,,,13480.5,0.0
2,99600,DJEMBES,13480.0,59.0,,,,,13481.0,59.0,,,,,13480.5,0.0
2,99700,DJEMBES,13480.0,63.0,,,,,13481.0,17.0,13482.0,46.0,,,13480.5,0.0
2,99800,DJEMBES,13479.0,66.0,,,,,13481.0,66.0,,,,,13480.0,0.0
2,99900,DJEMBES,13479.0,78.0,,,,,13480.0,29.0,13481.0,49.0,,,13479.5,0.0
2,100000,DJEMBES,13479.0,19.0,13478.0,50.0,,,13480.0,69.0,,,,,13479.5,0.0
2,100100,DJEMBES,13478.0,58.0,,,,,13479.0,58.0,,,,,13478.5,0.0
2,100200,DJEMBES,13477.0,36.0,13476.0,42.0,,,13478.0,71.0,,,,,13477.5,0.0
2,100300,DJEMBES,13476.0,68.0,,,,,13477.0,21.0,13478.0,47.0,,,13476.5,0.0
2,100400,DJEMBES,13476.0,58.0,,,,,13477.0,16.0,13478.0,42.0,,,13476.5,0.0
2,100500,DJEMBES,13476.0,72.0,,,,,13477.0,24.0,13478.0,48.0,,,13476.5,0.0
2,100600,DJEMBES,13476.0,79.0,,,,,13477.0,25.0,13478.0,49.0,,,13476.5,0.0
2,100700,DJEMBES,13476.0,17.0,13475.0,30.0,,,13477.0,47.0,,,,,13476.5,0.0
2,100800,DJEMBES,13476.0,65.0,,,,,13477.0,65.0,,,,,13476.5,0.0
2,100900,DJEMBES,13476.0,67.0,,,,,13477.0,67.0,,,,,13476.5,0.0
2,101000,DJEMBES,13476.0,68.0,,,,,13477.0,68.0,,,,,13476.5,0.0
2,101100,DJEMBES,13473.0,51.0,,,,,13474.0,51.0,,,,,13473.5,0.0
2,101200,DJEMBES,13473.0,52.0,,,,,13474.0,17.0,13475.0,35.0,,,13473.5,0.0
2,101300,DJEMBES,13475.0,29.0,13474.0,49.0,,,13476.0,78.0,,,,,13475.5,0.0
2,101400,DJEMBES,13475.0,65.0,,,,,13476.0,65.0,,,,,13475.5,0.0
2,101500,DJEMBES,13475.0,53.0,,,,,13476.0,53.0,,,,,13475.5,0.0
2,101600,DJEMBES,13475.0,59.0,,,,,13477.0,59.0,,,,,13476.0,0.0
2,101700,DJEMBES,13474.0,24.0,13473.0,34.0,,,13475.0,58.0,,,,,13474.5,0.0
2,101800,DJEMBES,13473.0,71.0,,,,,13475.0,71.0,,,,,13474.0,0.0
2,101900,DJEMBES,13473.0,57.0,,,,,13475.0,57.0,,,,,13474.0,0.0
2,102000,DJEMBES,13473.0,79.0,,,,,13475.0,79.0,,,,,13474.0,0.0
2,102100,DJEMBES,13473.0,78.0,,,,,13475.0,78.0,,,,,13474.0,0.0
2,102200,DJEMBES,13472.0,24.0,13471.0,31.0,,,13473.0,55.0,,,,,13472.5,0.0
2,102300,DJEMBES,13472.0,27.0,13471.0,46.0,,,13473.0,73.0,,,,,13472.5,0.0
2,102400,DJEMBES,13473.0,61.0,,,,,13474.0,30.0,13475.0,31.0,,,13473.5,0.0
2,102500,DJEMBES,13473.0,63.0,,,,,13474.0,63.0,,,,,13473.5,0.0
2,102600,DJEMBES,13476.0,73.0,,,,,13477.0,28.0,13478.0,45.0,,,13476.5,0.0
2,102700,DJEMBES,13476.0,74.0,,,,,13478.0,74.0,,,,,13477.0,0.0
2,102800,DJEMBES,13476.0,63.0,,,,,13477.0,27.0,13478.0,36.0,,,13476.5,0.0
2,102900,DJEMBES,13476.0,57.0,,,,,13477.0,21.0,13478.0,36.0,,,13476.5,0.0
2,103000,DJEMBES,13476.0,61.0,,,,,13477.0,61.0,,,,,13476.5,0.0
2,103100,DJEMBES,13474.0,62.0,,,,,13475.0,62.0,,,,,13474.5,0.0
2,103200,DJEMBES,13474.0,66.0,,,,,13476.0,66.0,,,,,13475.0,0.0
2,103300,DJEMBES,13473.0,70.0,,,,,13475.0,70.0,,,,,13474.0,0.0
2,103400,DJEMBES,13473.0,18.0,13472.0,31.0,,,13474.0,49.0,,,,,13473.5,0.0
2,103500,DJEMBES,13473.0,65.0,,,,,13474.0,25.0,13475.0,40.0,,,13473.5,0.0
2,103600,DJEMBES,13474.0,68.0,,,,,13476.0,68.0,,,,,13475.0,0.0
2,103700,DJEMBES,13474.0,64.0,,,,,13475.0,64.0,,,,,13474.5,0.0
2,103800,DJEMBES,13472.0,64.0,,,,,13474.0,64.0,,,,,13473.0,0.0
2,103900,DJEMBES,13473.0,15.0,13472.0,42.0,,,13474.0,57.0,,,,,13473.5,0.0
2,104000,DJEMBES,13472.0,48.0,,,,,13474.0,48.0,,,,,13473.0,0.0
2,104100,DJEMBES,13471.0,74.0,,,,,13473.0,74.0,,,,,13472.0,0.0
2,104200,DJEMBES,13472.0,15.0,13471.0,45.0,,,13473.0,60.0,,,,,13472.5,0.0
2,104300,DJEMBES,13472.0,72.0,,,,,13473.0,72.0,,,,,13472.5,0.0
2,104400,DJEMBES,13472.0,65.0,,,,,13474.0,65.0,,,,,13473.0,0.0
2,104500,DJEMBES,13472.0,72.0,,,,,13474.0,72.0,,,,,13473.0,0.0
2,104600,DJEMBES,13473.0,24.0,13472.0,35.0,,,13474.0,59.0,,,,,13473.5,0.0
2,104700,DJEMBES,13472.0,71.0,,,,,13474.0,71.0,,,,,13473.0,0.0
2,104800,DJEMBES,13473.0,24.0,13472.0,32.0,,,13474.0,56.0,,,,,13473.5,0.0
2,104900,DJEMBES,13470.0,54.0,,,,,13471.0,16.0,13472.0,38.0,,,13470.5,0.0
2,105000,DJEMBES,13471.0,22.0,13470.0,33.0,,,13472.0,55.0,,,,,13471.5,0.0
2,105100,DJEMBES,13470.0,15.0,13469.0,38.0,,,13471.0,53.0,,,,,13470.5,0.0
2,105200,DJEMBES,13471.0,67.0,,,,,13472.0,67.0,,,,,13471.5,0.0
2,105300,DJEMBES,13471.0,75.0,,,,,13472.0,75.0,,,,,13471.5,0.0
2,105400,DJEMBES,13471.0,66.0,,,,,13472.0,25.0,13473.0,41.0,,,13471.5,0.0
2,105500,DJEMBES,13471.0,67.0,,,,,13472.0,63.0,,,,,13471.5,0.0
2,105600,DJEMBES,13471.0,51.0,,,,,13473.0,51.0,,,,,13472.0,0.0
2,105700,DJEMBES,13469.0,20.0,13468.0,43.0,,,13470.0,68.0,,,,,13469.5,0.0
2,105800,DJEMBES,13468.0,56.0,,,,,13469.0,15.0,13470.0,41.0,,,13468.5,0.0
2,105900,DJEMBES,13469.0,18.0,13468.0,42.0,,,13470.0,60.0,,,,,13469.5,0.0
2,106000,DJEMBES,13469.0,22.0,13468.0,36.0,,,13470.0,58.0,,,,,13469.5,0.0
2,106100,DJEMBES,13470.0,69.0,,,,,13471.0,69.0,,,,,13470.5,0.0
2,106200,DJEMBES,13469.0,69.0,,,,,13470.0,69.0,,,,,13469.5,0.0
2,106300,DJEMBES,13471.0,63.0,,,,,13472.0,27.0,13473.0,36.0,,,13471.5,0.0
2,106400,DJEMBES,13471.0,53.0,,,,,13473.0,53.0,,,,,13472.0,0.0
2,106500,DJEMBES,13472.0,59.0,,,,,13474.0,59.0,,,,,13473.0,0.0
2,106600,DJEMBES,13474.0,22.0,13473.0,37.0,,,13475.0,59.0,,,,,13474.5,0.0
2,106700,DJEMBES,13474.0,47.0,,,,,13475.0,47.0,,,,,13474.5,0.0
2,106800,DJEMBES,13474.0,30.0,13473.0,39.0,,,13475.0,69.0,,,,,13474.5,0.0
2,106900,DJEMBES,13475.0,54.0,,,,,13476.0,19.0,13477.0,35.0,,,13475.5,0.0
2,107000,DJEMBES,13474.0,64.0,,,,,13475.0,64.0,,,,,13474.5,0.0
2,107100,DJEMBES,13473.0,58.0,,,,,13474.0,21.0,13475.0,37.0,,,13473.5,0.0
2,107200,DJEMBES,13472.0,65.0,,,,,13474.0,65.0,,,,,13473.0,0.0
2,107300,DJEMBES,13471.0,62.0,,,,,13473.0,62.0,,,,,13472.0,0.0
2,107400,DJEMBES,13470.0,75.0,,,,,13471.0,75.0,,,,,13470.5,0.0
2,107500,DJEMBES,13470.0,52.0,,,,,13471.0,52.0,,,,,13470.5,0.0
2,107600,DJEMBES,13468.0,65.0,,,,,13470.0,65.0,,,,,13469.0,0.0
2,107700,DJEMBES,13467.0,58.0,,,,,13468.0,58.0,,,,,13467.5,0.0
2,107800,DJEMBES,13467.0,61.0,,,,,13469.0,61.0,,,,,13468.0,0.0
2,107900,DJEMBES,13469.0,70.0,,,,,13470.0,70.0,,,,,13469.5,0.0
2,108000,DJEMBES,13469.0,52.0,,,,,13470.0,52.0,,,,,13469.5,0.0
2,108100,DJEMBES,13469.0,77.0,,,,,13471.0,77.0,,,,,13470.0,0.0
2,108200,DJEMBES,13469.0,62.0,,,,,13470.0,62.0,,,,,13469.5,0.0
2,108300,DJEMBES,13469.0,22.0,13468.0,31.0,,,13470.0,53.0,,,,,13469.5,0.0
2,108400,DJEMBES,13467.0,66.0,,,,,13468.0,66.0,,,,,13467.5,0.0
2,108500,DJEMBES,13466.0,67.0,,,,,13467.0,67.0,,,,,13466.5,0.0
2,108600,DJEMBES,13465.0,52.0,,,,,13467.0,52.0,,,,,13466.0,0.0
2,108700,DJEMBES,13465.0,60.0,,,,,13467.0,60.0,,,,,13466.0,0.0
2,108800,DJEMBES,13464.0,54.0,,,,,13465.0,19.0,13466.0,35.0,,,13464.5,0.0
2,108900,DJEMBES,13464.0,66.0,,,,,13465.0,66.0,,,,,13464.5,0.0
2,109000,DJEMBES,13464.0,59.0,,,,,13465.0,23.0,13466.0,36.0,,,13464.5,0.0
2,109100,DJEMBES,13466.0,68.0,,,,,13467.0,68.0,,,,,13466.5,0.0
2,109200,DJEMBES,13465.0,65.0,,,,,13467.0,65.0,,,,,13466.0,0.0
2,109300,DJEMBES,13466.0,58.0,,,,,13467.0,58.0,,,,,13466.5,0.0
2,109400,DJEMBES,13466.0,63.0,,,,,13467.0,63.0,,,,,13466.5,0.0
2,109500,DJEMBES,13465.0,49.0,,,,,13466.0,16.0,13467.0,33.0,,,13465.5,0.0
2,109600,DJEMBES,13466.0,57.0,,,,,13467.0,51.0,,,,,13466.5,0.0
2,109700,DJEMBES,13465.0,63.0,,,,,13466.0,27.0,13467.0,36.0,,,13465.5,0.0
2,109800,DJEMBES,13464.0,67.0,,,,,13465.0,67.0,,,,,13464.5,0.0
2,109900,DJEMBES,13464.0,17.0,13463.0,45.0,,,13465.0,62.0,,,,,13464.5,0.0
2,110000,DJEMBES,13464.0,70.0,,,,,13465.0,70.0,,,,,13464.5,0.0
2,110100,DJEMBES,13463.0,69.0,,,,,13465.0,69.0,,,,,13464.0,0.0
2,110200,DJEMBES,13464.0,58.0,,,,,13465.0,58.0,,,,,13464.5,0.0
2,110300,DJEMBES,13464.0,72.0,,,,,13465.0,72.0,,,,,13464.5,0.0
2,110400,DJEMBES,13463.0,62.0,,,,,13465.0,62.0,,,,,13464.0,0.0
2,110500,DJEMBES,13462.0,49.0,,,,,13463.0,19.0,13464.0,30.0,,,13462.5,0.0
2,110600,DJEMBES,13463.0,63.0,,,,,13464.0,63.0,,,,,13463.5,0.0
2,110700,DJEMBES,13463.0,19.0,13462.0,34.0,,,13464.0,53.0,,,,,13463.5,0.0
2,110800,DJEMBES,13463.0,68.0,,,,,13464.0,68.0,,,,,13463.5,0.0
2,110900,DJEMBES,13463.0,60.0,,,,,13465.0,60.0,,,,,13464.0,0.0
2,111000,DJEMBES,13463.0,63.0,,,,,13464.0,28.0,13465.0,35.0,,,13463.5,0.0
2,111100,DJEMBES,13463.0,85.0,,,,,13464.0,77.0,,,,,13463.5,0.0
2,111200,DJEMBES,13464.0,63.0,,,,,13465.0,63.0,,,,,13464.5,0.0
2,111300,DJEMBES,13464.0,66.0,,,,,13465.0,66.0,,,,,13464.5,0.0
2,111400,DJEMBES,13465.0,65.0,,,,,13466.0,29.0,13467.0,36.0,,,13465.5,0.0
2,111500,DJEMBES,13467.0,71.0,,,,,13469.0,71.0,,,,,13468.0,0.0
2,111600,DJEMBES,13468.0,49.0,,,,,13469.0,49.0,,,,,13468.5,0.0
2,111700,DJEMBES,13467.0,59.0,,,,,13468.0,59.0,,,,,13467.5,0.0
2,111800,DJEMBES,13465.0,64.0,,,,,13466.0,23.0,13467.0,41.0,,,13465.5,0.0
2,111900,DJEMBES,13467.0,51.0,,,,,13468.0,51.0,,,,,13467.5,0.0
2,112000,DJEMBES,13467.0,60.0,,,,,13468.0,60.0,,,,,13467.5,0.0
2,112100,DJEMBES,13466.0,66.0,,,,,13467.0,66.0,,,,,13466.5,0.0
2,112200,DJEMBES,13466.0,69.0,,,,,13467.0,28.0,13468.0,41.0,,,13466.5,0.0
2,112300,DJEMBES,13466.0,60.0,,,,,13467.0,60.0,,,,,13466.5,0.0
2,112400,DJEMBES,13467.0,60.0,,,,,13468.0,60.0,,,,,13467.5,0.0
2,112500,DJEMBES,13467.0,55.0,,,,,13469.0,55.0,,,,,13468.0,0.0
2,112600,DJEMBES,13467.0,55.0,,,,,13468.0,55.0,,,,,13467.5,0.0
2,112700,DJEMBES,13466.0,50.0,,,,,13468.0,50.0,,,,,13467.0,0.0
2,112800,DJEMBES,13465.0,21.0,13464.0,45.0,,,13466.0,66.0,,,,,13465.5,0.0
2,112900,DJEMBES,13463.0,66.0,,,,,13464.0,66.0,,,,,13463.5,0.0
2,113000,DJEMBES,13463.0,26.0,13462.0,44.0,,,13464.0,70.0,,,,,13463.5,0.0
2,113100,DJEMBES,13462.0,58.0,,,,,13464.0,58.0,,,,,13463.0,0.0
2,113200,DJEMBES,13463.0,16.0,13462.0,43.0,,,13464.0,59.0,,,,,13463.5,0.0
2,113300,DJEMBES,13463.0,30.0,13462.0,43.0,,,13464.0,73.0,,,,,13463.5,0.0
2,113400,DJEMBES,13463.0,23.0,13462.0,44.0,,,13464.0,61.0,,,,,13463.5,0.0
2,113500,DJEMBES,13463.0,73.0,,,,,13465.0,73.0,,,,,13464.0,0.0
2,113600,DJEMBES,13463.0,72.0,,,,,13465.0,72.0,,,,,13464.0,0.0
2,113700,DJEMBES,13463.0,51.0,,,,,13464.0,16.0,13465.0,35.0,,,13463.5,0.0
2,113800,DJEMBES,13463.0,65.0,,,,,13465.0,58.0,,,,,13464.0,0.0
2,113900,DJEMBES,13464.0,79.0,,,,,13466.0,79.0,,,,,13465.0,0.0
2,114000,DJEMBES,13466.0,60.0,,,,,13467.0,27.0,13468.0,33.0,,,13466.5,0.0
2,114100,DJEMBES,13468.0,66.0,,,,,13470.0,66.0,,,,,13469.0,0.0
2,114200,DJEMBES,13468.0,76.0,,,,,13470.0,65.0,,,,,13469.0,0.0
2,114300,DJEMBES,13469.0,76.0,,,,,13471.0,76.0,,,,,13470.0,0.0
2,114400,DJEMBES,13470.0,62.0,,,,,13471.0,62.0,,,,,13470.5,0.0
2,114500,DJEMBES,13470.0,58.0,,,,,13471.0,27.0,13472.0,31.0,,,13470.5,0.0
2,114600,DJEMBES,13470.0,60.0,,,,,13471.0,60.0,,,,,13470.5,0.0
2,114700,DJEMBES,13470.0,76.0,,,,,13471.0,27.0,13472.0,49.0,,,13470.5,0.0
2,114800,DJEMBES,13471.0,54.0,,,,,13472.0,57.0,,,,,13471.5,0.0
2,114900,DJEMBES,13471.0,30.0,13470.0,40.0,,,13472.0,70.0,,,,,13471.5,0.0
2,115000,DJEMBES,13469.0,66.0,,,,,13470.0,66.0,,,,,13469.5,0.0
2,115100,DJEMBES,13469.0,26.0,13468.0,38.0,,,13470.0,64.0,,,,,13469.5,0.0
2,115200,DJEMBES,13469.0,63.0,,,,,13470.0,63.0,,,,,13469.5,0.0
2,115300,DJEMBES,13469.0,61.0,,,,,13471.0,61.0,,,,,13470.0,0.0
2,115400,DJEMBES,13470.0,72.0,,,,,13471.0,21.0,13472.0,40.0,,,13470.5,0.0
2,115500,DJEMBES,13471.0,22.0,13470.0,30.0,,,13472.0,52.0,,,,,13471.5,0.0
2,115600,DJEMBES,13471.0,52.0,,,,,13472.0,52.0,,,,,13471.5,0.0
2,115700,DJEMBES,13471.0,74.0,,,,,13472.0,67.0,,,,,13471.5,0.0
2,115800,DJEMBES,13474.0,66.0,,,,,13475.0,66.0,,,,,13474.5,0.0
2,115900,DJEMBES,13472.0,70.0,,,,,13473.0,70.0,,,,,13472.5,0.0
2,116000,DJEMBES,13473.0,73.0,,,,,13475.0,73.0,,,,,13474.0,0.0
2,116100,DJEMBES,13474.0,23.0,13473.0,41.0,,,13475.0,64.0,,,,,13474.5,0.0
2,116200,DJEMBES,13474.0,73.0,,,,,13475.0,25.0,13476.0,48.0,,,13474.5,0.0
2,116300,DJEMBES,13476.0,58.0,,,,,13477.0,23.0,13478.0,35.0,,,13476.5,0.0
2,116400,DJEMBES,13476.0,58.0,,,,,13477.0,22.0,13478.0,36.0,,,13476.5,0.0
2,116500,DJEMBES,13475.0,66.0,,,,,13477.0,66.0,,,,,13476.0,0.0
2,116600,DJEMBES,13473.0,68.0,,,,,13475.0,68.0,,,,,13474.0,0.0
2,116700,DJEMBES,13474.0,69.0,,,,,13475.0,69.0,,,,,13474.5,0.0
2,116800,DJEMBES,13474.0,19.0,13473.0,40.0,,,13475.0,59.0,,,,,13474.5,0.0
2,116900,DJEMBES,13474.0,59.0,,,,,13475.0,59.0,,,,,13474.5,0.0
2,117000,DJEMBES,13474.0,70.0,,,,,13475.0,22.0,13476.0,48.0,,,13474.5,0.0
2,117100,DJEMBES,13473.0,66.0,,,,,13475.0,66.0,,,,,13474.0,0.0
2,117200,DJEMBES,13473.0,66.0,,,,,13475.0,66.0,,,,,13474.0,0.0
2,117300,DJEMBES,13473.0,50.0,,,,,13475.0,50.0,,,,,13474.0,0.0
2,117400,DJEMBES,13474.0,54.0,,,,,13475.0,23.0,13476.0,31.0,,,13474.5,0.0
2,117500,DJEMBES,13475.0,60.0,,,,,13476.0,26.0,13477.0,34.0,,,13475.5,0.0
2,117600,DJEMBES,13478.0,65.0,,,,,13480.0,65.0,,,,,13479.0,0.0
2,117700,DJEMBES,13479.0,30.0,13478.0,42.0,,,13480.0,72.0,,,,,13479.5,0.0
2,117800,DJEMBES,13478.0,79.0,,,,,13479.0,79.0,,,,,13478.5,0.0
2,117900,DJEMBES,13477.0,24.0,13476.0,41.0,,,13478.0,65.0,,,,,13477.5,0.0
2,118000,DJEMBES,13476.0,56.0,,,,,13478.0,56.0,,,,,13477.0,0.0
2,118100,DJEMBES,13477.0,73.0,,,,,13479.0,73.0,,,,,13478.0,0.0
2,118200,DJEMBES,13477.0,67.0,,,,,13478.0,19.0,13479.0,48.0,,,13477.5,0.0
2,118300,DJEMBES,13476.0,24.0,13475.0,41.0,,,13477.0,65.0,,,,,13476.5,0.0
2,118400,DJEMBES,13476.0,78.0,,,,,13477.0,78.0,,,,,13476.5,0.0
2,118500,DJEMBES,13475.0,45.0,,,,,13476.0,15.0,13477.0,30.0,,,13475.5,0.0
2,118600,DJEMBES,13476.0,57.0,,,,,13477.0,27.0,13478.0,30.0,,,13476.5,0.0
2,118700,DJEMBES,13475.0,54.0,,,,,13476.0,15.0,13477.0,39.0,,,13475.5,0.0
2,118800,DJEMBES,13475.0,64.0,,,,,13477.0,64.0,,,,,13476.0,0.0
2,118900,DJEMBES,13475.0,51.0,,,,,13476.0,51.0,,,,,13475.5,0.0
2,119000,DJEMBES,13475.0,76.0,,,,,13476.0,29.0,13477.0,47.0,,,13475.5,0.0
2,119100,DJEMBES,13475.0,53.0,,,,,13476.0,20.0,13477.0,33.0,,,13475.5,0.0
2,119200,DJEMBES,13475.0,70.0,,,,,13476.0,22.0,13477.0,48.0,,,13475.5,0.0
2,119300,DJEMBES,13474.0,57.0,,,,,13475.0,57.0,,,,,13474.5,0.0
2,119400,DJEMBES,13474.0,66.0,,,,,13475.0,24.0,13476.0,42.0,,,13474.5,0.0
2,119500,DJEMBES,13474.0,27.0,13473.0,47.0,,,13475.0,74.0,,,,,13474.5,0.0
2,119600,DJEMBES,13474.0,58.0,,,,,13475.0,58.0,,,,,13474.5,0.0
2,119700,DJEMBES,13474.0,24.0,13473.0,43.0,,,13475.0,67.0,,,,,13474.5,0.0
2,119800,DJEMBES,13473.0,69.0,,,,,13475.0,69.0,,,,,13474.0,0.0
2,119900,DJEMBES,13474.0,18.0,13473.0,31.0,,,13475.0,49.0,,,,,13474.5,0.0
2,120000,DJEMBES,13474.0,60.0,,,,,13475.0,21.0,13476.0,39.0,,,13474.5,0.0
2,120100,DJEMBES,13473.0,57.0,,,,,13475.0,57.0,,,,,13474.0,0.0
2,120200,DJEMBES,13474.0,21.0,13473.0,36.0,,,13475.0,57.0,,,,,13474.5,0.0
2,120300,DJEMBES,13474.0,64.0,,,,,13475.0,25.0,13476.0,39.0,,,13474.5,0.0
2,120400,DJEMBES,13474.0,73.0,,,,,13475.0,73.0,,,,,13474.5,0.0
2,120500,DJEMBES,13474.0,15.0,13473.0,42.0,,,13475.0,57.0,,,,,13474.5,0.0
2,120600,DJEMBES,13473.0,69.0,,,,,13475.0,69.0,,,,,13474.0,0.0
2,120700,DJEMBES,13474.0,24.0,13473.0,36.0,,,13475.0,60.0,,,,,13474.5,0.0
2,120800,DJEMBES,13472.0,75.0,,,,,13474.0,75.0,,,,,13473.0,0.0
2,120900,DJEMBES,13472.0,21.0,13471.0,48.0,,,13473.0,69.0,,,,,13472.5,0.0
2,121000,DJEMBES,13470.0,71.0,,,,,13472.0,71.0,,,,,13471.0,0.0
2,121100,DJEMBES,13469.0,28.0,13468.0,36.0,,,13470.0,64.0,,,,,13469.5,0.0
2,121200,DJEMBES,13469.0,52.0,,,,,13470.0,52.0,,,,,13469.5,0.0
2,121300,DJEMBES,13468.0,68.0,,,,,13470.0,68.0,,,,,13469.0,0.0
2,121400,DJEMBES,13469.0,30.0,13468.0,48.0,,,13470.0,78.0,,,,,13469.5,0.0
2,121500,DJEMBES,13468.0,58.0,,,,,13470.0,58.0,,,,,13469.0,0.0
2,121600,DJEMBES,13467.0,23.0,13466.0,42.0,,,13468.0,65.0,,,,,13467.5,0.0
2,121700,DJEMBES,13466.0,51.0,,,,,13468.0,51.0,,,,,13467.0,0.0
2,121800,DJEMBES,13466.0,66.0,,,,,13467.0,21.0,13468.0,45.0,,,13466.5,0.0
2,121900,DJEMBES,13465.0,67.0,,,,,13467.0,67.0,,,,,13466.0,0.0
2,122000,DJEMBES,13466.0,69.0,,,,,13467.0,28.0,13468.0,41.0,,,13466.5,0.0
2,122100,DJEMBES,13465.0,55.0,,,,,13467.0,55.0,,,,,13466.0,0.0
2,122200,DJEMBES,13464.0,69.0,,,,,13465.0,69.0,,,,,13464.5,0.0
2,122300,DJEMBES,13462.0,68.0,,,,,13463.0,18.0,13464.0,43.0,,,13462.5,0.0
2,122400,DJEMBES,13462.0,64.0,,,,,13463.0,64.0,,,,,13462.5,0.0
2,122500,DJEMBES,13462.0,70.0,,,,,13463.0,70.0,,,,,13462.5,0.0
2,122600,DJEMBES,13462.0,78.0,,,,,13463.0,78.0,,,,,13462.5,0.0
2,122700,DJEMBES,13462.0,56.0,,,,,13463.0,56.0,,,,,13462.5,0.0
2,122800,DJEMBES,13462.0,23.0,13461.0,43.0,,,13463.0,66.0,,,,,13462.5,0.0
2,122900,DJEMBES,13463.0,5.0,13462.0,59.0,,,13464.0,59.0,,,,,13463.5,0.0
2,123000,DJEMBES,13464.0,70.0,,,,,13466.0,70.0,,,,,13465.0,0.0
2,123100,DJEMBES,13464.0,59.0,,,,,13465.0,25.0,13466.0,34.0,,,13464.5,0.0
2,123200,DJEMBES,13464.0,61.0,,,,,13466.0,61.0,,,,,13465.0,0.0
2,123300,DJEMBES,13464.0,58.0,,,,,13465.0,58.0,,,,,13464.5,0.0
2,123400,DJEMBES,13465.0,61.0,,,,,13466.0,61.0,,,,,13465.5,0.0
2,123500,DJEMBES,13464.0,75.0,,,,,13466.0,75.0,,,,,13465.0,0.0
2,123600,DJEMBES,13464.0,69.0,,,,,13465.0,69.0,,,,,13464.5,0.0
2,123700,DJEMBES,13464.0,67.0,,,,,13465.0,24.0,13466.0,43.0,,,13464.5,0.0
2,123800,DJEMBES,13464.0,70.0,,,,,13466.0,70.0,,,,,13465.0,0.0
2,123900,DJEMBES,13464.0,50.0,,,,,13466.0,50.0,,,,,13465.0,0.0
2,124000,DJEMBES,13464.0,62.0,,,,,13466.0,62.0,,,,,13465.0,0.0
2,124100,DJEMBES,13463.0,57.0,,,,,13465.0,57.0,,,,,13464.0,0.0
2,124200,DJEMBES,13463.0,72.0,,,,,13464.0,72.0,,,,,13463.5,0.0
2,124300,DJEMBES,13462.0,62.0,,,,,13464.0,62.0,,,,,13463.0,0.0
2,124400,DJEMBES,13462.0,57.0,,,,,13463.0,18.0,13464.0,39.0,,,13462.5,0.0
2,124500,DJEMBES,13461.0,71.0,,,,,13463.0,71.0,,,,,13462.0,0.0
2,124600,DJEMBES,13462.0,29.0,13461.0,43.0,,,13463.0,72.0,,,,,13462.5,0.0
2,124700,DJEMBES,13462.0,66.0,,,,,13463.0,66.0,,,,,13462.5,0.0
2,124800,DJEMBES,13462.0,23.0,13461.0,37.0,,,13463.0,60.0,,,,,13462.5,0.0
2,124900,DJEMBES,13463.0,62.0,,,,,13464.0,23.0,13465.0,39.0,,,13463.5,0.0
2,125000,DJEMBES,13464.0,72.0,,,,,13465.0,72.0,,,,,13464.5,0.0
2,125100,DJEMBES,13465.0,29.0,13464.0,38.0,,,13466.0,67.0,,,,,13465.5,0.0
2,125200,DJEMBES,13464.0,68.0,,,,,13465.0,68.0,,,,,13464.5,0.0
2,125300,DJEMBES,13462.0,60.0,,,,,13463.0,29.0,13464.0,31.0,,,13462.5,0.0
2,125400,DJEMBES,13462.0,51.0,,,,,13463.0,17.0,13464.0,34.0,,,13462.5,0.0
2,125500,DJEMBES,13461.0,63.0,,,,,13463.0,63.0,,,,,13462.0,0.0
2,125600,DJEMBES,13462.0,59.0,,,,,13463.0,23.0,13464.0,36.0,,,13462.5,0.0
2,125700,DJEMBES,13462.0,64.0,,,,,13463.0,20.0,13464.0,44.0,,,13462.5,0.0
2,125800,DJEMBES,13462.0,63.0,,,,,13463.0,16.0,13464.0,47.0,,,13462.5,0.0
2,125900,DJEMBES,13462.0,66.0,,,,,13464.0,66.0,,,,,13463.0,0.0
2,126000,DJEMBES,13462.0,53.0,,,,,13464.0,53.0,,,,,13463.0,0.0
2,126100,DJEMBES,13463.0,54.0,,,,,13464.0,54.0,,,,,13463.5,0.0
2,126200,DJEMBES,13462.0,67.0,,,,,13463.0,19.0,13464.0,48.0,,,13462.5,0.0
2,126300,DJEMBES,13463.0,71.0,,,,,13464.0,26.0,13465.0,45.0,,,13463.5,0.0
2,126400,DJEMBES,13463.0,57.0,,,,,13465.0,57.0,,,,,13464.0,0.0
2,126500,DJEMBES,13464.0,75.0,,,,,13466.0,75.0,,,,,13465.0,0.0
2,126600,DJEMBES,13465.0,54.0,,,,,13466.0,54.0,,,,,13465.5,0.0
2,126700,DJEMBES,13466.0,65.0,,,,,13468.0,65.0,,,,,13467.0,0.0
2,126800,DJEMBES,13467.0,59.0,,,,,13468.0,59.0,,,,,13467.5,0.0
2,126900,DJEMBES,13467.0,66.0,,,,,13468.0,24.0,13469.0,42.0,,,13467.5,0.0
2,127000,DJEMBES,13465.0,57.0,,,,,13467.0,57.0,,,,,13466.0,0.0
2,127100,DJEMBES,13465.0,66.0,,,,,13466.0,27.0,13467.0,39.0,,,13465.5,0.0
2,127200,DJEMBES,13465.0,21.0,13464.0,41.0,,,13466.0,62.0,,,,,13465.5,0.0
2,127300,DJEMBES,13463.0,58.0,,,,,13464.0,58.0,,,,,13463.5,0.0
2,127400,DJEMBES,13462.0,56.0,,,,,13464.0,56.0,,,,,13463.0,0.0
2,127500,DJEMBES,13463.0,27.0,13462.0,47.0,,,13464.0,74.0,,,,,13463.5,0.0
2,127600,DJEMBES,13462.0,57.0,,,,,13463.0,57.0,,,,,13462.5,0.0
2,127700,DJEMBES,13461.0,66.0,,,,,13463.0,66.0,,,,,13462.0,0.0
2,127800,DJEMBES,13462.0,67.0,,,,,13463.0,67.0,,,,,13462.5,0.0
2,127900,DJEMBES,13461.0,66.0,,,,,13462.0,66.0,,,,,13461.5,0.0
2,128000,DJEMBES,13460.0,52.0,,,,,13462.0,52.0,,,,,13461.0,0.0
2,128100,DJEMBES,13460.0,68.0,,,,,13462.0,68.0,,,,,13461.0,0.0
2,128200,DJEMBES,13460.0,65.0,,,,,13461.0,65.0,,,,,13460.5,0.0
2,128300,DJEMBES,13459.0,66.0,,,,,13460.0,18.0,13461.0,48.0,,,13459.5,0.0
2,128400,DJEMBES,13458.0,58.0,,,,,13460.0,58.0,,,,,13459.0,0.0
2,128500,DJEMBES,13459.0,15.0,13458.0,47.0,,,13460.0,62.0,,,,,13459.5,0.0
2,128600,DJEMBES,13459.0,28.0,13458.0,42.0,,,13460.0,70.0,,,,,13459.5,0.0
2,128700,DJEMBES,13458.0,53.0,,,,,13459.0,53.0,,,,,13458.5,0.0
2,128800,DJEMBES,13458.0,78.0,,,,,13460.0,78.0,,,,,13459.0,0.0
2,128900,DJEMBES,13461.0,16.0,13460.0,35.0,,,13462.0,51.0,,,,,13461.5,0.0
2,129000,DJEMBES,13459.0,74.0,,,,,13460.0,74.0,,,,,13459.5,0.0
2,129100,DJEMBES,13460.0,26.0,13459.0,37.0,,,13461.0,63.0,,,,,13460.5,0.0
2,129200,DJEMBES,13460.0,28.0,13459.0,39.0,,,13461.0,67.0,,,,,13460.5,0.0
2,129300,DJEMBES,13460.0,53.0,,,,,13461.0,53.0,,,,,13460.5,0.0
2,129400,DJEMBES,13460.0,30.0,13459.0,40.0,,,13461.0,70.0,,,,,13460.5,0.0
2,129500,DJEMBES,13459.0,59.0,,,,,13460.0,26.0,13461.0,33.0,,,13459.5,0.0
2,129600,DJEMBES,13459.0,54.0,,,,,13460.0,54.0,,,,,13459.5,0.0
2,129700,DJEMBES,13459.0,58.0,,,,,13461.0,58.0,,,,,13460.0,0.0
2,129800,DJEMBES,13460.0,68.0,,,,,13462.0,68.0,,,,,13461.0,0.0
2,129900,DJEMBES,13462.0,16.0,13461.0,31.0,,,13463.0,47.0,,,,,13462.5,0.0
2,130000,DJEMBES,13461.0,29.0,13460.0,34.0,,,13462.0,63.0,,,,,13461.5,0.0
2,130100,DJEMBES,13460.0,58.0,,,,,13462.0,58.0,,,,,13461.0,0.0
2,130200,DJEMBES,13461.0,62.0,,,,,13462.0,15.0,13463.0,47.0,,,13461.5,0.0
2,130300,DJEMBES,13461.0,52.0,,,,,13463.0,52.0,,,,,13462.0,0.0
2,130400,DJEMBES,13461.0,21.0,13460.0,38.0,,,13462.0,59.0,,,,,13461.5,0.0
2,130500,DJEMBES,13461.0,26.0,13460.0,44.0,,,13462.0,70.0,,,,,13461.5,0.0
2,130600,DJEMBES,13461.0,47.0,,,,,13462.0,47.0,,,,,13461.5,0.0
2,130700,DJEMBES,13460.0,64.0,,,,,13461.0,64.0,,,,,13460.5,0.0
2,130800,DJEMBES,13460.0,57.0,,,,,13461.0,57.0,,,,,13460.5,0.0
2,130900,DJEMBES,13458.0,71.0,,,,,13459.0,71.0,,,,,13458.5,0.0
2,131000,DJEMBES,13456.0,53.0,,,,,13458.0,53.0,,,,,13457.0,0.0
2,131100,DJEMBES,13455.0,67.0,,,,,13456.0,67.0,,,,,13455.5,0.0
2,131200,DJEMBES,13456.0,58.0,,,,,13457.0,58.0,,,,,13456.5,0.0
2,131300,DJEMBES,13454.0,49.0,,,,,13456.0,49.0,,,,,13455.0,0.0
2,131400,DJEMBES,13457.0,56.0,,,,,13458.0,56.0,,,,,13457.5,0.0
2,131500,DJEMBES,13457.0,48.0,,,,,13459.0,48.0,,,,,13458.0,0.0
2,131600,DJEMBES,13457.0,56.0,,,,,13458.0,24.0,13459.0,32.0,,,13457.5,0.0
2,131700,DJEMBES,13455.0,63.0,,,,,13456.0,18.0,13457.0,45.0,,,13455.5,0.0
2,131800,DJEMBES,13453.0,58.0,,,,,13454.0,58.0,,,,,13453.5,0.0
2,131900,DJEMBES,13452.0,18.0,13451.0,44.0,,,13453.0,62.0,,,,,13452.5,0.0
2,132000,DJEMBES,13450.0,72.0,,,,,13451.0,72.0,,,,,13450.5,0.0
2,132100,DJEMBES,13449.0,28.0,13448.0,40.0,,,13450.0,68.0,,,,,13449.5,0.0
2,132200,DJEMBES,13449.0,18.0,13448.0,35.0,,,13450.0,53.0,,,,,13449.5,0.0
2,132300,DJEMBES,13448.0,27.0,13447.0,38.0,,,13449.0,65.0,,,,,13448.5,0.0
2,132400,DJEMBES,13447.0,58.0,,,,,13448.0,58.0,,,,,13447.5,0.0
2,132500,DJEMBES,13447.0,74.0,,,,,13448.0,74.0,,,,,13447.5,0.0
2,132600,DJEMBES,13447.0,63.0,,,,,13448.0,17.0,13449.0,46.0,,,13447.5,0.0
2,132700,DJEMBES,13446.0,49.0,,,,,13447.0,19.0,13448.0,30.0,,,13446.5,0.0
2,132800,DJEMBES,13446.0,62.0,,,,,13447.0,18.0,13448.0,44.0,,,13446.5,0.0
2,132900,DJEMBES,13446.0,66.0,,,,,13447.0,20.0,13448.0,46.0,,,13446.5,0.0
2,133000,DJEMBES,13445.0,64.0,,,,,13447.0,64.0,,,,,13446.0,0.0
2,133100,DJEMBES,13445.0,48.0,,,,,13446.0,48.0,,,,,13445.5,0.0
2,133200,DJEMBES,13445.0,62.0,,,,,13446.0,62.0,,,,,13445.5,0.0
2,133300,DJEMBES,13446.0,25.0,13445.0,38.0,,,13447.0,63.0,,,,,13446.5,0.0
2,133400,DJEMBES,13446.0,60.0,,,,,13448.0,60.0,,,,,13447.0,0.0
2,133500,DJEMBES,13447.0,56.0,,,,,13448.0,56.0,,,,,13447.5,0.0
2,133600,DJEMBES,13447.0,52.0,,,,,13448.0,52.0,,,,,13447.5,0.0
2,133700,DJEMBES,13446.0,71.0,,,,,13447.0,28.0,13448.0,43.0,,,13446.5,0.0
2,133800,DJEMBES,13447.0,58.0,,,,,13448.0,58.0,,,,,13447.5,0.0
2,133900,DJEMBES,13446.0,54.0,,,,,13447.0,54.0,,,,,13446.5,0.0
2,134000,DJEMBES,13445.0,70.0,,,,,13447.0,70.0,,,,,13446.0,0.0
2,134100,DJEMBES,13446.0,77.0,,,,,13447.0,77.0,,,,,13446.5,0.0
2,134200,DJEMBES,13446.0,15.0,13445.0,37.0,,,13447.0,52.0,,,,,13446.5,0.0
2,134300,DJEMBES,13446.0,69.0,,,,,13447.0,69.0,,,,,13446.5,0.0
2,134400,DJEMBES,13446.0,70.0,,,,,13447.0,27.0,13448.0,43.0,,,13446.5,0.0
2,134500,DJEMBES,13447.0,67.0,,,,,13448.0,67.0,,,,,13447.5,0.0
2,134600,DJEMBES,13447.0,69.0,,,,,13448.0,69.0,,,,,13447.5,0.0
2,134700,DJEMBES,13447.0,50.0,,,,,13448.0,50.0,,,,,13447.5,0.0
2,134800,DJEMBES,13445.0,65.0,,,,,13447.0,65.0,,,,,13446.0,0.0
2,134900,DJEMBES,13445.0,63.0,,,,,13446.0,63.0,,,,,13445.5,0.0
2,135000,DJEMBES,13445.0,69.0,,,,,13446.0,69.0,,,,,13445.5,0.0
2,135100,DJEMBES,13444.0,26.0,13443.0,43.0,,,13445.0,69.0,,,,,13444.5,0.0
2,135200,DJEMBES,13445.0,22.0,13444.0,30.0,,,13446.0,52.0,,,,,13445.5,0.0
2,135300,DJEMBES,13445.0,63.0,,,,,13446.0,63.0,,,,,13445.5,0.0
2,135400,DJEMBES,13444.0,52.0,,,,,13446.0,52.0,,,,,13445.0,0.0
2,135500,DJEMBES,13445.0,60.0,,,,,13446.0,60.0,,,,,13445.5,0.0
2,135600,DJEMBES,13447.0,21.0,13446.0,42.0,,,13448.0,63.0,,,,,13447.5,0.0
2,135700,DJEMBES,13447.0,59.0,,,,,13449.0,59.0,,,,,13448.0,0.0
2,135800,DJEMBES,13448.0,19.0,13447.0,33.0,,,13449.0,52.0,,,,,13448.5,0.0
2,135900,DJEMBES,13447.0,65.0,,,,,13448.0,65.0,,,,,13447.5,0.0
2,136000,DJEMBES,13447.0,65.0,,,,,13448.0,30.0,13449.0,35.0,,,13447.5,0.0
2,136100,DJEMBES,13448.0,77.0,,,,,13449.0,77.0,,,,,13448.5,0.0
2,136200,DJEMBES,13447.0,53.0,,,,,13448.0,53.0,,,,,13447.5,0.0
2,136300,DJEMBES,13446.0,59.0,,,,,13447.0,26.0,13448.0,33.0,,,13446.5,0.0
2,136400,DJEMBES,13446.0,61.0,,,,,13447.0,61.0,,,,,13446.5,0.0
2,136500,DJEMBES,13445.0,66.0,,,,,13447.0,66.0,,,,,13446.0,0.0
2,136600,DJEMBES,13445.0,68.0,,,,,13447.0,68.0,,,,,13446.0,0.0
2,136700,DJEMBES,13445.0,64.0,,,,,13447.0,64.0,,,,,13446.0,0.0
2,136800,DJEMBES,13444.0,17.0,13443.0,48.0,,,13445.0,65.0,,,,,13444.5,0.0
2,136900,DJEMBES,13443.0,24.0,13442.0,42.0,,,13444.0,66.0,,,,,13443.5,0.0
2,137000,DJEMBES,13442.0,51.0,,,,,13443.0,51.0,,,,,13442.5,0.0
2,137100,DJEMBES,13441.0,25.0,13440.0,50.0,,,13442.0,75.0,,,,,13441.5,0.0
2,137200,DJEMBES,13437.0,22.0,13436.0,48.0,,,13438.0,70.0,,,,,13437.5,0.0
2,137300,DJEMBES,13434.0,60.0,,,,,13436.0,60.0,,,,,13435.0,0.0
2,137400,DJEMBES,13432.0,28.0,13431.0,32.0,,,13433.0,60.0,,,,,13432.5,0.0
2,137500,DJEMBES,13432.0,60.0,,,,,13433.0,25.0,13434.0,35.0,,,13432.5,0.0
2,137600,DJEMBES,13431.0,54.0,,,,,13432.0,54.0,,,,,13431.5,0.0
2,137700,DJEMBES,13434.0,50.0,,,,,13435.0,50.0,,,,,13434.5,0.0
2,137800,DJEMBES,13433.0,70.0,,,,,13434.0,70.0,,,,,13433.5,0.0
2,137900,DJEMBES,13434.0,74.0,,,,,13435.0,74.0,,,,,13434.5,0.0
2,138000,DJEMBES,13435.0,19.0,13434.0,46.0,,,13436.0,65.0,,,,,13435.5,0.0
2,138100,DJEMBES,13434.0,73.0,,,,,13436.0,73.0,,,,,13435.0,0.0
2,138200,DJEMBES,13435.0,63.0,,,,,13436.0,63.0,,,,,13435.5,0.0
2,138300,DJEMBES,13437.0,15.0,13436.0,44.0,,,13438.0,59.0,,,,,13437.5,0.0
2,138400,DJEMBES,13439.0,27.0,13438.0,37.0,,,13440.0,64.0,,,,,13439.5,0.0
2,138500,DJEMBES,13440.0,49.0,,,,,13441.0,49.0,,,,,13440.5,0.0
2,138600,DJEMBES,13440.0,76.0,,,,,13441.0,76.0,,,,,13440.5,0.0
2,138700,DJEMBES,13440.0,66.0,,,,,13441.0,66.0,,,,,13440.5,0.0
2,138800,DJEMBES,13441.0,19.0,13440.0,37.0,,,13442.0,56.0,,,,,13441.5,0.0
2,138900,DJEMBES,13440.0,58.0,,,,,13442.0,58.0,,,,,13441.0,0.0
2,139000,DJEMBES,13441.0,70.0,,,,,13442.0,70.0,,,,,13441.5,0.0
2,139100,DJEMBES,13441.0,65.0,,,,,13442.0,30.0,13443.0,35.0,,,13441.5,0.0
2,139200,DJEMBES,13440.0,63.0,,,,,13442.0,63.0,,,,,13441.0,0.0
2,139300,DJEMBES,13440.0,17.0,13439.0,50.0,,,13441.0,67.0,,,,,13440.5,0.0
2,139400,DJEMBES,13440.0,57.0,,,,,13441.0,57.0,,,,,13440.5,0.0
2,139500,DJEMBES,13439.0,77.0,,,,,13440.0,77.0,,,,,13439.5,0.0
2,139600,DJEMBES,13439.0,52.0,,,,,13440.0,18.0,13441.0,34.0,,,13439.5,0.0
2,139700,DJEMBES,13438.0,58.0,,,,,13439.0,58.0,,,,,13438.5,0.0
2,139800,DJEMBES,13438.0,72.0,,,,,13439.0,72.0,,,,,13438.5,0.0
2,139900,DJEMBES,13438.0,76.0,,,,,13439.0,76.0,,,,,13438.5,0.0
2,140000,DJEMBES,13438.0,29.0,13437.0,45.0,,,13439.0,74.0,,,,,13438.5,0.0
2,140100,DJEMBES,13438.0,70.0,,,,,13439.0,70.0,,,,,13438.5,0.0
2,140200,DJEMBES,13437.0,58.0,,,,,13439.0,58.0,,,,,13438.0,0.0
2,140300,DJEMBES,13437.0,17.0,13436.0,49.0,,,13438.0,66.0,,,,,13437.5,0.0
2,140400,DJEMBES,13437.0,54.0,,,,,13438.0,20.0,13439.0,34.0,,,13437.5,0.0
2,140500,DJEMBES,13437.0,66.0,,,,,13439.0,66.0,,,,,13438.0,0.0
2,140600,DJEMBES,13437.0,71.0,,,,,13438.0,21.0,13439.0,50.0,,,13437.5,0.0
2,140700,DJEMBES,13436.0,54.0,,,,,13437.0,22.0,13438.0,32.0,,,13436.5,0.0
2,140800,DJEMBES,13437.0,70.0,,,,,13438.0,70.0,,,,,13437.5,0.0
2,140900,DJEMBES,13437.0,71.0,,,,,13439.0,71.0,,,,,13438.0,0.0
2,141000,DJEMBES,13438.0,19.0,13437.0,35.0,,,13439.0,54.0,,,,,13438.5,0.0
2,141100,DJEMBES,13437.0,51.0,,,,,13438.0,20.0,13439.0,31.0,,,13437.5,0.0
2,141200,DJEMBES,13437.0,72.0,,,,,13439.0,72.0,,,,,13438.0,0.0
2,141300,DJEMBES,13438.0,63.0,,,,,13439.0,23.0,13440.0,40.0,,,13438.5,0.0
2,141400,DJEMBES,13438.0,72.0,,,,,13439.0,30.0,13440.0,42.0,,,13438.5,0.0
2,141500,DJEMBES,13440.0,75.0,,,,,13441.0,27.0,13442.0,48.0,,,13440.5,0.0
2,141600,DJEMBES,13441.0,50.0,,,,,13442.0,50.0,,,,,13441.5,0.0
2,141700,DJEMBES,13441.0,64.0,,,,,13443.0,64.0,,,,,13442.0,0.0
2,141800,DJEMBES,13439.0,18.0,13438.0,36.0,,,13440.0,54.0,,,,,13439.5,0.0
2,141900,DJEMBES,13438.0,51.0,,,,,13440.0,51.0,,,,,13439.0,0.0
2,142000,DJEMBES,13440.0,64.0,,,,,13441.0,64.0,,,,,13440.5,0.0
2,142100,DJEMBES,13440.0,64.0,,,,,13441.0,64.0,,,,,13440.5,0.0
2,142200,DJEMBES,13440.0,63.0,,,,,13441.0,63.0,,,,,13440.5,0.0
2,142300,DJEMBES,13439.0,50.0,,,,,13440.0,15.0,13441.0,35.0,,,13439.5,0.0
2,142400,DJEMBES,13439.0,76.0,,,,,13440.0,76.0,,,,,13439.5,0.0
2,142500,DJEMBES,13439.0,65.0,,,,,13440.0,65.0,,,,,13439.5,0.0
2,142600,DJEMBES,13440.0,76.0,,,,,13441.0,30.0,13442.0,46.0,,,13440.5,0.0
2,142700,DJEMBES,13442.0,62.0,,,,,13443.0,62.0,,,,,13442.5,0.0
2,142800,DJEMBES,13442.0,71.0,,,,,13444.0,71.0,,,,,13443.0,0.0
2,142900,DJEMBES,13441.0,60.0,,,,,13442.0,60.0,,,,,13441.5,0.0
2,143000,DJEMBES,13441.0,48.0,,,,,13442.0,16.0,13443.0,32.0,,,13441.5,0.0
2,143100,DJEMBES,13441.0,26.0,13440.0,35.0,,,13442.0,61.0,,,,,13441.5,0.0
2,143200,DJEMBES,13441.0,29.0,13440.0,41.0,,,13442.0,70.0,,,,,13441.5,0.0
2,143300,DJEMBES,13440.0,58.0,,,,,13442.0,58.0,,,,,13441.0,0.0
2,143400,DJEMBES,13439.0,63.0,,,,,13440.0,25.0,13441.0,38.0,,,13439.5,0.0
2,143500,DJEMBES,13439.0,64.0,,,,,13440.0,64.0,,,,,13439.5,0.0
2,143600,DJEMBES,13439.0,63.0,,,,,13440.0,63.0,,,,,13439.5,0.0
2,143700,DJEMBES,13440.0,55.0,,,,,13441.0,23.0,13442.0,32.0,,,13440.5,0.0
2,143800,DJEMBES,13441.0,62.0,,,,,13442.0,62.0,,,,,13441.5,0.0
2,143900,DJEMBES,13441.0,23.0,13440.0,45.0,,,13442.0,68.0,,,,,13441.5,0.0
2,144000,DJEMBES,13440.0,57.0,,,,,13442.0,57.0,,,,,13441.0,0.0
2,144100,DJEMBES,13441.0,18.0,13440.0,40.0,,,13442.0,58.0,,,,,13441.5,0.0
2,144200,DJEMBES,13441.0,65.0,,,,,13442.0,65.0,,,,,13441.5,0.0
2,144300,DJEMBES,13440.0,67.0,,,,,13441.0,24.0,13442.0,43.0,,,13440.5,0.0
2,144400,DJEMBES,13440.0,67.0,,,,,13441.0,67.0,,,,,13440.5,0.0
2,144500,DJEMBES,13440.0,60.0,,,,,13441.0,18.0,13442.0,42.0,,,13440.5,0.0
2,144600,DJEMBES,13441.0,20.0,13440.0,44.0,,,13442.0,64.0,,,,,13441.5,0.0
2,144700,DJEMBES,13441.0,71.0,,,,,13442.0,71.0,,,,,13441.5,0.0
2,144800,DJEMBES,13443.0,59.0,,,,,13444.0,59.0,,,,,13443.5,0.0
2,144900,DJEMBES,13442.0,30.0,13441.0,33.0,,,13443.0,63.0,,,,,13442.5,0.0
2,145000,DJEMBES,13442.0,62.0,,,,,13444.0,62.0,,,,,13443.0,0.0
2,145100,DJEMBES,13443.0,65.0,,,,,13444.0,17.0,13445.0,48.0,,,13443.5,0.0
2,145200,DJEMBES,13443.0,74.0,,,,,13444.0,26.0,13445.0,48.0,,,13443.5,0.0
2,145300,DJEMBES,13441.0,72.0,,,,,13442.0,72.0,,,,,13441.5,0.0
2,145400,DJEMBES,13441.0,23.0,13440.0,39.0,,,13442.0,62.0,,,,,13441.5,0.0
2,145500,DJEMBES,13441.0,66.0,,,,,13442.0,66.0,,,,,13441.5,0.0
2,145600,DJEMBES,13440.0,55.0,,,,,13441.0,15.0,13442.0,40.0,,,13440.5,0.0
2,145700,DJEMBES,13440.0,68.0,,,,,13441.0,18.0,13442.0,50.0,,,13440.5,0.0
2,145800,DJEMBES,13441.0,17.0,13440.0,34.0,,,13442.0,51.0,,,,,13441.5,0.0
2,145900,DJEMBES,13440.0,53.0,,,,,13441.0,16.0,13442.0,37.0,,,13440.5,0.0
2,146000,DJEMBES,13441.0,62.0,,,,,13443.0,62.0,,,,,13442.0,0.0
2,146100,DJEMBES,13441.0,47.0,,,,,13443.0,47.0,,,,,13442.0,0.0
2,146200,DJEMBES,13440.0,28.0,13439.0,48.0,,,13441.0,76.0,,,,,13440.5,0.0
2,146300,DJEMBES,13440.0,26.0,13439.0,31.0,,,13441.0,57.0,,,,,13440.5,0.0
2,146400,DJEMBES,13439.0,25.0,13438.0,50.0,,,13440.0,75.0,,,,,13439.5,0.0
2,146500,DJEMBES,13436.0,65.0,,,,,13437.0,15.0,13438.0,50.0,,,13436.5,0.0
2,146600,DJEMBES,13433.0,52.0,,,,,13434.0,22.0,13435.0,30.0,,,13433.5,0.0
2,146700,DJEMBES,13434.0,56.0,,,,,13435.0,24.0,13436.0,32.0,,,13434.5,0.0
2,146800,DJEMBES,13434.0,22.0,13433.0,37.0,,,13435.0,59.0,,,,,13434.5,0.0
2,146900,DJEMBES,13433.0,22.0,13432.0,30.0,,,13434.0,52.0,,,,,13433.5,0.0
2,147000,DJEMBES,13434.0,65.0,,,,,13436.0,65.0,,,,,13435.0,0.0
2,147100,DJEMBES,13434.0,20.0,13433.0,50.0,,,13435.0,70.0,,,,,13434.5,0.0
2,147200,DJEMBES,13433.0,61.0,,,,,13435.0,61.0,,,,,13434.0,0.0
2,147300,DJEMBES,13433.0,71.0,,,,,13435.0,71.0,,,,,13434.0,0.0
2,147400,DJEMBES,13433.0,72.0,,,,,13435.0,72.0,,,,,13434.0,0.0
2,147500,DJEMBES,13435.0,64.0,,,,,13437.0,64.0,,,,,13436.0,0.0
2,147600,DJEMBES,13435.0,55.0,,,,,13437.0,55.0,,,,,13436.0,0.0
2,147700,DJEMBES,13435.0,59.0,,,,,13436.0,59.0,,,,,13435.5,0.0
2,147800,DJEMBES,13435.0,74.0,,,,,13436.0,24.0,13437.0,50.0,,,13435.5,0.0
2,147900,DJEMBES,13435.0,53.0,,,,,13437.0,53.0,,,,,13436.0,0.0
2,148000,DJEMBES,13435.0,59.0,,,,,13437.0,59.0,,,,,13436.0,0.0
2,148100,DJEMBES,13435.0,73.0,,,,,13437.0,73.0,,,,,13436.0,0.0
2,148200,DJEMBES,13434.0,65.0,,,,,13435.0,30.0,13436.0,35.0,,,13434.5,0.0
2,148300,DJEMBES,13436.0,69.0,,,,,13437.0,69.0,,,,,13436.5,0.0
2,148400,DJEMBES,13439.0,58.0,,,,,13440.0,58.0,,,,,13439.5,0.0
2,148500,DJEMBES,13439.0,70.0,,,,,13441.0,70.0,,,,,13440.0,0.0
2,148600,DJEMBES,13440.0,24.0,13439.0,49.0,,,13441.0,73.0,,,,,13440.5,0.0
2,148700,DJEMBES,13440.0,57.0,,,,,13441.0,20.0,13442.0,37.0,,,13440.5,0.0
2,148800,DJEMBES,13439.0,57.0,,,,,13440.0,57.0,,,,,13439.5,0.0
2,148900,DJEMBES,13439.0,59.0,,,,,13441.0,59.0,,,,,13440.0,0.0
2,149000,DJEMBES,13438.0,63.0,,,,,13439.0,30.0,13440.0,33.0,,,13438.5,0.0
2,149100,DJEMBES,13440.0,74.0,,,,,13441.0,74.0,,,,,13440.5,0.0
2,149200,DJEMBES,13439.0,51.0,,,,,13440.0,51.0,,,,,13439.5,0.0
2,149300,DJEMBES,13438.0,70.0,,,,,13439.0,70.0,,,,,13438.5,0.0
