timestamp,buyer,seller,symbol,currency,price,quantity
1700,Paris,Caesar,DJEMBES,SEASHELLS,13417.0,3
2000,Caesar,Paris,DJEMBES,SEASHELLS,13415.0,2
2300,Caesar,Paris,DJEMBES,SEASHELLS,13416.0,2
4900,Caesar,Camilla,DJEMBES,SEASHELLS,13421.0,7
6100,Caesar,Paris,DJEMBES,SEASHELLS,13419.0,5
6900,Paris,Caesar,DJEMBES,SEASHELLS,13417.0,2
9800,Paris,Caesar,DJEMBES,SEASHELLS,13418.0,4
10300,Caesar,Paris,DJEMBES,SEASHELLS,13416.0,3
12100,Paris,Caesar,DJEMBES,SEASHELLS,13421.0,1
14700,Paris,Caesar,DJEMBES,SEASHELLS,13422.0,1
16200,Caesar,Paris,DJEMBES,SEASHELLS,13421.0,4
16700,Caesar,Paris,DJEMBES,SEASHELLS,13425.0,3
18800,Paris,Caesar,DJEMBES,SEASHELLS,13424.0,4
19600,Paris,Caesar,DJEMBES,SEASHELLS,13426.0,5
20000,Paris,Caesar,DJEMBES,SEASHELLS,13439.0,1
21100,Paris,Caesar,DJEMBES,SEASHELLS,13444.0,5
21700,Caesar,Paris,DJEMBES,SEASHELLS,13447.0,3
21800,Caesar,Paris,DJEMBES,SEASHELLS,13446.0,5
22100,Caesar,Paris,DJEMBES,SEASHELLS,13449.0,1
22900,Caesar,Paris,DJEMBES,SEASHELLS,13451.0,5
23200,Caesar,Paris,DJEMBES,SEASHELLS,13449.0,3
23600,Caesar,Paris,DJEMBES,SEASHELLS,13447.0,2
24300,Caesar,Paris,DJEMBES,SEASHELLS,13447.0,1
24400,Caesar,Paris,DJEMBES,SEASHELLS,13448.0,3
24900,Paris,Caesar,DJEMBES,SEASHELLS,13449.0,3
25500,Caesar,Paris,DJEMBES,SEASHELLS,13443.0,3
25600,Caesar,Paris,DJEMBES,SEASHELLS,13443.0,3
28000,Paris,Caesar,DJEMBES,SEASHELLS,13438.0,5
29700,Caesar,Paris,DJEMBES,SEASHELLS,13435.0,5
30900,Paris,Caesar,DJEMBES,SEASHELLS,13438.0,4
31000,Paris,Caesar,DJEMBES,SEASHELLS,13438.0,3
31200,Caesar,Paris,DJEMBES,SEASHELLS,13435.0,4
31600,Paris,Caesar,DJEMBES,SEASHELLS,13437.0,2
31700,Paris,Caesar,DJEMBES,SEASHELLS,13436.0,3
32300,Caesar,Paris,DJEMBES,SEASHELLS,13432.0,1
32500,Caesar,Paris,DJEMBES,SEASHELLS,13432.0,1
33200,Caesar,Camilla,DJEMBES,SEASHELLS,13434.0,6
33300,Caesar,Paris,DJEMBES,SEASHELLS,13433.0,4
36100,Paris,Caesar,DJEMBES,SEASHELLS,13435.0,2
39500,Caesar,Paris,DJEMBES,SEASHELLS,13431.0,3
41100,Paris,Caesar,DJEMBES,SEASHELLS,13434.0,3
42600,Caesar,Paris,DJEMBES,SEASHELLS,13434.0,3
42900,Caesar,Paris,DJEMBES,SEASHELLS,13436.0,5
43400,Caesar,Paris,DJEMBES,SEASHELLS,13438.0,3
44300,Paris,Caesar,DJEMBES,SEASHELLS,13442.0,2
45000,Paris,Caesar,DJEMBES,SEASHELLS,13446.0,3
50200,Caesar,Paris,DJEMBES,SEASHELLS,13457.0,5
50800,Caesar,Paris,DJEMBES,SEASHELLS,13457.0,1
52100,Paris,Caesar,DJEMBES,SEASHELLS,13459.0,5
52300,Paris,Caesar,DJEMBES,SEASHELLS,13458.0,5
52500,Paris,Caesar,DJEMBES,SEASHELLS,13456.0,4
53000,Caesar,Paris,DJEMBES,SEASHELLS,13457.0,2
53100,Paris,Caesar,DJEMBES,SEASHELLS,13458.0,5
53800,Caesar,Paris,DJEMBES,SEASHELLS,13456.0,2
54200,Caesar,Paris,DJEMBES,SEASHELLS,13457.0,1
54800,Caesar,Paris,DJEMBES,SEASHELLS,13457.0,1
58100,Caesar,Paris,DJEMBES,SEASHELLS,13460.0,2
59000,Caesar,Paris,DJEMBES,SEASHELLS,13455.0,1
59400,Paris,Caesar,DJEMBES,SEASHELLS,13456.0,1
60200,Caesar,Paris,DJEMBES,SEASHELLS,13462.0,4
60700,Caesar,Paris,DJEMBES,SEASHELLS,13462.0,1
61100,Caesar,Paris,DJEMBES,SEASHELLS,13462.0,2
62000,Caesar,Camilla,DJEMBES,SEASHELLS,13457.0,6
62600,Paris,Caesar,DJEMBES,SEASHELLS,13461.0,4
62900,Paris,Caesar,DJEMBES,SEASHELLS,13460.0,5
63000,Caesar,Paris,DJEMBES,SEASHELLS,13461.0,5
63500,Paris,Caesar,DJEMBES,SEASHELLS,13460.0,4
63800,Paris,Caesar,DJEMBES,SEASHELLS,13460.0,4
64100,Caesar,Paris,DJEMBES,SEASHELLS,13458.0,5
64400,Paris,Caesar,DJEMBES,SEASHELLS,13460.0,4
64600,Caesar,Paris,DJEMBES,SEASHELLS,13456.0,5
65400,Caesar,Paris,DJEMBES,SEASHELLS,13454.0,4
67300,Caesar,Paris,DJEMBES,SEASHELLS,13456.0,5
68200,Caesar,Camilla,DJEMBES,SEASHELLS,13454.0,9
68600,Paris,Caesar,DJEMBES,SEASHELLS,13458.0,3
69100,Caesar,Paris,DJEMBES,SEASHELLS,13461.0,2
70300,Paris,Caesar,DJEMBES,SEASHELLS,13473.0,5
71700,Paris,Caesar,DJEMBES,SEASHELLS,13468.0,3
72000,Paris,Caesar,DJEMBES,SEASHELLS,13471.0,1
72600,Paris,Caesar,DJEMBES,SEASHELLS,13473.0,4
73800,Caesar,Paris,DJEMBES,SEASHELLS,13474.0,4
74000,Paris,Caesar,DJEMBES,SEASHELLS,13476.0,4
74400,Caesar,Paris,DJEMBES,SEASHELLS,13477.0,4
74900,Paris,Caesar,DJEMBES,SEASHELLS,13476.0,3
75700,Caesar,Paris,DJEMBES,SEASHELLS,13478.0,4
79100,Paris,Caesar,DJEMBES,SEASHELLS,13483.0,4
79600,Caesar,Paris,DJEMBES,SEASHELLS,13482.0,2
83200,Paris,Caesar,DJEMBES,SEASHELLS,13485.0,1
83800,Caesar,Paris,DJEMBES,SEASHELLS,13486.0,4
84300,Paris,Caesar,DJEMBES,SEASHELLS,13488.0,5
86800,Paris,Caesar,DJEMBES,SEASHELLS,13493.0,1
87000,Caesar,Paris,DJEMBES,SEASHELLS,13489.0,4
87100,Paris,Caesar,DJEMBES,SEASHELLS,13491.0,3
88000,Caesar,Camilla,DJEMBES,SEASHELLS,13494.0,5
88000,Paris,Caesar,DJEMBES,SEASHELLS,13496.0,1
88300,Paris,Caesar,DJEMBES,SEASHELLS,13493.0,1
89400,Caesar,Paris,DJEMBES,SEASHELLS,13490.0,3
89900,Paris,Caesar,DJEMBES,SEASHELLS,13491.0,3
90300,Caesar,Paris,DJEMBES,SEASHELLS,13492.0,2
90700,Caesar,Paris,DJEMBES,SEASHELLS,13488.0,2
91700,Paris,Caesar,DJEMBES,SEASHELLS,13492.0,4
92500,Paris,Caesar,DJEMBES,SEASHELLS,13496.0,1
93600,Paris,Caesar,DJEMBES,SEASHELLS,13496.0,4
97200,Paris,Caesar,DJEMBES,SEASHELLS,13489.0,5
97500,Paris,Caesar,DJEMBES,SEASHELLS,13487.0,2
97800,Caesar,Paris,DJEMBES,SEASHELLS,13485.0,1
99100,Caesar,Paris,DJEMBES,SEASHELLS,13480.0,1
100800,Caesar,Paris,DJEMBES,SEASHELLS,13476.0,2
101200,Paris,Caesar,DJEMBES,SEASHELLS,13474.0,2
103400,Caesar,Paris,DJEMBES,SEASHELLS,13473.0,1
103500,Paris,Caesar,DJEMBES,SEASHELLS,13474.0,5
104500,Paris,Caesar,DJEMBES,SEASHELLS,13474.0,3
104700,Paris,Caesar,DJEMBES,SEASHELLS,13474.0,3
105700,Caesar,Camilla,DJEMBES,SEASHELLS,13469.0,5
107100,Caesar,Paris,DJEMBES,SEASHELLS,13473.0,4
108500,Paris,Caesar,DJEMBES,SEASHELLS,13467.0,1
109000,Caesar,Paris,DJEMBES,SEASHELLS,13464.0,1
109200,Caesar,Paris,DJEMBES,SEASHELLS,13465.0,1
109900,Paris,Caesar,DJEMBES,SEASHELLS,13465.0,2
112500,Paris,Caesar,DJEMBES,SEASHELLS,13469.0,3
114100,Caesar,Paris,DJEMBES,SEASHELLS,13468.0,1
114800,Caesar,Camilla,DJEMBES,SEASHELLS,13471.0,3
114900,Paris,Caesar,DJEMBES,SEASHELLS,13472.0,3
116100,Paris,Caesar,DJEMBES,SEASHELLS,13475.0,1
116400,Caesar,Paris,DJEMBES,SEASHELLS,13476.0,3
117700,Caesar,Paris,DJEMBES,SEASHELLS,13479.0,2
119100,Paris,Caesar,DJEMBES,SEASHELLS,13476.0,3
119200,Paris,Caesar,DJEMBES,SEASHELLS,13476.0,1
122500,Caesar,Paris,DJEMBES,SEASHELLS,13462.0,3
123400,Caesar,Paris,DJEMBES,SEASHELLS,13465.0,4
125600,Paris,Caesar,DJEMBES,SEASHELLS,13463.0,1
126900,Paris,Caesar,DJEMBES,SEASHELLS,13468.0,5
128100,Paris,Caesar,DJEMBES,SEASHELLS,13462.0,2
129200,Caesar,Paris,DJEMBES,SEASHELLS,13460.0,4
130500,Paris,Caesar,DJEMBES,SEASHELLS,13462.0,4
131300,Paris,Caesar,DJEMBES,SEASHELLS,13456.0,2
131500,Caesar,Paris,DJEMBES,SEASHELLS,13457.0,1
132100,Caesar,Paris,DJEMBES,SEASHELLS,13449.0,3
134500,Caesar,Paris,DJEMBES,SEASHELLS,13447.0,4
134800,Paris,Caesar,DJEMBES,SEASHELLS,13447.0,2
135000,Caesar,Paris,DJEMBES,SEASHELLS,13445.0,2
136700,Paris,Caesar,DJEMBES,SEASHELLS,13447.0,5
137500,Paris,Caesar,DJEMBES,SEASHELLS,13433.0,2
140600,Paris,Caesar,DJEMBES,SEASHELLS,13438.0,3
142500,Paris,Caesar,DJEMBES,SEASHELLS,13440.0,3
143100,Paris,Caesar,DJEMBES,SEASHELLS,13442.0,5
144000,Paris,Caesar,DJEMBES,SEASHELLS,13442.0,2
146900,Caesar,Paris,DJEMBES,SEASHELLS,13433.0,1
147100,Caesar,Paris,DJEMBES,SEASHELLS,13434.0,1
147300,Paris,Caesar,DJEMBES,SEASHELLS,13435.0,3
148000,Paris,Caesar,DJEMBES,SEASHELLS,13437.0,2
148300,Paris,Caesar,DJEMBES,SEASHELLS,13437.0,1
148700,Caesar,Paris,DJEMBES,SEASHELLS,13440.0,3
149900,Caesar,Paris,DJEMBES,SEASHELLS,13436.0,3
150900,Paris,Caesar,DJEMBES,SEASHELLS,13437.0,4
152300,Caesar,Paris,DJEMBES,SEASHELLS,13435.0,2
153500,Caesar,Paris,DJEMBES,SEASHELLS,13440.0,3
153800,Caesar,Paris,DJEMBES,SEASHELLS,13442.0,5
154200,Paris,Caesar,DJEMBES,SEASHELLS,13442.0,2
154800,Caesar,Paris,DJEMBES,SEASHELLS,13442.0,4
156400,Paris,Caesar,DJEMBES,SEASHELLS,13437.0,4
157000,Paris,Caesar,DJEMBES,SEASHELLS,13434.0,1
158000,Caesar,Paris,DJEMBES,SEASHELLS,13434.0,5
158300,Paris,Caesar,DJEMBES,SEASHELLS,13439.0,1
158700,Paris,Caesar,DJEMBES,SEASHELLS,13435.0,5
159000,Paris,Caesar,DJEMBES,SEASHELLS,13435.0,3
159900,Paris,Caesar,DJEMBES,SEASHELLS,13430.0,2
160300,Paris,Caesar,DJEMBES,SEASHELLS,13428.0,5
161400,Paris,Caesar,DJEMBES,SEASHELLS,13418.0,5
161600,Caesar,Paris,DJEMBES,SEASHELLS,13415.0,3
161800,Caesar,Paris,DJEMBES,SEASHELLS,13418.0,5
163400,Paris,Caesar,DJEMBES,SEASHELLS,13416.0,5
163500,Paris,Caesar,DJEMBES,SEASHELLS,13416.0,5
164000,Paris,Caesar,DJEMBES,SEASHELLS,13412.0,4
165600,Caesar,Paris,DJEMBES,SEASHELLS,13412.0,4
166600,Caesar,Paris,DJEMBES,SEASHELLS,13407.0,4
167300,Paris,Caesar,DJEMBES,SEASHELLS,13403.0,2
168300,Caesar,Paris,DJEMBES,SEASHELLS,13393.0,5
168600,Caesar,Camilla,DJEMBES,SEASHELLS,13392.0,3
168800,Caesar,Paris,DJEMBES,SEASHELLS,13392.0,2
169000,Caesar,Paris,DJEMBES,SEASHELLS,13391.0,2
169400,Caesar,Paris,DJEMBES,SEASHELLS,13385.0,5
170700,Caesar,Paris,DJEMBES,SEASHELLS,13388.0,2
170900,Paris,Caesar,DJEMBES,SEASHELLS,13389.0,2
171000,Paris,Caesar,DJEMBES,SEASHELLS,13388.0,3
171400,Caesar,Paris,DJEMBES,SEASHELLS,13385.0,4
173300,Caesar,Camilla,DJEMBES,SEASHELLS,13386.0,5
175300,Caesar,Paris,DJEMBES,SEASHELLS,13389.0,1
175500,Paris,Caesar,DJEMBES,SEASHELLS,13392.0,2
177200,Paris,Caesar,DJEMBES,SEASHELLS,13391.0,5
179200,Caesar,Paris,DJEMBES,SEASHELLS,13394.0,5
182500,Caesar,Paris,DJEMBES,SEASHELLS,13393.0,4
182700,Caesar,Camilla,DJEMBES,SEASHELLS,13390.0,4
183200,Paris,Caesar,DJEMBES,SEASHELLS,13391.0,5
184600,Paris,Caesar,DJEMBES,SEASHELLS,13376.0,2
184900,Paris,Caesar,DJEMBES,SEASHELLS,13375.0,3
186700,Paris,Caesar,DJEMBES,SEASHELLS,13380.0,5
188100,Caesar,Paris,DJEMBES,SEASHELLS,13377.0,1
189200,Caesar,Paris,DJEMBES,SEASHELLS,13378.0,5
190800,Caesar,Paris,DJEMBES,SEASHELLS,13375.0,3
191000,Paris,Caesar,DJEMBES,SEASHELLS,13378.0,4
195000,Caesar,Paris,DJEMBES,SEASHELLS,13386.0,4
196700,Caesar,Paris,DJEMBES,SEASHELLS,13381.0,1
197500,Paris,Caesar,DJEMBES,SEASHELLS,13385.0,3
197900,Paris,Caesar,DJEMBES,SEASHELLS,13386.0,5
198700,Caesar,Paris,DJEMBES,SEASHELLS,13386.0,3
200000,Caesar,Paris,DJEMBES,SEASHELLS,13378.0,5
200900,Caesar,Paris,DJEMBES,SEASHELLS,13377.0,2
202400,Paris,Caesar,DJEMBES,SEASHELLS,13375.0,4
203100,Caesar,Paris,DJEMBES,SEASHELLS,13373.0,1
204700,Caesar,Paris,DJEMBES,SEASHELLS,13373.0,3
205300,Caesar,Paris,DJEMBES,SEASHELLS,13374.0,5
205900,Caesar,Paris,DJEMBES,SEASHELLS,13377.0,5
206000,Caesar,Paris,DJEMBES,SEASHELLS,13376.0,1
207600,Paris,Caesar,DJEMBES,SEASHELLS,13375.0,3
209500,Caesar,Paris,DJEMBES,SEASHELLS,13375.0,3
209800,Paris,Caesar,DJEMBES,SEASHELLS,13379.0,2
211300,Caesar,Paris,DJEMBES,SEASHELLS,13375.0,5
212800,Caesar,Camilla,DJEMBES,SEASHELLS,13375.0,10
213300,Paris,Caesar,DJEMBES,SEASHELLS,13376.0,1
214300,Paris,Caesar,DJEMBES,SEASHELLS,13377.0,5
215100,Caesar,Paris,DJEMBES,SEASHELLS,13381.0,5
217500,Caesar,Paris,DJEMBES,SEASHELLS,13384.0,1
217800,Paris,Caesar,DJEMBES,SEASHELLS,13385.0,3
217900,Caesar,Paris,DJEMBES,SEASHELLS,13383.0,2
218000,Paris,Caesar,DJEMBES,SEASHELLS,13385.0,4
218900,Paris,Caesar,DJEMBES,SEASHELLS,13382.0,3
219500,Paris,Caesar,DJEMBES,SEASHELLS,13385.0,3
221300,Paris,Caesar,DJEMBES,SEASHELLS,13382.0,4
221600,Paris,Caesar,DJEMBES,SEASHELLS,13380.0,5
223600,Paris,Caesar,DJEMBES,SEASHELLS,13384.0,5
223700,Caesar,Camilla,DJEMBES,SEASHELLS,13383.0,6
225000,Caesar,Camilla,DJEMBES,SEASHELLS,13388.0,10
226900,Caesar,Paris,DJEMBES,SEASHELLS,13378.0,2
228400,Paris,Caesar,DJEMBES,SEASHELLS,13379.0,4
229000,Paris,Caesar,DJEMBES,SEASHELLS,13379.0,5
229500,Paris,Caesar,DJEMBES,SEASHELLS,13379.0,1
230300,Caesar,Paris,DJEMBES,SEASHELLS,13374.0,5
231100,Paris,Caesar,DJEMBES,SEASHELLS,13371.0,4
231800,Paris,Caesar,DJEMBES,SEASHELLS,13369.0,4
232100,Paris,Caesar,DJEMBES,SEASHELLS,13373.0,3
234600,Caesar,Paris,DJEMBES,SEASHELLS,13364.0,2
237200,Paris,Caesar,DJEMBES,SEASHELLS,13369.0,4
237300,Paris,Caesar,DJEMBES,SEASHELLS,13370.0,4
237900,Paris,Caesar,DJEMBES,SEASHELLS,13369.0,2
238000,Caesar,Paris,DJEMBES,SEASHELLS,13366.0,1
238400,Paris,Caesar,DJEMBES,SEASHELLS,13364.0,1
238600,Caesar,Camilla,DJEMBES,SEASHELLS,13360.0,3
240200,Caesar,Camilla,DJEMBES,SEASHELLS,13360.0,5
240700,Paris,Caesar,DJEMBES,SEASHELLS,13361.0,5
241100,Caesar,Paris,DJEMBES,SEASHELLS,13362.0,5
242000,Caesar,Paris,DJEMBES,SEASHELLS,13362.0,5
242600,Paris,Caesar,DJEMBES,SEASHELLS,13364.0,2
246300,Caesar,Camilla,DJEMBES,SEASHELLS,13362.0,8
246600,Caesar,Paris,DJEMBES,SEASHELLS,13362.0,5
250200,Paris,Caesar,DJEMBES,SEASHELLS,13359.0,1
253800,Paris,Caesar,DJEMBES,SEASHELLS,13357.0,2
258500,Paris,Caesar,DJEMBES,SEASHELLS,13361.0,3
258600,Caesar,Paris,DJEMBES,SEASHELLS,13361.0,2
260500,Paris,Caesar,DJEMBES,SEASHELLS,13357.0,2
262000,Caesar,Paris,DJEMBES,SEASHELLS,13353.0,2
262100,Caesar,Paris,DJEMBES,SEASHELLS,13353.0,2
265800,Paris,Caesar,DJEMBES,SEASHELLS,13351.0,5
266300,Caesar,Paris,DJEMBES,SEASHELLS,13350.0,4
266500,Caesar,Paris,DJEMBES,SEASHELLS,13349.0,1
266900,Caesar,Paris,DJEMBES,SEASHELLS,13350.0,5
267900,Paris,Caesar,DJEMBES,SEASHELLS,13345.0,4
269200,Paris,Caesar,DJEMBES,SEASHELLS,13346.0,5
269700,Caesar,Camilla,DJEMBES,SEASHELLS,13344.0,6
272500,Paris,Caesar,DJEMBES,SEASHELLS,13354.0,5
274500,Caesar,Paris,DJEMBES,SEASHELLS,13355.0,4
274800,Caesar,Paris,DJEMBES,SEASHELLS,13355.0,3
275000,Caesar,Camilla,DJEMBES,SEASHELLS,13355.0,8
275500,Caesar,Paris,DJEMBES,SEASHELLS,13357.0,1
275600,Caesar,Paris,DJEMBES,SEASHELLS,13356.0,2
276400,Paris,Caesar,DJEMBES,SEASHELLS,13353.0,2
277600,Caesar,Camilla,DJEMBES,SEASHELLS,13352.0,10
278500,Paris,Caesar,DJEMBES,SEASHELLS,13353.0,3
278800,Caesar,Paris,DJEMBES,SEASHELLS,13354.0,5
279300,Caesar,Camilla,DJEMBES,SEASHELLS,13355.0,4
279300,Paris,Caesar,DJEMBES,SEASHELLS,13356.0,3
281800,Paris,Caesar,DJEMBES,SEASHELLS,13361.0,2
282900,Paris,Caesar,DJEMBES,SEASHELLS,13355.0,2
283100,Caesar,Paris,DJEMBES,SEASHELLS,13355.0,4
283200,Paris,Caesar,DJEMBES,SEASHELLS,13358.0,5
284000,Caesar,Paris,DJEMBES,SEASHELLS,13356.0,3
284800,Caesar,Paris,DJEMBES,SEASHELLS,13355.0,3
285400,Caesar,Camilla,DJEMBES,SEASHELLS,13357.0,8
285400,Caesar,Paris,DJEMBES,SEASHELLS,13357.0,4
286600,Caesar,Camilla,DJEMBES,SEASHELLS,13353.0,9
286700,Caesar,Paris,DJEMBES,SEASHELLS,13353.0,4
286900,Caesar,Paris,DJEMBES,SEASHELLS,13352.0,2
287100,Paris,Caesar,DJEMBES,SEASHELLS,13353.0,2
287800,Caesar,Camilla,DJEMBES,SEASHELLS,13349.0,11
288600,Paris,Caesar,DJEMBES,SEASHELLS,13349.0,5
290300,Caesar,Paris,DJEMBES,SEASHELLS,13346.0,3
291200,Paris,Caesar,DJEMBES,SEASHELLS,13349.0,1
292000,Paris,Caesar,DJEMBES,SEASHELLS,13348.0,5
295400,Caesar,Paris,DJEMBES,SEASHELLS,13351.0,3
295900,Paris,Caesar,DJEMBES,SEASHELLS,13352.0,2
296400,Paris,Caesar,DJEMBES,SEASHELLS,13353.0,5
297800,Caesar,Paris,DJEMBES,SEASHELLS,13349.0,2
298800,Caesar,Paris,DJEMBES,SEASHELLS,13347.0,4
300400,Paris,Caesar,DJEMBES,SEASHELLS,13347.0,2
301000,Caesar,Camilla,DJEMBES,SEASHELLS,13346.0,10
301100,Caesar,Paris,DJEMBES,SEASHELLS,13346.0,5
301800,Caesar,Paris,DJEMBES,SEASHELLS,13346.0,1
303400,Caesar,Paris,DJEMBES,SEASHELLS,13346.0,1
303700,Caesar,Paris,DJEMBES,SEASHELLS,13346.0,2
305200,Paris,Caesar,DJEMBES,SEASHELLS,13346.0,5
306000,Caesar,Paris,DJEMBES,SEASHELLS,13343.0,5
307300,Caesar,Camilla,DJEMBES,SEASHELLS,13334.0,6
307400,Paris,Caesar,DJEMBES,SEASHELLS,13337.0,2
307600,Paris,Caesar,DJEMBES,SEASHELLS,13339.0,1
309100,Caesar,Camilla,DJEMBES,SEASHELLS,13343.0,4
309100,Paris,Caesar,DJEMBES,SEASHELLS,13344.0,2
310400,Paris,Caesar,DJEMBES,SEASHELLS,13342.0,1
310500,Caesar,Paris,DJEMBES,SEASHELLS,13340.0,1
311500,Paris,Caesar,DJEMBES,SEASHELLS,13345.0,3
311900,Paris,Caesar,DJEMBES,SEASHELLS,13347.0,4
313300,Paris,Caesar,DJEMBES,SEASHELLS,13346.0,4
314300,Paris,Caesar,DJEMBES,SEASHELLS,13346.0,1
315300,Caesar,Paris,DJEMBES,SEASHELLS,13344.0,2
315400,Caesar,Camilla,DJEMBES,SEASHELLS,13344.0,6
315600,Paris,Caesar,DJEMBES,SEASHELLS,13346.0,1
315800,Caesar,Paris,DJEMBES,SEASHELLS,13347.0,2
316300,Paris,Caesar,DJEMBES,SEASHELLS,13348.0,1
316800,Caesar,Paris,DJEMBES,SEASHELLS,13347.0,5
318200,Paris,Caesar,DJEMBES,SEASHELLS,13350.0,3
319000,Caesar,Paris,DJEMBES,SEASHELLS,13349.0,5
319300,Paris,Caesar,DJEMBES,SEASHELLS,13350.0,3
319800,Caesar,Paris,DJEMBES,SEASHELLS,13348.0,3
320200,Paris,Caesar,DJEMBES,SEASHELLS,13350.0,4
321200,Paris,Caesar,DJEMBES,SEASHELLS,13350.0,3
323000,Caesar,Paris,DJEMBES,SEASHELLS,13350.0,1
323500,Paris,Caesar,DJEMBES,SEASHELLS,13351.0,3
323800,Caesar,Paris,DJEMBES,SEASHELLS,13350.0,2
324300,Caesar,Paris,DJEMBES,SEASHELLS,13349.0,2
325200,Paris,Caesar,DJEMBES,SEASHELLS,13349.0,4
326300,Paris,Caesar,DJEMBES,SEASHELLS,13347.0,3
327700,Caesar,Paris,DJEMBES,SEASHELLS,13348.0,1
333600,Caesar,Paris,DJEMBES,SEASHELLS,13338.0,2
335100,Caesar,Paris,DJEMBES,SEASHELLS,13341.0,4
335900,Paris,Caesar,DJEMBES,SEASHELLS,13342.0,2
337300,Paris,Caesar,DJEMBES,SEASHELLS,13339.0,4
337800,Paris,Caesar,DJEMBES,SEASHELLS,13335.0,1
337900,Caesar,Camilla,DJEMBES,SEASHELLS,13335.0,11
340100,Paris,Caesar,DJEMBES,SEASHELLS,13339.0,4
342600,Caesar,Paris,DJEMBES,SEASHELLS,13335.0,4
343200,Caesar,Paris,DJEMBES,SEASHELLS,13336.0,2
343700,Caesar,Camilla,DJEMBES,SEASHELLS,13335.0,5
344400,Caesar,Paris,DJEMBES,SEASHELLS,13335.0,5
345000,Caesar,Camilla,DJEMBES,SEASHELLS,13335.0,11
345300,Paris,Caesar,DJEMBES,SEASHELLS,13335.0,4
349100,Caesar,Paris,DJEMBES,SEASHELLS,13337.0,5
349800,Caesar,Camilla,DJEMBES,SEASHELLS,13339.0,4
350400,Paris,Caesar,DJEMBES,SEASHELLS,13346.0,2
351100,Caesar,Paris,DJEMBES,SEASHELLS,13350.0,3
351700,Caesar,Paris,DJEMBES,SEASHELLS,13352.0,5
352400,Caesar,Camilla,DJEMBES,SEASHELLS,13353.0,3
353800,Caesar,Paris,DJEMBES,SEASHELLS,13355.0,4
357600,Caesar,Paris,DJEMBES,SEASHELLS,13345.0,3
358200,Paris,Caesar,DJEMBES,SEASHELLS,13347.0,5
358300,Caesar,Camilla,DJEMBES,SEASHELLS,13345.0,5
358600,Paris,Caesar,DJEMBES,SEASHELLS,13347.0,5
359300,Paris,Caesar,DJEMBES,SEASHELLS,13352.0,2
361700,Caesar,Paris,DJEMBES,SEASHELLS,13354.0,1
363200,Caesar,Paris,DJEMBES,SEASHELLS,13359.0,3
364000,Caesar,Paris,DJEMBES,SEASHELLS,13363.0,3
364300,Paris,Caesar,DJEMBES,SEASHELLS,13364.0,2
365100,Caesar,Paris,DJEMBES,SEASHELLS,13357.0,4
365600,Caesar,Paris,DJEMBES,SEASHELLS,13358.0,5
366000,Paris,Caesar,DJEMBES,SEASHELLS,13357.0,3
366100,Paris,Caesar,DJEMBES,SEASHELLS,13356.0,1
366400,Caesar,Paris,DJEMBES,SEASHELLS,13356.0,1
366600,Paris,Caesar,DJEMBES,SEASHELLS,13357.0,4
366900,Caesar,Camilla,DJEMBES,SEASHELLS,13353.0,10
367100,Paris,Caesar,DJEMBES,SEASHELLS,13354.0,1
368800,Caesar,Paris,DJEMBES,SEASHELLS,13353.0,2
369100,Caesar,Paris,DJEMBES,SEASHELLS,13353.0,4
369400,Paris,Caesar,DJEMBES,SEASHELLS,13359.0,2
370200,Caesar,Paris,DJEMBES,SEASHELLS,13355.0,5
370400,Caesar,Paris,DJEMBES,SEASHELLS,13355.0,3
373100,Caesar,Paris,DJEMBES,SEASHELLS,13347.0,3
373300,Caesar,Paris,DJEMBES,SEASHELLS,13348.0,2
375200,Paris,Caesar,DJEMBES,SEASHELLS,13352.0,3
375400,Paris,Caesar,DJEMBES,SEASHELLS,13351.0,5
376200,Caesar,Paris,DJEMBES,SEASHELLS,13348.0,5
378700,Caesar,Paris,DJEMBES,SEASHELLS,13356.0,4
378900,Paris,Caesar,DJEMBES,SEASHELLS,13358.0,5
379100,Caesar,Paris,DJEMBES,SEASHELLS,13356.0,1
380300,Paris,Caesar,DJEMBES,SEASHELLS,13365.0,4
381900,Paris,Caesar,DJEMBES,SEASHELLS,13368.0,5
382800,Caesar,Paris,DJEMBES,SEASHELLS,13364.0,2
383200,Caesar,Paris,DJEMBES,SEASHELLS,13365.0,5
383800,Caesar,Paris,DJEMBES,SEASHELLS,13364.0,2
386000,Paris,Caesar,DJEMBES,SEASHELLS,13369.0,3
395000,Paris,Caesar,DJEMBES,SEASHELLS,13372.0,5
396600,Paris,Caesar,DJEMBES,SEASHELLS,13377.0,2
397800,Caesar,Paris,DJEMBES,SEASHELLS,13374.0,3
397900,Paris,Caesar,DJEMBES,SEASHELLS,13377.0,3
399600,Caesar,Camilla,DJEMBES,SEASHELLS,13375.0,10
400300,Paris,Caesar,DJEMBES,SEASHELLS,13377.0,3
400400,Paris,Caesar,DJEMBES,SEASHELLS,13377.0,2
401900,Caesar,Paris,DJEMBES,SEASHELLS,13372.0,1
403700,Caesar,Paris,DJEMBES,SEASHELLS,13375.0,5
404600,Caesar,Paris,DJEMBES,SEASHELLS,13380.0,4
405800,Caesar,Paris,DJEMBES,SEASHELLS,13388.0,3
406700,Caesar,Paris,DJEMBES,SEASHELLS,13394.0,5
407300,Caesar,Paris,DJEMBES,SEASHELLS,13392.0,3
408600,Paris,Caesar,DJEMBES,SEASHELLS,13391.0,4
408800,Paris,Caesar,DJEMBES,SEASHELLS,13393.0,5
410900,Paris,Caesar,DJEMBES,SEASHELLS,13397.0,5
412900,Caesar,Paris,DJEMBES,SEASHELLS,13381.0,2
414500,Paris,Caesar,DJEMBES,SEASHELLS,13391.0,1
417500,Paris,Caesar,DJEMBES,SEASHELLS,13385.0,5
420100,Paris,Caesar,DJEMBES,SEASHELLS,13373.0,3
420400,Caesar,Camilla,DJEMBES,SEASHELLS,13369.0,5
421300,Caesar,Paris,DJEMBES,SEASHELLS,13370.0,5
422600,Paris,Caesar,DJEMBES,SEASHELLS,13371.0,2
423300,Paris,Caesar,DJEMBES,SEASHELLS,13370.0,1
424100,Paris,Caesar,DJEMBES,SEASHELLS,13374.0,4
424700,Caesar,Paris,DJEMBES,SEASHELLS,13369.0,5
425900,Paris,Caesar,DJEMBES,SEASHELLS,13369.0,5
426400,Caesar,Paris,DJEMBES,SEASHELLS,13364.0,2
427400,Caesar,Paris,DJEMBES,SEASHELLS,13364.0,5
427700,Caesar,Paris,DJEMBES,SEASHELLS,13365.0,2
427900,Caesar,Paris,DJEMBES,SEASHELLS,13366.0,4
429000,Paris,Caesar,DJEMBES,SEASHELLS,13366.0,1
429600,Caesar,Paris,DJEMBES,SEASHELLS,13364.0,1
431200,Paris,Caesar,DJEMBES,SEASHELLS,13363.0,5
431300,Paris,Caesar,DJEMBES,SEASHELLS,13361.0,3
431800,Paris,Caesar,DJEMBES,SEASHELLS,13361.0,4
432700,Caesar,Paris,DJEMBES,SEASHELLS,13360.0,3
433200,Caesar,Paris,DJEMBES,SEASHELLS,13358.0,2
434000,Paris,Caesar,DJEMBES,SEASHELLS,13358.0,4
434300,Paris,Caesar,DJEMBES,SEASHELLS,13357.0,3
434600,Caesar,Paris,DJEMBES,SEASHELLS,13356.0,3
435100,Paris,Caesar,DJEMBES,SEASHELLS,13357.0,4
435500,Paris,Caesar,DJEMBES,SEASHELLS,13357.0,1
435900,Caesar,Paris,DJEMBES,SEASHELLS,13355.0,2
436000,Paris,Caesar,DJEMBES,SEASHELLS,13357.0,4
436900,Caesar,Paris,DJEMBES,SEASHELLS,13351.0,2
438100,Caesar,Paris,DJEMBES,SEASHELLS,13354.0,5
439100,Caesar,Paris,DJEMBES,SEASHELLS,13351.0,2
439800,Caesar,Paris,DJEMBES,SEASHELLS,13351.0,1
440100,Paris,Caesar,DJEMBES,SEASHELLS,13353.0,2
441600,Paris,Caesar,DJEMBES,SEASHELLS,13349.0,3
444000,Caesar,Camilla,DJEMBES,SEASHELLS,13345.0,8
445300,Caesar,Paris,DJEMBES,SEASHELLS,13350.0,2
447000,Caesar,Paris,DJEMBES,SEASHELLS,13350.0,2
448000,Caesar,Paris,DJEMBES,SEASHELLS,13347.0,4
448700,Paris,Caesar,DJEMBES,SEASHELLS,13347.0,2
449800,Caesar,Camilla,DJEMBES,SEASHELLS,13346.0,9
450300,Caesar,Camilla,DJEMBES,SEASHELLS,13345.0,6
450800,Paris,Caesar,DJEMBES,SEASHELLS,13345.0,2
452000,Paris,Caesar,DJEMBES,SEASHELLS,13345.0,3
453700,Paris,Caesar,DJEMBES,SEASHELLS,13349.0,1
454700,Caesar,Paris,DJEMBES,SEASHELLS,13350.0,3
455200,Paris,Caesar,DJEMBES,SEASHELLS,13349.0,2
455700,Paris,Caesar,DJEMBES,SEASHELLS,13349.0,5
456200,Paris,Caesar,DJEMBES,SEASHELLS,13347.0,1
457000,Caesar,Paris,DJEMBES,SEASHELLS,13348.0,1
458700,Caesar,Paris,DJEMBES,SEASHELLS,13350.0,2
459200,Caesar,Paris,DJEMBES,SEASHELLS,13349.0,2
460100,Paris,Caesar,DJEMBES,SEASHELLS,13355.0,1
460800,Paris,Caesar,DJEMBES,SEASHELLS,13351.0,3
462700,Paris,Caesar,DJEMBES,SEASHELLS,13344.0,3
463700,Caesar,Paris,DJEMBES,SEASHELLS,13344.0,1
463800,Paris,Caesar,DJEMBES,SEASHELLS,13345.0,2
464000,Caesar,Paris,DJEMBES,SEASHELLS,13344.0,1
464100,Caesar,Paris,DJEMBES,SEASHELLS,13343.0,2
465600,Caesar,Paris,DJEMBES,SEASHELLS,13343.0,5
466400,Paris,Caesar,DJEMBES,SEASHELLS,13343.0,1
466800,Caesar,Paris,DJEMBES,SEASHELLS,13343.0,4
467200,Paris,Caesar,DJEMBES,SEASHELLS,13343.0,2
467400,Paris,Caesar,DJEMBES,SEASHELLS,13343.0,4
467700,Caesar,Paris,DJEMBES,SEASHELLS,13342.0,4
468700,Caesar,Camilla,DJEMBES,SEASHELLS,13339.0,10
469500,Caesar,Paris,DJEMBES,SEASHELLS,13344.0,4
472300,Caesar,Paris,DJEMBES,SEASHELLS,13337.0,5
473300,Paris,Caesar,DJEMBES,SEASHELLS,13329.0,3
475100,Caesar,Paris,DJEMBES,SEASHELLS,13325.0,5
475600,Caesar,Paris,DJEMBES,SEASHELLS,13324.0,3
476900,Caesar,Paris,DJEMBES,SEASHELLS,13323.0,4
477100,Caesar,Paris,DJEMBES,SEASHELLS,13323.0,5
477400,Caesar,Camilla,DJEMBES,SEASHELLS,13322.0,9
477600,Caesar,Paris,DJEMBES,SEASHELLS,13320.0,1
478900,Caesar,Paris,DJEMBES,SEASHELLS,13323.0,2
479500,Caesar,Paris,DJEMBES,SEASHELLS,13322.0,1
481700,Caesar,Paris,DJEMBES,SEASHELLS,13316.0,2
483300,Caesar,Paris,DJEMBES,SEASHELLS,13306.0,1
483500,Caesar,Paris,DJEMBES,SEASHELLS,13307.0,3
484000,Caesar,Paris,DJEMBES,SEASHELLS,13308.0,2
486100,Paris,Caesar,DJEMBES,SEASHELLS,13311.0,3
486300,Paris,Caesar,DJEMBES,SEASHELLS,13310.0,5
487100,Paris,Caesar,DJEMBES,SEASHELLS,13308.0,2
487400,Caesar,Paris,DJEMBES,SEASHELLS,13309.0,5
487500,Caesar,Camilla,DJEMBES,SEASHELLS,13310.0,5
487500,Paris,Caesar,DJEMBES,SEASHELLS,13311.0,4
490500,Paris,Caesar,DJEMBES,SEASHELLS,13308.0,4
491400,Caesar,Paris,DJEMBES,SEASHELLS,13309.0,5
493300,Paris,Caesar,DJEMBES,SEASHELLS,13311.0,4
493400,Paris,Caesar,DJEMBES,SEASHELLS,13312.0,2
495000,Paris,Caesar,DJEMBES,SEASHELLS,13306.0,1
495400,Paris,Caesar,DJEMBES,SEASHELLS,13309.0,2
496300,Paris,Caesar,DJEMBES,SEASHELLS,13306.0,3
496500,Caesar,Camilla,DJEMBES,SEASHELLS,13304.0,4
496800,Paris,Caesar,DJEMBES,SEASHELLS,13308.0,4
497700,Caesar,Camilla,DJEMBES,SEASHELLS,13306.0,11
499000,Caesar,Camilla,DJEMBES,SEASHELLS,13310.0,9
500800,Caesar,Paris,DJEMBES,SEASHELLS,13302.0,2
502300,Paris,Caesar,DJEMBES,SEASHELLS,13303.0,2
503100,Paris,Caesar,DJEMBES,SEASHELLS,13303.0,1
504000,Paris,Caesar,DJEMBES,SEASHELLS,13302.0,2
504900,Paris,Caesar,DJEMBES,SEASHELLS,13302.0,4
505500,Caesar,Paris,DJEMBES,SEASHELLS,13300.0,3
505600,Caesar,Paris,DJEMBES,SEASHELLS,13300.0,4
506700,Paris,Caesar,DJEMBES,SEASHELLS,13303.0,3
508100,Caesar,Camilla,DJEMBES,SEASHELLS,13297.0,3
509300,Paris,Caesar,DJEMBES,SEASHELLS,13296.0,2
509700,Paris,Caesar,DJEMBES,SEASHELLS,13295.0,5
517700,Caesar,Paris,DJEMBES,SEASHELLS,13301.0,1
518100,Caesar,Paris,DJEMBES,SEASHELLS,13298.0,5
518400,Caesar,Camilla,DJEMBES,SEASHELLS,13299.0,3
518400,Caesar,Paris,DJEMBES,SEASHELLS,13299.0,4
520000,Caesar,Paris,DJEMBES,SEASHELLS,13300.0,1
521100,Paris,Caesar,DJEMBES,SEASHELLS,13304.0,3
521900,Paris,Caesar,DJEMBES,SEASHELLS,13307.0,2
525100,Paris,Caesar,DJEMBES,SEASHELLS,13309.0,2
526500,Paris,Caesar,DJEMBES,SEASHELLS,13311.0,3
526700,Paris,Caesar,DJEMBES,SEASHELLS,13310.0,3
527800,Paris,Caesar,DJEMBES,SEASHELLS,13308.0,4
530500,Caesar,Camilla,DJEMBES,SEASHELLS,13305.0,8
530500,Caesar,Paris,DJEMBES,SEASHELLS,13305.0,4
530800,Caesar,Paris,DJEMBES,SEASHELLS,13304.0,5
533800,Paris,Caesar,DJEMBES,SEASHELLS,13305.0,5
535000,Paris,Caesar,DJEMBES,SEASHELLS,13306.0,4
535300,Caesar,Camilla,DJEMBES,SEASHELLS,13305.0,3
535400,Caesar,Paris,DJEMBES,SEASHELLS,13305.0,5
536100,Caesar,Camilla,DJEMBES,SEASHELLS,13305.0,5
537900,Caesar,Paris,DJEMBES,SEASHELLS,13303.0,5
539200,Caesar,Paris,DJEMBES,SEASHELLS,13300.0,3
539500,Paris,Caesar,DJEMBES,SEASHELLS,13301.0,4
540600,Paris,Caesar,DJEMBES,SEASHELLS,13299.0,4
541700,Paris,Caesar,DJEMBES,SEASHELLS,13295.0,1
542400,Caesar,Paris,DJEMBES,SEASHELLS,13295.0,1
544400,Paris,Caesar,DJEMBES,SEASHELLS,13298.0,4
544700,Paris,Caesar,DJEMBES,SEASHELLS,13300.0,1
544900,Caesar,Paris,DJEMBES,SEASHELLS,13299.0,2
546000,Paris,Caesar,DJEMBES,SEASHELLS,13300.0,2
546900,Paris,Caesar,DJEMBES,SEASHELLS,13301.0,2
550900,Caesar,Paris,DJEMBES,SEASHELLS,13296.0,4
551300,Caesar,Paris,DJEMBES,SEASHELLS,13296.0,3
553500,Paris,Caesar,DJEMBES,SEASHELLS,13302.0,1
557100,Caesar,Paris,DJEMBES,SEASHELLS,13301.0,5
558100,Paris,Caesar,DJEMBES,SEASHELLS,13304.0,5
558300,Paris,Caesar,DJEMBES,SEASHELLS,13304.0,2
558600,Caesar,Paris,DJEMBES,SEASHELLS,13303.0,2
558700,Caesar,Paris,DJEMBES,SEASHELLS,13303.0,1
558800,Paris,Caesar,DJEMBES,SEASHELLS,13303.0,5
559100,Caesar,Paris,DJEMBES,SEASHELLS,13301.0,2
564400,Caesar,Paris,DJEMBES,SEASHELLS,13306.0,3
564800,Paris,Caesar,DJEMBES,SEASHELLS,13310.0,5
565500,Caesar,Paris,DJEMBES,SEASHELLS,13309.0,3
565700,Paris,Caesar,DJEMBES,SEASHELLS,13311.0,4
567500,Paris,Caesar,DJEMBES,SEASHELLS,13311.0,3
568400,Caesar,Paris,DJEMBES,SEASHELLS,13311.0,4
568600,Caesar,Paris,DJEMBES,SEASHELLS,13311.0,1
569000,Caesar,Paris,DJEMBES,SEASHELLS,13310.0,5
569100,Caesar,Camilla,DJEMBES,SEASHELLS,13310.0,3
571300,Caesar,Paris,DJEMBES,SEASHELLS,13313.0,1
571900,Caesar,Paris,DJEMBES,SEASHELLS,13312.0,2
573000,Paris,Caesar,DJEMBES,SEASHELLS,13310.0,1
573500,Paris,Caesar,DJEMBES,SEASHELLS,13310.0,1
574500,Paris,Caesar,DJEMBES,SEASHELLS,13312.0,4
575100,Paris,Caesar,DJEMBES,SEASHELLS,13310.0,2
575300,Caesar,Paris,DJEMBES,SEASHELLS,13309.0,1
576300,Paris,Caesar,DJEMBES,SEASHELLS,13310.0,1
576800,Caesar,Paris,DJEMBES,SEASHELLS,13308.0,3
577200,Paris,Caesar,DJEMBES,SEASHELLS,13309.0,5
577400,Paris,Caesar,DJEMBES,SEASHELLS,13309.0,2
578200,Caesar,Paris,DJEMBES,SEASHELLS,13301.0,4
578900,Paris,Caesar,DJEMBES,SEASHELLS,13300.0,2
579100,Caesar,Paris,DJEMBES,SEASHELLS,13300.0,3
580200,Paris,Caesar,DJEMBES,SEASHELLS,13300.0,5
580500,Caesar,Paris,DJEMBES,SEASHELLS,13298.0,1
580900,Paris,Caesar,DJEMBES,SEASHELLS,13296.0,3
582500,Paris,Caesar,DJEMBES,SEASHELLS,13297.0,5
582900,Caesar,Paris,DJEMBES,SEASHELLS,13294.0,1
584800,Paris,Caesar,DJEMBES,SEASHELLS,13301.0,3
585600,Caesar,Camilla,DJEMBES,SEASHELLS,13300.0,10
585700,Caesar,Camilla,DJEMBES,SEASHELLS,13300.0,4
586000,Caesar,Paris,DJEMBES,SEASHELLS,13301.0,3
588500,Caesar,Paris,DJEMBES,SEASHELLS,13300.0,1
588900,Paris,Caesar,DJEMBES,SEASHELLS,13301.0,1
590000,Caesar,Paris,DJEMBES,SEASHELLS,13301.0,4
591500,Paris,Caesar,DJEMBES,SEASHELLS,13299.0,3
592600,Paris,Caesar,DJEMBES,SEASHELLS,13298.0,4
592900,Caesar,Paris,DJEMBES,SEASHELLS,13298.0,2
594800,Caesar,Camilla,DJEMBES,SEASHELLS,13301.0,3
595600,Paris,Caesar,DJEMBES,SEASHELLS,13302.0,3
598300,Paris,Caesar,DJEMBES,SEASHELLS,13305.0,4
598800,Caesar,Paris,DJEMBES,SEASHELLS,13300.0,4
599400,Paris,Caesar,DJEMBES,SEASHELLS,13301.0,1
600400,Paris,Caesar,DJEMBES,SEASHELLS,13301.0,1
602100,Caesar,Camilla,DJEMBES,SEASHELLS,13300.0,4
602200,Paris,Caesar,DJEMBES,SEASHELLS,13301.0,4
602600,Paris,Caesar,DJEMBES,SEASHELLS,13301.0,3
603200,Caesar,Paris,DJEMBES,SEASHELLS,13297.0,4
604900,Caesar,Paris,DJEMBES,SEASHELLS,13299.0,3
605100,Caesar,Paris,DJEMBES,SEASHELLS,13300.0,1
605800,Caesar,Paris,DJEMBES,SEASHELLS,13300.0,1
605900,Caesar,Paris,DJEMBES,SEASHELLS,13300.0,4
606700,Paris,Caesar,DJEMBES,SEASHELLS,13300.0,3
608700,Caesar,Paris,DJEMBES,SEASHELLS,13297.0,5
609500,Paris,Caesar,DJEMBES,SEASHELLS,13296.0,1
610200,Caesar,Paris,DJEMBES,SEASHELLS,13293.0,5
610500,Paris,Caesar,DJEMBES,SEASHELLS,13296.0,1
612000,Paris,Caesar,DJEMBES,SEASHELLS,13299.0,4
614100,Paris,Caesar,DJEMBES,SEASHELLS,13298.0,3
614600,Caesar,Camilla,DJEMBES,SEASHELLS,13297.0,4
615300,Caesar,Paris,DJEMBES,SEASHELLS,13296.0,4
616400,Caesar,Camilla,DJEMBES,SEASHELLS,13298.0,5
617400,Caesar,Paris,DJEMBES,SEASHELLS,13296.0,3
617900,Caesar,Paris,DJEMBES,SEASHELLS,13292.0,1
618400,Caesar,Paris,DJEMBES,SEASHELLS,13289.0,5
620600,Caesar,Paris,DJEMBES,SEASHELLS,13280.0,4
622200,Paris,Caesar,DJEMBES,SEASHELLS,13279.0,2
623000,Caesar,Paris,DJEMBES,SEASHELLS,13275.0,3
623100,Caesar,Paris,DJEMBES,SEASHELLS,13274.0,5
623300,Caesar,Paris,DJEMBES,SEASHELLS,13275.0,1
624200,Caesar,Camilla,DJEMBES,SEASHELLS,13266.0,8
625500,Paris,Caesar,DJEMBES,SEASHELLS,13267.0,3
627700,Caesar,Camilla,DJEMBES,SEASHELLS,13275.0,7
628700,Paris,Caesar,DJEMBES,SEASHELLS,13279.0,2
629000,Caesar,Paris,DJEMBES,SEASHELLS,13280.0,2
629400,Paris,Caesar,DJEMBES,SEASHELLS,13281.0,2
629600,Paris,Caesar,DJEMBES,SEASHELLS,13282.0,2
631300,Caesar,Camilla,DJEMBES,SEASHELLS,13284.0,8
631500,Caesar,Paris,DJEMBES,SEASHELLS,13284.0,1
632100,Caesar,Paris,DJEMBES,SEASHELLS,13285.0,5
636900,Paris,Caesar,DJEMBES,SEASHELLS,13301.0,2
637000,Caesar,Paris,DJEMBES,SEASHELLS,13300.0,3
637800,Paris,Caesar,DJEMBES,SEASHELLS,13301.0,2
638000,Caesar,Paris,DJEMBES,SEASHELLS,13299.0,1
639300,Caesar,Paris,DJEMBES,SEASHELLS,13299.0,5
641700,Caesar,Camilla,DJEMBES,SEASHELLS,13299.0,4
641700,Paris,Caesar,DJEMBES,SEASHELLS,13300.0,3
641800,Caesar,Camilla,DJEMBES,SEASHELLS,13300.0,7
642300,Paris,Caesar,DJEMBES,SEASHELLS,13300.0,2
644400,Caesar,Paris,DJEMBES,SEASHELLS,13298.0,1
645300,Paris,Caesar,DJEMBES,SEASHELLS,13302.0,4
646200,Paris,Caesar,DJEMBES,SEASHELLS,13303.0,1
647100,Caesar,Paris,DJEMBES,SEASHELLS,13299.0,5
648000,Paris,Caesar,DJEMBES,SEASHELLS,13303.0,1
648300,Caesar,Camilla,DJEMBES,SEASHELLS,13302.0,4
648900,Paris,Caesar,DJEMBES,SEASHELLS,13298.0,2
653100,Caesar,Paris,DJEMBES,SEASHELLS,13292.0,4
653400,Caesar,Paris,DJEMBES,SEASHELLS,13291.0,5
653700,Paris,Caesar,DJEMBES,SEASHELLS,13292.0,5
656000,Paris,Caesar,DJEMBES,SEASHELLS,13292.0,3
656400,Caesar,Paris,DJEMBES,SEASHELLS,13291.0,5
657000,Caesar,Paris,DJEMBES,SEASHELLS,13288.0,3
661000,Caesar,Paris,DJEMBES,SEASHELLS,13283.0,4
661800,Caesar,Camilla,DJEMBES,SEASHELLS,13283.0,9
663000,Caesar,Paris,DJEMBES,SEASHELLS,13284.0,2
663400,Caesar,Paris,DJEMBES,SEASHELLS,13285.0,3
663600,Paris,Caesar,DJEMBES,SEASHELLS,13287.0,1
663900,Caesar,Paris,DJEMBES,SEASHELLS,13286.0,2
665400,Caesar,Paris,DJEMBES,SEASHELLS,13282.0,3
665700,Paris,Caesar,DJEMBES,SEASHELLS,13281.0,2
666500,Paris,Caesar,DJEMBES,SEASHELLS,13285.0,3
667100,Paris,Caesar,DJEMBES,SEASHELLS,13285.0,1
667200,Caesar,Paris,DJEMBES,SEASHELLS,13285.0,4
667700,Caesar,Camilla,DJEMBES,SEASHELLS,13289.0,7
668100,Caesar,Paris,DJEMBES,SEASHELLS,13288.0,4
669300,Caesar,Camilla,DJEMBES,SEASHELLS,13288.0,7
669300,Paris,Caesar,DJEMBES,SEASHELLS,13289.0,3
669400,Paris,Caesar,DJEMBES,SEASHELLS,13290.0,5
672100,Paris,Caesar,DJEMBES,SEASHELLS,13288.0,4
673400,Caesar,Paris,DJEMBES,SEASHELLS,13291.0,1
673600,Caesar,Paris,DJEMBES,SEASHELLS,13293.0,2
674500,Caesar,Paris,DJEMBES,SEASHELLS,13292.0,5
675000,Caesar,Paris,DJEMBES,SEASHELLS,13294.0,1
675600,Caesar,Paris,DJEMBES,SEASHELLS,13294.0,2
675700,Caesar,Camilla,DJEMBES,SEASHELLS,13294.0,7
675900,Caesar,Paris,DJEMBES,SEASHELLS,13295.0,5
676200,Paris,Caesar,DJEMBES,SEASHELLS,13297.0,5
676900,Caesar,Paris,DJEMBES,SEASHELLS,13299.0,2
677600,Paris,Caesar,DJEMBES,SEASHELLS,13300.0,4
677900,Caesar,Paris,DJEMBES,SEASHELLS,13299.0,3
680800,Paris,Caesar,DJEMBES,SEASHELLS,13299.0,3
684200,Caesar,Paris,DJEMBES,SEASHELLS,13305.0,4
686300,Caesar,Camilla,DJEMBES,SEASHELLS,13302.0,3
686600,Caesar,Camilla,DJEMBES,SEASHELLS,13298.0,4
687200,Caesar,Paris,DJEMBES,SEASHELLS,13300.0,2
688600,Caesar,Paris,DJEMBES,SEASHELLS,13301.0,2
689600,Paris,Caesar,DJEMBES,SEASHELLS,13306.0,4
691000,Caesar,Camilla,DJEMBES,SEASHELLS,13299.0,3
692800,Paris,Caesar,DJEMBES,SEASHELLS,13306.0,4
693000,Paris,Caesar,DJEMBES,SEASHELLS,13305.0,3
693100,Caesar,Paris,DJEMBES,SEASHELLS,13304.0,1
693400,Caesar,Paris,DJEMBES,SEASHELLS,13304.0,4
693600,Paris,Caesar,DJEMBES,SEASHELLS,13305.0,5
697400,Caesar,Paris,DJEMBES,SEASHELLS,13293.0,5
697900,Paris,Caesar,DJEMBES,SEASHELLS,13293.0,5
700200,Caesar,Camilla,DJEMBES,SEASHELLS,13288.0,5
701200,Paris,Caesar,DJEMBES,SEASHELLS,13291.0,5
702400,Caesar,Paris,DJEMBES,SEASHELLS,13289.0,2
705000,Paris,Caesar,DJEMBES,SEASHELLS,13283.0,5
705300,Paris,Caesar,DJEMBES,SEASHELLS,13281.0,2
705400,Paris,Caesar,DJEMBES,SEASHELLS,13281.0,2
705500,Paris,Caesar,DJEMBES,SEASHELLS,13280.0,5
706300,Caesar,Paris,DJEMBES,SEASHELLS,13277.0,4
707000,Caesar,Paris,DJEMBES,SEASHELLS,13276.0,4
707100,Caesar,Camilla,DJEMBES,SEASHELLS,13277.0,3
707900,Paris,Caesar,DJEMBES,SEASHELLS,13284.0,4
708800,Caesar,Paris,DJEMBES,SEASHELLS,13283.0,4
710300,Paris,Caesar,DJEMBES,SEASHELLS,13282.0,2
710700,Paris,Caesar,DJEMBES,SEASHELLS,13282.0,1
712700,Paris,Caesar,DJEMBES,SEASHELLS,13279.0,3
713400,Paris,Caesar,DJEMBES,SEASHELLS,13279.0,3
713500,Caesar,Camilla,DJEMBES,SEASHELLS,13277.0,8
715000,Caesar,Paris,DJEMBES,SEASHELLS,13279.0,1
715300,Caesar,Paris,DJEMBES,SEASHELLS,13278.0,1
717000,Caesar,Paris,DJEMBES,SEASHELLS,13278.0,5
717500,Paris,Caesar,DJEMBES,SEASHELLS,13280.0,2
718500,Paris,Caesar,DJEMBES,SEASHELLS,13278.0,3
720500,Caesar,Paris,DJEMBES,SEASHELLS,13276.0,4
721800,Caesar,Camilla,DJEMBES,SEASHELLS,13274.0,3
721900,Paris,Caesar,DJEMBES,SEASHELLS,13275.0,4
722000,Caesar,Paris,DJEMBES,SEASHELLS,13275.0,5
722500,Paris,Caesar,DJEMBES,SEASHELLS,13279.0,3
723200,Paris,Caesar,DJEMBES,SEASHELLS,13281.0,4
723600,Paris,Caesar,DJEMBES,SEASHELLS,13282.0,3
723700,Caesar,Paris,DJEMBES,SEASHELLS,13282.0,5
723800,Paris,Caesar,DJEMBES,SEASHELLS,13284.0,3
725100,Paris,Caesar,DJEMBES,SEASHELLS,13286.0,5
725200,Paris,Caesar,DJEMBES,SEASHELLS,13286.0,4
727600,Paris,Caesar,DJEMBES,SEASHELLS,13281.0,2
728100,Caesar,Paris,DJEMBES,SEASHELLS,13280.0,5
728700,Caesar,Paris,DJEMBES,SEASHELLS,13279.0,1
729600,Caesar,Paris,DJEMBES,SEASHELLS,13281.0,2
729700,Paris,Caesar,DJEMBES,SEASHELLS,13283.0,2
730700,Caesar,Camilla,DJEMBES,SEASHELLS,13284.0,4
731500,Caesar,Paris,DJEMBES,SEASHELLS,13285.0,4
733500,Paris,Caesar,DJEMBES,SEASHELLS,13288.0,5
734000,Caesar,Paris,DJEMBES,SEASHELLS,13286.0,5
734300,Caesar,Paris,DJEMBES,SEASHELLS,13287.0,5
734900,Caesar,Paris,DJEMBES,SEASHELLS,13286.0,1
735100,Caesar,Paris,DJEMBES,SEASHELLS,13284.0,2
735200,Caesar,Paris,DJEMBES,SEASHELLS,13284.0,4
736100,Caesar,Camilla,DJEMBES,SEASHELLS,13283.0,4
736100,Caesar,Paris,DJEMBES,SEASHELLS,13283.0,3
736400,Caesar,Paris,DJEMBES,SEASHELLS,13283.0,1
738600,Paris,Caesar,DJEMBES,SEASHELLS,13284.0,1
739100,Paris,Caesar,DJEMBES,SEASHELLS,13283.0,2
739500,Caesar,Paris,DJEMBES,SEASHELLS,13279.0,3
741300,Caesar,Paris,DJEMBES,SEASHELLS,13278.0,2
741400,Caesar,Camilla,DJEMBES,SEASHELLS,13278.0,5
747000,Paris,Caesar,DJEMBES,SEASHELLS,13277.0,2
747400,Paris,Caesar,DJEMBES,SEASHELLS,13277.0,1
748000,Caesar,Paris,DJEMBES,SEASHELLS,13275.0,4
750100,Paris,Caesar,DJEMBES,SEASHELLS,13276.0,2
750400,Paris,Caesar,DJEMBES,SEASHELLS,13278.0,1
750900,Caesar,Paris,DJEMBES,SEASHELLS,13279.0,3
753500,Caesar,Paris,DJEMBES,SEASHELLS,13279.0,1
754300,Caesar,Paris,DJEMBES,SEASHELLS,13278.0,4
755200,Caesar,Paris,DJEMBES,SEASHELLS,13276.0,4
755300,Paris,Caesar,DJEMBES,SEASHELLS,13278.0,1
756100,Caesar,Paris,DJEMBES,SEASHELLS,13276.0,4
756700,Caesar,Paris,DJEMBES,SEASHELLS,13276.0,3
757600,Caesar,Camilla,DJEMBES,SEASHELLS,13277.0,11
758100,Caesar,Paris,DJEMBES,SEASHELLS,13278.0,5
759400,Caesar,Paris,DJEMBES,SEASHELLS,13277.0,3
759700,Caesar,Paris,DJEMBES,SEASHELLS,13274.0,4
760200,Paris,Caesar,DJEMBES,SEASHELLS,13276.0,1
760800,Paris,Caesar,DJEMBES,SEASHELLS,13273.0,4
761200,Paris,Caesar,DJEMBES,SEASHELLS,13273.0,4
761300,Paris,Caesar,DJEMBES,SEASHELLS,13273.0,5
763300,Paris,Caesar,DJEMBES,SEASHELLS,13280.0,3
763600,Caesar,Paris,DJEMBES,SEASHELLS,13280.0,4
763800,Caesar,Paris,DJEMBES,SEASHELLS,13281.0,2
765000,Caesar,Paris,DJEMBES,SEASHELLS,13278.0,3
766600,Caesar,Camilla,DJEMBES,SEASHELLS,13278.0,11
769000,Caesar,Paris,DJEMBES,SEASHELLS,13278.0,2
769200,Paris,Caesar,DJEMBES,SEASHELLS,13280.0,1
770600,Caesar,Camilla,DJEMBES,SEASHELLS,13277.0,3
770700,Caesar,Paris,DJEMBES,SEASHELLS,13277.0,5
772000,Paris,Caesar,DJEMBES,SEASHELLS,13280.0,3
772400,Paris,Caesar,DJEMBES,SEASHELLS,13280.0,4
772900,Paris,Caesar,DJEMBES,SEASHELLS,13280.0,4
773700,Paris,Caesar,DJEMBES,SEASHELLS,13282.0,1
774400,Paris,Caesar,DJEMBES,SEASHELLS,13282.0,1
774800,Paris,Caesar,DJEMBES,SEASHELLS,13282.0,5
775000,Paris,Caesar,DJEMBES,SEASHELLS,13284.0,2
775300,Paris,Caesar,DJEMBES,SEASHELLS,13284.0,4
777400,Paris,Caesar,DJEMBES,SEASHELLS,13291.0,3
778000,Paris,Caesar,DJEMBES,SEASHELLS,13291.0,3
778200,Caesar,Paris,DJEMBES,SEASHELLS,13290.0,5
779400,Paris,Caesar,DJEMBES,SEASHELLS,13288.0,1
780800,Paris,Caesar,DJEMBES,SEASHELLS,13284.0,3
782200,Caesar,Paris,DJEMBES,SEASHELLS,13280.0,3
783700,Paris,Caesar,DJEMBES,SEASHELLS,13283.0,3
784200,Paris,Caesar,DJEMBES,SEASHELLS,13289.0,3
787600,Paris,Caesar,DJEMBES,SEASHELLS,13295.0,3
788000,Caesar,Paris,DJEMBES,SEASHELLS,13294.0,5
788600,Paris,Caesar,DJEMBES,SEASHELLS,13294.0,1
789900,Paris,Caesar,DJEMBES,SEASHELLS,13292.0,1
790100,Paris,Caesar,DJEMBES,SEASHELLS,13292.0,2
793400,Caesar,Paris,DJEMBES,SEASHELLS,13295.0,3
794200,Paris,Caesar,DJEMBES,SEASHELLS,13298.0,2
794700,Paris,Caesar,DJEMBES,SEASHELLS,13297.0,2
795900,Paris,Caesar,DJEMBES,SEASHELLS,13298.0,4
796800,Caesar,Paris,DJEMBES,SEASHELLS,13300.0,5
797800,Paris,Caesar,DJEMBES,SEASHELLS,13303.0,3
798300,Paris,Caesar,DJEMBES,SEASHELLS,13302.0,2
802000,Caesar,Paris,DJEMBES,SEASHELLS,13302.0,2
803600,Caesar,Paris,DJEMBES,SEASHELLS,13299.0,2
803700,Paris,Caesar,DJEMBES,SEASHELLS,13300.0,1
805400,Caesar,Paris,DJEMBES,SEASHELLS,13296.0,2
806200,Caesar,Paris,DJEMBES,SEASHELLS,13298.0,3
807700,Caesar,Paris,DJEMBES,SEASHELLS,13296.0,2
808700,Caesar,Camilla,DJEMBES,SEASHELLS,13294.0,5
808700,Paris,Caesar,DJEMBES,SEASHELLS,13295.0,5
809700,Caesar,Camilla,DJEMBES,SEASHELLS,13294.0,7
809800,Paris,Caesar,DJEMBES,SEASHELLS,13294.0,1
810100,Paris,Caesar,DJEMBES,SEASHELLS,13294.0,3
810600,Caesar,Paris,DJEMBES,SEASHELLS,13292.0,4
811800,Caesar,Paris,DJEMBES,SEASHELLS,13292.0,4
812400,Caesar,Paris,DJEMBES,SEASHELLS,13294.0,3
813300,Caesar,Camilla,DJEMBES,SEASHELLS,13293.0,4
813600,Paris,Caesar,DJEMBES,SEASHELLS,13293.0,4
818500,Caesar,Camilla,DJEMBES,SEASHELLS,13287.0,10
818600,Paris,Caesar,DJEMBES,SEASHELLS,13288.0,5
820800,Caesar,Paris,DJEMBES,SEASHELLS,13288.0,2
821200,Paris,Caesar,DJEMBES,SEASHELLS,13291.0,4
821500,Paris,Caesar,DJEMBES,SEASHELLS,13291.0,3
821800,Caesar,Paris,DJEMBES,SEASHELLS,13291.0,1
822000,Caesar,Camilla,DJEMBES,SEASHELLS,13291.0,3
822000,Caesar,Paris,DJEMBES,SEASHELLS,13291.0,3
822300,Caesar,Camilla,DJEMBES,SEASHELLS,13290.0,4
823700,Paris,Caesar,DJEMBES,SEASHELLS,13293.0,5
824800,Paris,Caesar,DJEMBES,SEASHELLS,13293.0,4
826900,Caesar,Paris,DJEMBES,SEASHELLS,13293.0,2
828500,Paris,Caesar,DJEMBES,SEASHELLS,13297.0,2
829200,Paris,Caesar,DJEMBES,SEASHELLS,13295.0,2
831200,Caesar,Paris,DJEMBES,SEASHELLS,13294.0,1
831500,Caesar,Camilla,DJEMBES,SEASHELLS,13293.0,10
833500,Paris,Caesar,DJEMBES,SEASHELLS,13293.0,1
835300,Paris,Caesar,DJEMBES,SEASHELLS,13298.0,5
839200,Caesar,Paris,DJEMBES,SEASHELLS,13290.0,3
841400,Caesar,Paris,DJEMBES,SEASHELLS,13287.0,1
842000,Caesar,Paris,DJEMBES,SEASHELLS,13287.0,3
842100,Caesar,Paris,DJEMBES,SEASHELLS,13287.0,5
842800,Caesar,Paris,DJEMBES,SEASHELLS,13287.0,2
844600,Paris,Caesar,DJEMBES,SEASHELLS,13285.0,2
845500,Caesar,Paris,DJEMBES,SEASHELLS,13293.0,2
847100,Caesar,Paris,DJEMBES,SEASHELLS,13291.0,4
848300,Caesar,Paris,DJEMBES,SEASHELLS,13291.0,4
851200,Paris,Caesar,DJEMBES,SEASHELLS,13290.0,4
851300,Paris,Caesar,DJEMBES,SEASHELLS,13290.0,5
851600,Paris,Caesar,DJEMBES,SEASHELLS,13290.0,3
851900,Caesar,Paris,DJEMBES,SEASHELLS,13289.0,3
852100,Paris,Caesar,DJEMBES,SEASHELLS,13290.0,4
854300,Caesar,Paris,DJEMBES,SEASHELLS,13285.0,4
854600,Paris,Caesar,DJEMBES,SEASHELLS,13284.0,4
857400,Caesar,Camilla,DJEMBES,SEASHELLS,13281.0,9
858000,Paris,Caesar,DJEMBES,SEASHELLS,13284.0,5
860000,Caesar,Camilla,DJEMBES,SEASHELLS,13279.0,6
862300,Paris,Caesar,DJEMBES,SEASHELLS,13285.0,4
863000,Caesar,Paris,DJEMBES,SEASHELLS,13284.0,5
864600,Caesar,Paris,DJEMBES,SEASHELLS,13287.0,4
865000,Caesar,Paris,DJEMBES,SEASHELLS,13287.0,5
865100,Caesar,Paris,DJEMBES,SEASHELLS,13288.0,4
865700,Paris,Caesar,DJEMBES,SEASHELLS,13288.0,4
867800,Caesar,Paris,DJEMBES,SEASHELLS,13291.0,5
868800,Paris,Caesar,DJEMBES,SEASHELLS,13291.0,4
869400,Caesar,Camilla,DJEMBES,SEASHELLS,13287.0,9
870600,Paris,Caesar,DJEMBES,SEASHELLS,13286.0,3
872600,Paris,Caesar,DJEMBES,SEASHELLS,13291.0,1
872700,Paris,Caesar,DJEMBES,SEASHELLS,13291.0,5
873500,Paris,Caesar,DJEMBES,SEASHELLS,13291.0,5
873800,Caesar,Camilla,DJEMBES,SEASHELLS,13289.0,4
875200,Paris,Caesar,DJEMBES,SEASHELLS,13290.0,2
875300,Paris,Caesar,DJEMBES,SEASHELLS,13291.0,3
875600,Paris,Caesar,DJEMBES,SEASHELLS,13288.0,4
876000,Paris,Caesar,DJEMBES,SEASHELLS,13288.0,2
881200,Caesar,Camilla,DJEMBES,SEASHELLS,13297.0,9
881500,Caesar,Paris,DJEMBES,SEASHELLS,13296.0,3
881600,Paris,Caesar,DJEMBES,SEASHELLS,13297.0,2
883000,Caesar,Camilla,DJEMBES,SEASHELLS,13298.0,10
883800,Paris,Caesar,DJEMBES,SEASHELLS,13299.0,3
884000,Paris,Caesar,DJEMBES,SEASHELLS,13299.0,3
884900,Caesar,Paris,DJEMBES,SEASHELLS,13293.0,4
885000,Paris,Caesar,DJEMBES,SEASHELLS,13293.0,4
886800,Caesar,Paris,DJEMBES,SEASHELLS,13290.0,4
887800,Paris,Caesar,DJEMBES,SEASHELLS,13297.0,2
889700,Caesar,Camilla,DJEMBES,SEASHELLS,13301.0,6
892600,Caesar,Paris,DJEMBES,SEASHELLS,13297.0,1
893300,Paris,Caesar,DJEMBES,SEASHELLS,13298.0,1
893700,Caesar,Paris,DJEMBES,SEASHELLS,13296.0,1
894700,Caesar,Camilla,DJEMBES,SEASHELLS,13297.0,4
896000,Caesar,Paris,DJEMBES,SEASHELLS,13295.0,5
896700,Paris,Caesar,DJEMBES,SEASHELLS,13299.0,1
898100,Caesar,Camilla,DJEMBES,SEASHELLS,13294.0,11
898400,Paris,Caesar,DJEMBES,SEASHELLS,13296.0,4
898800,Caesar,Paris,DJEMBES,SEASHELLS,13296.0,2
899400,Caesar,Paris,DJEMBES,SEASHELLS,13292.0,3
900400,Paris,Caesar,DJEMBES,SEASHELLS,13294.0,4
901800,Paris,Caesar,DJEMBES,SEASHELLS,13299.0,3
902200,Paris,Caesar,DJEMBES,SEASHELLS,13299.0,2
905200,Caesar,Camilla,DJEMBES,SEASHELLS,13300.0,8
905200,Paris,Caesar,DJEMBES,SEASHELLS,13301.0,5
905700,Caesar,Paris,DJEMBES,SEASHELLS,13301.0,5
907400,Caesar,Paris,DJEMBES,SEASHELLS,13302.0,1
907800,Paris,Caesar,DJEMBES,SEASHELLS,13304.0,2
908100,Caesar,Paris,DJEMBES,SEASHELLS,13303.0,4
909700,Caesar,Paris,DJEMBES,SEASHELLS,13307.0,5
909800,Paris,Caesar,DJEMBES,SEASHELLS,13308.0,5
910500,Paris,Caesar,DJEMBES,SEASHELLS,13311.0,4
912800,Paris,Caesar,DJEMBES,SEASHELLS,13307.0,3
912900,Paris,Caesar,DJEMBES,SEASHELLS,13307.0,1
913100,Caesar,Paris,DJEMBES,SEASHELLS,13306.0,2
913200,Caesar,Paris,DJEMBES,SEASHELLS,13306.0,5
913300,Paris,Caesar,DJEMBES,SEASHELLS,13307.0,3
916700,Paris,Caesar,DJEMBES,SEASHELLS,13300.0,5
920200,Paris,Caesar,DJEMBES,SEASHELLS,13304.0,3
921000,Paris,Caesar,DJEMBES,SEASHELLS,13299.0,3
922700,Caesar,Camilla,DJEMBES,SEASHELLS,13296.0,8
923500,Caesar,Paris,DJEMBES,SEASHELLS,13296.0,5
925900,Paris,Caesar,DJEMBES,SEASHELLS,13292.0,5
926100,Caesar,Paris,DJEMBES,SEASHELLS,13291.0,1
926500,Paris,Caesar,DJEMBES,SEASHELLS,13291.0,1
926800,Caesar,Paris,DJEMBES,SEASHELLS,13289.0,4
927200,Paris,Caesar,DJEMBES,SEASHELLS,13288.0,4
927900,Caesar,Paris,DJEMBES,SEASHELLS,13282.0,4
929100,Paris,Caesar,DJEMBES,SEASHELLS,13279.0,1
929400,Caesar,Paris,DJEMBES,SEASHELLS,13278.0,1
929700,Caesar,Paris,DJEMBES,SEASHELLS,13277.0,2
932400,Caesar,Paris,DJEMBES,SEASHELLS,13275.0,5
932500,Caesar,Paris,DJEMBES,SEASHELLS,13274.0,3
932600,Paris,Caesar,DJEMBES,SEASHELLS,13274.0,5
933200,Paris,Caesar,DJEMBES,SEASHELLS,13272.0,4
933900,Paris,Caesar,DJEMBES,SEASHELLS,13273.0,2
934300,Caesar,Paris,DJEMBES,SEASHELLS,13271.0,5
935500,Caesar,Paris,DJEMBES,SEASHELLS,13274.0,4
935700,Caesar,Paris,DJEMBES,SEASHELLS,13274.0,2
937500,Paris,Caesar,DJEMBES,SEASHELLS,13279.0,4
938400,Caesar,Camilla,DJEMBES,SEASHELLS,13278.0,8
940300,Caesar,Camilla,DJEMBES,SEASHELLS,13280.0,6
940500,Caesar,Paris,DJEMBES,SEASHELLS,13278.0,2
941800,Caesar,Paris,DJEMBES,SEASHELLS,13276.0,4
942200,Paris,Caesar,DJEMBES,SEASHELLS,13277.0,2
942600,Caesar,Paris,DJEMBES,SEASHELLS,13275.0,2
944000,Caesar,Paris,DJEMBES,SEASHELLS,13276.0,2
944100,Paris,Caesar,DJEMBES,SEASHELLS,13277.0,2
945300,Caesar,Camilla,DJEMBES,SEASHELLS,13276.0,11
945700,Caesar,Paris,DJEMBES,SEASHELLS,13276.0,5
946100,Paris,Caesar,DJEMBES,SEASHELLS,13277.0,4
948800,Paris,Caesar,DJEMBES,SEASHELLS,13279.0,2
949500,Paris,Caesar,DJEMBES,SEASHELLS,13278.0,3
950500,Caesar,Camilla,DJEMBES,SEASHELLS,13279.0,3
950700,Paris,Caesar,DJEMBES,SEASHELLS,13280.0,1
951000,Caesar,Camilla,DJEMBES,SEASHELLS,13278.0,6
951300,Caesar,Paris,DJEMBES,SEASHELLS,13281.0,3
951400,Caesar,Paris,DJEMBES,SEASHELLS,13280.0,5
951500,Caesar,Camilla,DJEMBES,SEASHELLS,13280.0,8
951500,Paris,Caesar,DJEMBES,SEASHELLS,13281.0,4
954000,Caesar,Paris,DJEMBES,SEASHELLS,13274.0,2
954300,Paris,Caesar,DJEMBES,SEASHELLS,13276.0,1
955600,Paris,Caesar,DJEMBES,SEASHELLS,13276.0,5
956600,Paris,Caesar,DJEMBES,SEASHELLS,13276.0,5
957400,Caesar,Paris,DJEMBES,SEASHELLS,13277.0,3
960200,Caesar,Paris,DJEMBES,SEASHELLS,13276.0,1
960300,Paris,Caesar,DJEMBES,SEASHELLS,13278.0,3
961700,Paris,Caesar,DJEMBES,SEASHELLS,13280.0,3
964800,Caesar,Paris,DJEMBES,SEASHELLS,13288.0,1
965000,Caesar,Paris,DJEMBES,SEASHELLS,13287.0,4
965600,Paris,Caesar,DJEMBES,SEASHELLS,13286.0,4
965800,Caesar,Paris,DJEMBES,SEASHELLS,13285.0,2
965900,Caesar,Paris,DJEMBES,SEASHELLS,13285.0,3
967000,Caesar,Paris,DJEMBES,SEASHELLS,13282.0,1
969400,Caesar,Camilla,DJEMBES,SEASHELLS,13288.0,4
970100,Paris,Caesar,DJEMBES,SEASHELLS,13287.0,4
970400,Caesar,Paris,DJEMBES,SEASHELLS,13286.0,2
971000,Paris,Caesar,DJEMBES,SEASHELLS,13288.0,1
971200,Caesar,Camilla,DJEMBES,SEASHELLS,13287.0,9
971900,Paris,Caesar,DJEMBES,SEASHELLS,13288.0,4
972800,Caesar,Paris,DJEMBES,SEASHELLS,13286.0,2
973600,Paris,Caesar,DJEMBES,SEASHELLS,13293.0,2
974600,Caesar,Paris,DJEMBES,SEASHELLS,13289.0,2
975700,Caesar,Paris,DJEMBES,SEASHELLS,13292.0,4
975800,Paris,Caesar,DJEMBES,SEASHELLS,13294.0,1
976900,Paris,Caesar,DJEMBES,SEASHELLS,13291.0,4
977300,Paris,Caesar,DJEMBES,SEASHELLS,13290.0,3
980400,Caesar,Camilla,DJEMBES,SEASHELLS,13291.0,11
982500,Caesar,Paris,DJEMBES,SEASHELLS,13291.0,5
986000,Paris,Caesar,DJEMBES,SEASHELLS,13295.0,5
986800,Paris,Caesar,DJEMBES,SEASHELLS,13299.0,5
988100,Paris,Caesar,DJEMBES,SEASHELLS,13297.0,1
988600,Paris,Caesar,DJEMBES,SEASHELLS,13295.0,4
988900,Paris,Caesar,DJEMBES,SEASHELLS,13295.0,4
989300,Paris,Caesar,DJEMBES,SEASHELLS,13295.0,2
991100,Caesar,Paris,DJEMBES,SEASHELLS,13298.0,5
991600,Paris,Caesar,DJEMBES,SEASHELLS,13301.0,4
991800,Paris,Caesar,DJEMBES,SEASHELLS,13301.0,5
992700,Paris,Caesar,DJEMBES,SEASHELLS,13298.0,2
993100,Caesar,Paris,DJEMBES,SEASHELLS,13295.0,3
993600,Paris,Caesar,DJEMBES,SEASHELLS,13297.0,1
995000,Paris,Caesar,DJEMBES,SEASHELLS,13293.0,4
996500,Paris,Caesar,DJEMBES,SEASHELLS,13292.0,1
996900,Caesar,Paris,DJEMBES,SEASHELLS,13294.0,5
997600,Paris,Caesar,DJEMBES,SEASHELLS,13294.0,2
998900,Caesar,Paris,DJEMBES,SEASHELLS,13294.0,5
1000200,Paris,Caesar,DJEMBES,SEASHELLS,13298.0,2
1002500,Paris,Caesar,DJEMBES,SEASHELLS,13299.0,5
1003300,Paris,Caesar,DJEMBES,SEASHELLS,13300.0,4
1006700,Caesar,Paris,DJEMBES,SEASHELLS,13298.0,4
1007800,Paris,Caesar,DJEMBES,SEASHELLS,13290.0,4
1008600,Caesar,Paris,DJEMBES,SEASHELLS,13295.0,2
1009900,Caesar,Paris,DJEMBES,SEASHELLS,13295.0,1
1012100,Paris,Caesar,DJEMBES,SEASHELLS,13301.0,1
1013000,Paris,Caesar,DJEMBES,SEASHELLS,13301.0,5
1013800,Caesar,Camilla,DJEMBES,SEASHELLS,13300.0,10
1014200,Paris,Caesar,DJEMBES,SEASHELLS,13302.0,2
1014400,Caesar,Paris,DJEMBES,SEASHELLS,13301.0,2
1017000,Paris,Caesar,DJEMBES,SEASHELLS,13307.0,2
1018400,Caesar,Camilla,DJEMBES,SEASHELLS,13303.0,7
1021800,Paris,Caesar,DJEMBES,SEASHELLS,13305.0,5
1023500,Caesar,Paris,DJEMBES,SEASHELLS,13301.0,4
1023700,Paris,Caesar,DJEMBES,SEASHELLS,13303.0,3
1028600,Caesar,Paris,DJEMBES,SEASHELLS,13302.0,3
1029600,Paris,Caesar,DJEMBES,SEASHELLS,13298.0,2
1030600,Paris,Caesar,DJEMBES,SEASHELLS,13293.0,2
1030900,Paris,Caesar,DJEMBES,SEASHELLS,13294.0,5
1031000,Caesar,Paris,DJEMBES,SEASHELLS,13292.0,1
1031400,Caesar,Paris,DJEMBES,SEASHELLS,13293.0,1
1032300,Paris,Caesar,DJEMBES,SEASHELLS,13293.0,2
1033600,Caesar,Paris,DJEMBES,SEASHELLS,13293.0,1
1033800,Caesar,Paris,DJEMBES,SEASHELLS,13292.0,2
1034400,Paris,Caesar,DJEMBES,SEASHELLS,13293.0,4
1035100,Paris,Caesar,DJEMBES,SEASHELLS,13293.0,1
1037000,Caesar,Paris,DJEMBES,SEASHELLS,13292.0,5
1037800,Caesar,Paris,DJEMBES,SEASHELLS,13291.0,2
1038400,Caesar,Paris,DJEMBES,SEASHELLS,13290.0,4
1039500,Caesar,Paris,DJEMBES,SEASHELLS,13289.0,3
1042400,Caesar,Paris,DJEMBES,SEASHELLS,13286.0,2
1042600,Paris,Caesar,DJEMBES,SEASHELLS,13289.0,3
1044400,Paris,Caesar,DJEMBES,SEASHELLS,13292.0,3
1044600,Caesar,Camilla,DJEMBES,SEASHELLS,13291.0,3
1044800,Paris,Caesar,DJEMBES,SEASHELLS,13293.0,5
1046200,Caesar,Paris,DJEMBES,SEASHELLS,13291.0,2
1046600,Paris,Caesar,DJEMBES,SEASHELLS,13292.0,4
1048400,Caesar,Paris,DJEMBES,SEASHELLS,13294.0,2
1051100,Caesar,Camilla,DJEMBES,SEASHELLS,13292.0,4
1051400,Paris,Caesar,DJEMBES,SEASHELLS,13294.0,2
1054000,Caesar,Paris,DJEMBES,SEASHELLS,13294.0,1
1055000,Caesar,Paris,DJEMBES,SEASHELLS,13294.0,4
1056000,Caesar,Paris,DJEMBES,SEASHELLS,13288.0,1
1056600,Paris,Caesar,DJEMBES,SEASHELLS,13290.0,1
1057000,Paris,Caesar,DJEMBES,SEASHELLS,13289.0,2
1062000,Paris,Caesar,DJEMBES,SEASHELLS,13289.0,5
1062500,Caesar,Paris,DJEMBES,SEASHELLS,13287.0,3
1062800,Caesar,Paris,DJEMBES,SEASHELLS,13288.0,2
1063800,Caesar,Paris,DJEMBES,SEASHELLS,13287.0,1
1064400,Paris,Caesar,DJEMBES,SEASHELLS,13289.0,2
1065500,Caesar,Paris,DJEMBES,SEASHELLS,13289.0,2
1065800,Caesar,Paris,DJEMBES,SEASHELLS,13290.0,4
1066800,Caesar,Paris,DJEMBES,SEASHELLS,13290.0,3
1067100,Caesar,Paris,DJEMBES,SEASHELLS,13290.0,3
1067300,Paris,Caesar,DJEMBES,SEASHELLS,13291.0,1
1067900,Caesar,Paris,DJEMBES,SEASHELLS,13291.0,5
1068500,Caesar,Paris,DJEMBES,SEASHELLS,13291.0,5
1069300,Caesar,Camilla,DJEMBES,SEASHELLS,13293.0,11
1069900,Paris,Caesar,DJEMBES,SEASHELLS,13296.0,1
1070000,Caesar,Camilla,DJEMBES,SEASHELLS,13294.0,7
1070900,Caesar,Paris,DJEMBES,SEASHELLS,13293.0,1
1073300,Paris,Caesar,DJEMBES,SEASHELLS,13291.0,4
1076900,Caesar,Paris,DJEMBES,SEASHELLS,13292.0,2
1079400,Paris,Caesar,DJEMBES,SEASHELLS,13295.0,3
1079600,Caesar,Camilla,DJEMBES,SEASHELLS,13295.0,5
1080000,Paris,Caesar,DJEMBES,SEASHELLS,13294.0,5
1080400,Caesar,Paris,DJEMBES,SEASHELLS,13293.0,3
1081300,Paris,Caesar,DJEMBES,SEASHELLS,13292.0,3
1082100,Caesar,Paris,DJEMBES,SEASHELLS,13292.0,5
1082700,Caesar,Camilla,DJEMBES,SEASHELLS,13292.0,4
1083500,Caesar,Paris,DJEMBES,SEASHELLS,13295.0,5
1084000,Paris,Caesar,DJEMBES,SEASHELLS,13296.0,1
1084500,Caesar,Paris,DJEMBES,SEASHELLS,13295.0,4
1084700,Paris,Caesar,DJEMBES,SEASHELLS,13297.0,3
1086300,Caesar,Paris,DJEMBES,SEASHELLS,13293.0,1
1087400,Caesar,Paris,DJEMBES,SEASHELLS,13289.0,1
1088500,Paris,Caesar,DJEMBES,SEASHELLS,13286.0,1
1088600,Paris,Caesar,DJEMBES,SEASHELLS,13286.0,2
1088700,Paris,Caesar,DJEMBES,SEASHELLS,13287.0,1
1089500,Caesar,Paris,DJEMBES,SEASHELLS,13284.0,1
1089700,Caesar,Paris,DJEMBES,SEASHELLS,13284.0,5
1090700,Paris,Caesar,DJEMBES,SEASHELLS,13291.0,2
1091100,Paris,Caesar,DJEMBES,SEASHELLS,13288.0,2
1091600,Caesar,Paris,DJEMBES,SEASHELLS,13288.0,5
1092600,Caesar,Camilla,DJEMBES,SEASHELLS,13287.0,4
1092600,Caesar,Paris,DJEMBES,SEASHELLS,13287.0,1
1092800,Paris,Caesar,DJEMBES,SEASHELLS,13289.0,1
1093200,Caesar,Paris,DJEMBES,SEASHELLS,13287.0,3
1093300,Caesar,Paris,DJEMBES,SEASHELLS,13287.0,2
1093900,Paris,Caesar,DJEMBES,SEASHELLS,13290.0,4
1095400,Paris,Caesar,DJEMBES,SEASHELLS,13283.0,4
1097600,Caesar,Camilla,DJEMBES,SEASHELLS,13291.0,4
1097800,Caesar,Paris,DJEMBES,SEASHELLS,13291.0,1
1098100,Caesar,Camilla,DJEMBES,SEASHELLS,13291.0,7
1098400,Caesar,Camilla,DJEMBES,SEASHELLS,13291.0,5
1099500,Paris,Caesar,DJEMBES,SEASHELLS,13293.0,2
1101500,Caesar,Paris,DJEMBES,SEASHELLS,13288.0,4
1102800,Paris,Caesar,DJEMBES,SEASHELLS,13289.0,3
1103000,Caesar,Paris,DJEMBES,SEASHELLS,13288.0,2
1103600,Caesar,Paris,DJEMBES,SEASHELLS,13287.0,4
1104600,Paris,Caesar,DJEMBES,SEASHELLS,13290.0,4
1105000,Caesar,Paris,DJEMBES,SEASHELLS,13288.0,4
1105500,Paris,Caesar,DJEMBES,SEASHELLS,13289.0,1
1106400,Paris,Caesar,DJEMBES,SEASHELLS,13290.0,5
1106900,Caesar,Paris,DJEMBES,SEASHELLS,13288.0,5
1109500,Caesar,Paris,DJEMBES,SEASHELLS,13289.0,1
1109800,Caesar,Paris,DJEMBES,SEASHELLS,13290.0,3
1110800,Paris,Caesar,DJEMBES,SEASHELLS,13293.0,3
1111300,Paris,Caesar,DJEMBES,SEASHELLS,13293.0,5
1112400,Paris,Caesar,DJEMBES,SEASHELLS,13292.0,4
1113300,Caesar,Camilla,DJEMBES,SEASHELLS,13293.0,11
1113300,Paris,Caesar,DJEMBES,SEASHELLS,13295.0,4
1115400,Caesar,Camilla,DJEMBES,SEASHELLS,13291.0,5
1115400,Caesar,Paris,DJEMBES,SEASHELLS,13291.0,4
1116200,Paris,Caesar,DJEMBES,SEASHELLS,13290.0,1
1116500,Caesar,Paris,DJEMBES,SEASHELLS,13288.0,2
1120000,Caesar,Paris,DJEMBES,SEASHELLS,13292.0,1
1120200,Paris,Caesar,DJEMBES,SEASHELLS,13293.0,5
1121100,Paris,Caesar,DJEMBES,SEASHELLS,13294.0,1
1121300,Paris,Caesar,DJEMBES,SEASHELLS,13294.0,4
1122000,Caesar,Paris,DJEMBES,SEASHELLS,13292.0,4
1122100,Caesar,Paris,DJEMBES,SEASHELLS,13292.0,5
1122300,Paris,Caesar,DJEMBES,SEASHELLS,13292.0,2
1123000,Paris,Caesar,DJEMBES,SEASHELLS,13294.0,1
1124100,Paris,Caesar,DJEMBES,SEASHELLS,13294.0,5
1125900,Paris,Caesar,DJEMBES,SEASHELLS,13290.0,3
1126500,Caesar,Paris,DJEMBES,SEASHELLS,13287.0,1
1128000,Caesar,Paris,DJEMBES,SEASHELLS,13287.0,5
1128900,Paris,Caesar,DJEMBES,SEASHELLS,13288.0,1
1129000,Paris,Caesar,DJEMBES,SEASHELLS,13288.0,5
1129600,Caesar,Paris,DJEMBES,SEASHELLS,13286.0,1
1130600,Paris,Caesar,DJEMBES,SEASHELLS,13289.0,3
1132800,Paris,Caesar,DJEMBES,SEASHELLS,13289.0,2
1134100,Paris,Caesar,DJEMBES,SEASHELLS,13291.0,1
1134900,Paris,Caesar,DJEMBES,SEASHELLS,13292.0,3
1135900,Caesar,Paris,DJEMBES,SEASHELLS,13292.0,3
1136200,Paris,Caesar,DJEMBES,SEASHELLS,13293.0,5
1136600,Caesar,Paris,DJEMBES,SEASHELLS,13292.0,5
1137100,Caesar,Paris,DJEMBES,SEASHELLS,13293.0,2
1138000,Paris,Caesar,DJEMBES,SEASHELLS,13295.0,5
1138300,Paris,Caesar,DJEMBES,SEASHELLS,13295.0,3
1138800,Caesar,Paris,DJEMBES,SEASHELLS,13289.0,5
1140900,Paris,Caesar,DJEMBES,SEASHELLS,13291.0,5
1141000,Paris,Caesar,DJEMBES,SEASHELLS,13290.0,5
1142900,Caesar,Paris,DJEMBES,SEASHELLS,13289.0,3
1143100,Caesar,Paris,DJEMBES,SEASHELLS,13288.0,1
1143200,Paris,Caesar,DJEMBES,SEASHELLS,13290.0,2
1144400,Caesar,Paris,DJEMBES,SEASHELLS,13293.0,1
1144500,Caesar,Camilla,DJEMBES,SEASHELLS,13292.0,3
1145200,Paris,Caesar,DJEMBES,SEASHELLS,13293.0,3
1145400,Paris,Caesar,DJEMBES,SEASHELLS,13293.0,2
1145700,Paris,Caesar,DJEMBES,SEASHELLS,13294.0,2
1146800,Caesar,Paris,DJEMBES,SEASHELLS,13289.0,3
1149100,Caesar,Paris,DJEMBES,SEASHELLS,13290.0,2
1149400,Caesar,Camilla,DJEMBES,SEASHELLS,13290.0,11
1149900,Paris,Caesar,DJEMBES,SEASHELLS,13292.0,3
1150300,Caesar,Paris,DJEMBES,SEASHELLS,13290.0,1
1151100,Paris,Caesar,DJEMBES,SEASHELLS,13292.0,2
1153700,Caesar,Paris,DJEMBES,SEASHELLS,13294.0,3
1155000,Caesar,Paris,DJEMBES,SEASHELLS,13297.0,5
1156600,Paris,Caesar,DJEMBES,SEASHELLS,13297.0,2
1157600,Paris,Caesar,DJEMBES,SEASHELLS,13297.0,3
1158400,Paris,Caesar,DJEMBES,SEASHELLS,13297.0,1
1159000,Paris,Caesar,DJEMBES,SEASHELLS,13297.0,3
1160200,Caesar,Camilla,DJEMBES,SEASHELLS,13297.0,4
1163600,Paris,Caesar,DJEMBES,SEASHELLS,13306.0,3
1165700,Paris,Caesar,DJEMBES,SEASHELLS,13306.0,2
1165900,Caesar,Paris,DJEMBES,SEASHELLS,13305.0,5
1166200,Paris,Caesar,DJEMBES,SEASHELLS,13306.0,1
1168900,Caesar,Paris,DJEMBES,SEASHELLS,13309.0,5
1169800,Caesar,Paris,DJEMBES,SEASHELLS,13310.0,5
1170400,Caesar,Paris,DJEMBES,SEASHELLS,13309.0,5
1171300,Paris,Caesar,DJEMBES,SEASHELLS,13308.0,2
1173000,Caesar,Paris,DJEMBES,SEASHELLS,13302.0,4
1173100,Paris,Caesar,DJEMBES,SEASHELLS,13302.0,4
1175000,Caesar,Paris,DJEMBES,SEASHELLS,13301.0,5
1175300,Paris,Caesar,DJEMBES,SEASHELLS,13302.0,4
1175500,Caesar,Paris,DJEMBES,SEASHELLS,13303.0,2
1176300,Caesar,Paris,DJEMBES,SEASHELLS,13306.0,2
1176700,Caesar,Camilla,DJEMBES,SEASHELLS,13304.0,3
1178100,Caesar,Paris,DJEMBES,SEASHELLS,13303.0,1
1178300,Caesar,Paris,DJEMBES,SEASHELLS,13303.0,2
1178500,Caesar,Camilla,DJEMBES,SEASHELLS,13304.0,4
1181500,Paris,Caesar,DJEMBES,SEASHELLS,13306.0,4
1181900,Caesar,Paris,DJEMBES,SEASHELLS,13305.0,2
1183900,Caesar,Paris,DJEMBES,SEASHELLS,13305.0,2
1184700,Paris,Caesar,DJEMBES,SEASHELLS,13306.0,5
1185000,Paris,Caesar,DJEMBES,SEASHELLS,13306.0,2
1185200,Paris,Caesar,DJEMBES,SEASHELLS,13306.0,1
1187000,Caesar,Paris,DJEMBES,SEASHELLS,13310.0,5
1187800,Caesar,Camilla,DJEMBES,SEASHELLS,13308.0,8
1187900,Caesar,Paris,DJEMBES,SEASHELLS,13308.0,5
1189200,Paris,Caesar,DJEMBES,SEASHELLS,13308.0,4
1190500,Caesar,Paris,DJEMBES,SEASHELLS,13308.0,3
1191600,Caesar,Paris,DJEMBES,SEASHELLS,13309.0,2
1192000,Paris,Caesar,DJEMBES,SEASHELLS,13310.0,5
1192700,Paris,Caesar,DJEMBES,SEASHELLS,13311.0,5
1194000,Paris,Caesar,DJEMBES,SEASHELLS,13312.0,3
1194500,Paris,Caesar,DJEMBES,SEASHELLS,13314.0,4
1195700,Caesar,Paris,DJEMBES,SEASHELLS,13315.0,2
1197000,Caesar,Camilla,DJEMBES,SEASHELLS,13317.0,5
1197500,Paris,Caesar,DJEMBES,SEASHELLS,13317.0,5
1200700,Paris,Caesar,DJEMBES,SEASHELLS,13323.0,5
1201800,Caesar,Paris,DJEMBES,SEASHELLS,13321.0,5
1203400,Caesar,Camilla,DJEMBES,SEASHELLS,13322.0,3
1203500,Paris,Caesar,DJEMBES,SEASHELLS,13323.0,1
1207300,Paris,Caesar,DJEMBES,SEASHELLS,13323.0,2
1207400,Paris,Caesar,DJEMBES,SEASHELLS,13323.0,4
1207700,Paris,Caesar,DJEMBES,SEASHELLS,13325.0,4
1208100,Caesar,Paris,DJEMBES,SEASHELLS,13322.0,5
1209000,Caesar,Paris,DJEMBES,SEASHELLS,13323.0,2
1209200,Paris,Caesar,DJEMBES,SEASHELLS,13325.0,2
1210200,Paris,Caesar,DJEMBES,SEASHELLS,13325.0,4
1211400,Paris,Caesar,DJEMBES,SEASHELLS,13326.0,5
1212300,Paris,Caesar,DJEMBES,SEASHELLS,13327.0,1
1212800,Paris,Caesar,DJEMBES,SEASHELLS,13326.0,1
1213600,Paris,Caesar,DJEMBES,SEASHELLS,13327.0,5
1217800,Caesar,Paris,DJEMBES,SEASHELLS,13326.0,4
1218000,Paris,Caesar,DJEMBES,SEASHELLS,13327.0,1
1218800,Paris,Caesar,DJEMBES,SEASHELLS,13328.0,5
1220400,Caesar,Paris,DJEMBES,SEASHELLS,13332.0,5
1221900,Caesar,Paris,DJEMBES,SEASHELLS,13333.0,1
1222200,Caesar,Paris,DJEMBES,SEASHELLS,13334.0,1
1222900,Caesar,Paris,DJEMBES,SEASHELLS,13334.0,3
1223100,Paris,Caesar,DJEMBES,SEASHELLS,13336.0,4
1225700,Paris,Caesar,DJEMBES,SEASHELLS,13334.0,2
1226700,Caesar,Paris,DJEMBES,SEASHELLS,13332.0,2
1227700,Paris,Caesar,DJEMBES,SEASHELLS,13326.0,2
1228700,Paris,Caesar,DJEMBES,SEASHELLS,13327.0,2
1229400,Caesar,Paris,DJEMBES,SEASHELLS,13321.0,4
1231700,Caesar,Paris,DJEMBES,SEASHELLS,13325.0,1
1232000,Caesar,Paris,DJEMBES,SEASHELLS,13325.0,2
1233600,Caesar,Paris,DJEMBES,SEASHELLS,13330.0,5
1235300,Paris,Caesar,DJEMBES,SEASHELLS,13334.0,3
1236000,Caesar,Camilla,DJEMBES,SEASHELLS,13333.0,8
1237400,Caesar,Paris,DJEMBES,SEASHELLS,13331.0,5
1237500,Paris,Caesar,DJEMBES,SEASHELLS,13334.0,3
1238800,Paris,Caesar,DJEMBES,SEASHELLS,13334.0,2
1239100,Caesar,Paris,DJEMBES,SEASHELLS,13331.0,3
1241600,Paris,Caesar,DJEMBES,SEASHELLS,13331.0,5
1243100,Caesar,Paris,DJEMBES,SEASHELLS,13331.0,2
1243300,Caesar,Camilla,DJEMBES,SEASHELLS,13331.0,4
1243500,Caesar,Paris,DJEMBES,SEASHELLS,13332.0,2
1243900,Caesar,Camilla,DJEMBES,SEASHELLS,13332.0,8
1244900,Paris,Caesar,DJEMBES,SEASHELLS,13334.0,1
1245200,Paris,Caesar,DJEMBES,SEASHELLS,13333.0,3
1245600,Paris,Caesar,DJEMBES,SEASHELLS,13333.0,5
1246500,Caesar,Paris,DJEMBES,SEASHELLS,13337.0,1
1248200,Paris,Caesar,DJEMBES,SEASHELLS,13338.0,5
1249500,Caesar,Paris,DJEMBES,SEASHELLS,13337.0,4
1250800,Paris,Caesar,DJEMBES,SEASHELLS,13336.0,1
1250900,Caesar,Paris,DJEMBES,SEASHELLS,13334.0,1
1252000,Caesar,Camilla,DJEMBES,SEASHELLS,13333.0,7
1252000,Caesar,Paris,DJEMBES,SEASHELLS,13333.0,5
1252300,Caesar,Camilla,DJEMBES,SEASHELLS,13332.0,4
1254300,Caesar,Paris,DJEMBES,SEASHELLS,13333.0,3
1257300,Caesar,Paris,DJEMBES,SEASHELLS,13330.0,5
1259300,Caesar,Camilla,DJEMBES,SEASHELLS,13328.0,5
1259400,Caesar,Paris,DJEMBES,SEASHELLS,13328.0,2
1260900,Paris,Caesar,DJEMBES,SEASHELLS,13327.0,3
1261000,Caesar,Paris,DJEMBES,SEASHELLS,13325.0,1
1262600,Caesar,Paris,DJEMBES,SEASHELLS,13322.0,1
1262800,Paris,Caesar,DJEMBES,SEASHELLS,13323.0,1
1263100,Paris,Caesar,DJEMBES,SEASHELLS,13321.0,1
1263600,Paris,Caesar,DJEMBES,SEASHELLS,13323.0,3
1266400,Caesar,Paris,DJEMBES,SEASHELLS,13326.0,4
1268300,Caesar,Paris,DJEMBES,SEASHELLS,13330.0,3
1268600,Caesar,Camilla,DJEMBES,SEASHELLS,13330.0,8
1269500,Paris,Caesar,DJEMBES,SEASHELLS,13328.0,3
1273200,Paris,Caesar,DJEMBES,SEASHELLS,13328.0,1
1274100,Paris,Caesar,DJEMBES,SEASHELLS,13326.0,3
1275700,Caesar,Paris,DJEMBES,SEASHELLS,13330.0,5
1276800,Paris,Caesar,DJEMBES,SEASHELLS,13329.0,5
1277000,Caesar,Paris,DJEMBES,SEASHELLS,13327.0,1
1278100,Caesar,Paris,DJEMBES,SEASHELLS,13325.0,5
1279000,Paris,Caesar,DJEMBES,SEASHELLS,13326.0,5
1279100,Caesar,Paris,DJEMBES,SEASHELLS,13325.0,3
1279800,Caesar,Paris,DJEMBES,SEASHELLS,13325.0,2
1280200,Paris,Caesar,DJEMBES,SEASHELLS,13327.0,1
1280800,Caesar,Camilla,DJEMBES,SEASHELLS,13329.0,7
1281200,Paris,Caesar,DJEMBES,SEASHELLS,13329.0,3
1282900,Paris,Caesar,DJEMBES,SEASHELLS,13331.0,4
1283300,Caesar,Paris,DJEMBES,SEASHELLS,13332.0,3
1284600,Paris,Caesar,DJEMBES,SEASHELLS,13332.0,1
1284700,Paris,Caesar,DJEMBES,SEASHELLS,13332.0,4
1285500,Caesar,Paris,DJEMBES,SEASHELLS,13330.0,5
1287300,Caesar,Camilla,DJEMBES,SEASHELLS,13331.0,10
1287900,Paris,Caesar,DJEMBES,SEASHELLS,13332.0,5
1288900,Paris,Caesar,DJEMBES,SEASHELLS,13329.0,1
1289000,Paris,Caesar,DJEMBES,SEASHELLS,13329.0,2
1290600,Caesar,Camilla,DJEMBES,SEASHELLS,13327.0,7
1290800,Paris,Caesar,DJEMBES,SEASHELLS,13328.0,5
1291300,Caesar,Camilla,DJEMBES,SEASHELLS,13324.0,10
1291500,Paris,Caesar,DJEMBES,SEASHELLS,13326.0,4
1293600,Paris,Caesar,DJEMBES,SEASHELLS,13329.0,2
1294300,Paris,Caesar,DJEMBES,SEASHELLS,13331.0,1
1295500,Paris,Caesar,DJEMBES,SEASHELLS,13329.0,3
1296300,Paris,Caesar,DJEMBES,SEASHELLS,13331.0,4
1296700,Caesar,Paris,DJEMBES,SEASHELLS,13328.0,3
1297700,Caesar,Paris,DJEMBES,SEASHELLS,13324.0,2
1297800,Caesar,Paris,DJEMBES,SEASHELLS,13323.0,2
1298600,Paris,Caesar,DJEMBES,SEASHELLS,13327.0,3
1298800,Paris,Caesar,DJEMBES,SEASHELLS,13328.0,2
1300200,Paris,Caesar,DJEMBES,SEASHELLS,13328.0,1
1301100,Paris,Caesar,DJEMBES,SEASHELLS,13329.0,2
1301700,Caesar,Paris,DJEMBES,SEASHELLS,13326.0,2
1302000,Caesar,Paris,DJEMBES,SEASHELLS,13325.0,2
1304100,Caesar,Paris,DJEMBES,SEASHELLS,13329.0,5
1305000,Paris,Caesar,DJEMBES,SEASHELLS,13330.0,4
1306100,Caesar,Paris,DJEMBES,SEASHELLS,13332.0,2
1306500,Paris,Caesar,DJEMBES,SEASHELLS,13334.0,2
1307100,Paris,Caesar,DJEMBES,SEASHELLS,13334.0,1
1307900,Paris,Caesar,DJEMBES,SEASHELLS,13334.0,5
1308200,Caesar,Paris,DJEMBES,SEASHELLS,13335.0,5
1308400,Paris,Caesar,DJEMBES,SEASHELLS,13336.0,2
1308800,Caesar,Paris,DJEMBES,SEASHELLS,13334.0,4
1310500,Paris,Caesar,DJEMBES,SEASHELLS,13335.0,3
1310700,Caesar,Paris,DJEMBES,SEASHELLS,13334.0,4
1311100,Paris,Caesar,DJEMBES,SEASHELLS,13335.0,2
1312600,Paris,Caesar,DJEMBES,SEASHELLS,13332.0,2
1314100,Paris,Caesar,DJEMBES,SEASHELLS,13333.0,3
1314400,Caesar,Camilla,DJEMBES,SEASHELLS,13332.0,4
1314400,Paris,Caesar,DJEMBES,SEASHELLS,13333.0,3
1316600,Caesar,Paris,DJEMBES,SEASHELLS,13344.0,1
1317100,Paris,Caesar,DJEMBES,SEASHELLS,13345.0,1
1317500,Paris,Caesar,DJEMBES,SEASHELLS,13345.0,3
1319100,Paris,Caesar,DJEMBES,SEASHELLS,13346.0,5
1319800,Paris,Caesar,DJEMBES,SEASHELLS,13348.0,5
1320500,Caesar,Paris,DJEMBES,SEASHELLS,13346.0,3
1320800,Caesar,Camilla,DJEMBES,SEASHELLS,13345.0,7
1322100,Caesar,Paris,DJEMBES,SEASHELLS,13345.0,1
1323600,Caesar,Paris,DJEMBES,SEASHELLS,13349.0,5
1323700,Caesar,Paris,DJEMBES,SEASHELLS,13349.0,5
1324800,Paris,Caesar,DJEMBES,SEASHELLS,13349.0,2
1327700,Caesar,Paris,DJEMBES,SEASHELLS,13350.0,1
1328100,Caesar,Camilla,DJEMBES,SEASHELLS,13351.0,3
1329800,Paris,Caesar,DJEMBES,SEASHELLS,13355.0,4
1330700,Caesar,Paris,DJEMBES,SEASHELLS,13352.0,5
1332800,Paris,Caesar,DJEMBES,SEASHELLS,13352.0,5
1333600,Paris,Caesar,DJEMBES,SEASHELLS,13352.0,2
1334600,Caesar,Camilla,DJEMBES,SEASHELLS,13350.0,7
1335200,Paris,Caesar,DJEMBES,SEASHELLS,13352.0,3
1335400,Caesar,Paris,DJEMBES,SEASHELLS,13350.0,1
1335900,Caesar,Paris,DJEMBES,SEASHELLS,13347.0,3
1336300,Paris,Caesar,DJEMBES,SEASHELLS,13348.0,1
1336400,Paris,Caesar,DJEMBES,SEASHELLS,13348.0,2
1337500,Paris,Caesar,DJEMBES,SEASHELLS,13348.0,5
1338400,Paris,Caesar,DJEMBES,SEASHELLS,13349.0,4
1338600,Caesar,Paris,DJEMBES,SEASHELLS,13348.0,4
1338700,Caesar,Paris,DJEMBES,SEASHELLS,13348.0,2
1339600,Paris,Caesar,DJEMBES,SEASHELLS,13349.0,4
1340400,Caesar,Paris,DJEMBES,SEASHELLS,13348.0,5
1341200,Paris,Caesar,DJEMBES,SEASHELLS,13347.0,1
1342900,Paris,Caesar,DJEMBES,SEASHELLS,13347.0,2
1344100,Paris,Caesar,DJEMBES,SEASHELLS,13346.0,5
1344700,Caesar,Paris,DJEMBES,SEASHELLS,13341.0,2
1346300,Caesar,Paris,DJEMBES,SEASHELLS,13344.0,2
1348500,Caesar,Camilla,DJEMBES,SEASHELLS,13347.0,3
1349300,Caesar,Paris,DJEMBES,SEASHELLS,13344.0,2
1349600,Paris,Caesar,DJEMBES,SEASHELLS,13347.0,1
1351200,Paris,Caesar,DJEMBES,SEASHELLS,13348.0,1
1351900,Paris,Caesar,DJEMBES,SEASHELLS,13348.0,1
1352600,Paris,Caesar,DJEMBES,SEASHELLS,13348.0,2
1352800,Caesar,Paris,DJEMBES,SEASHELLS,13346.0,4
1353000,Caesar,Paris,DJEMBES,SEASHELLS,13346.0,4
1353100,Caesar,Paris,DJEMBES,SEASHELLS,13346.0,2
1353900,Caesar,Paris,DJEMBES,SEASHELLS,13347.0,1
1354300,Caesar,Paris,DJEMBES,SEASHELLS,13348.0,4
1355500,Paris,Caesar,DJEMBES,SEASHELLS,13348.0,3
1357000,Paris,Caesar,DJEMBES,SEASHELLS,13346.0,2
1358500,Caesar,Paris,DJEMBES,SEASHELLS,13347.0,2
1358700,Caesar,Paris,DJEMBES,SEASHELLS,13348.0,1
1361100,Caesar,Paris,DJEMBES,SEASHELLS,13353.0,5
1361200,Paris,Caesar,DJEMBES,SEASHELLS,13356.0,1
1361600,Paris,Caesar,DJEMBES,SEASHELLS,13361.0,3
1362300,Caesar,Paris,DJEMBES,SEASHELLS,13364.0,3
1362900,Paris,Caesar,DJEMBES,SEASHELLS,13367.0,4
1364500,Paris,Caesar,DJEMBES,SEASHELLS,13365.0,1
1366500,Caesar,Paris,DJEMBES,SEASHELLS,13362.0,1
1369000,Caesar,Camilla,DJEMBES,SEASHELLS,13366.0,8
1370900,Paris,Caesar,DJEMBES,SEASHELLS,13364.0,3
1372300,Paris,Caesar,DJEMBES,SEASHELLS,13362.0,1
1372400,Caesar,Paris,DJEMBES,SEASHELLS,13360.0,1
1372600,Paris,Caesar,DJEMBES,SEASHELLS,13361.0,2
1373000,Paris,Caesar,DJEMBES,SEASHELLS,13361.0,5
1374100,Paris,Caesar,DJEMBES,SEASHELLS,13363.0,5
1375200,Paris,Caesar,DJEMBES,SEASHELLS,13362.0,3
1375700,Caesar,Paris,DJEMBES,SEASHELLS,13361.0,3
1376100,Paris,Caesar,DJEMBES,SEASHELLS,13364.0,4
1377500,Paris,Caesar,DJEMBES,SEASHELLS,13366.0,3
1377900,Caesar,Paris,DJEMBES,SEASHELLS,13364.0,3
1379700,Caesar,Paris,DJEMBES,SEASHELLS,13363.0,4
1381400,Paris,Caesar,DJEMBES,SEASHELLS,13364.0,2
1382100,Caesar,Paris,DJEMBES,SEASHELLS,13361.0,5
1385200,Caesar,Paris,DJEMBES,SEASHELLS,13357.0,2
1386400,Paris,Caesar,DJEMBES,SEASHELLS,13360.0,4
1386500,Caesar,Paris,DJEMBES,SEASHELLS,13359.0,1
1387300,Paris,Caesar,DJEMBES,SEASHELLS,13359.0,2
1387400,Paris,Caesar,DJEMBES,SEASHELLS,13360.0,2
1388000,Paris,Caesar,DJEMBES,SEASHELLS,13364.0,5
1388800,Caesar,Paris,DJEMBES,SEASHELLS,13364.0,4
1389000,Caesar,Paris,DJEMBES,SEASHELLS,13366.0,5
1389800,Caesar,Paris,DJEMBES,SEASHELLS,13365.0,1
1390300,Caesar,Paris,DJEMBES,SEASHELLS,13365.0,5
1392400,Caesar,Paris,DJEMBES,SEASHELLS,13362.0,2
1393000,Caesar,Paris,DJEMBES,SEASHELLS,13360.0,1
1393200,Paris,Caesar,DJEMBES,SEASHELLS,13360.0,3
1393800,Caesar,Paris,DJEMBES,SEASHELLS,13361.0,1
1394400,Caesar,Paris,DJEMBES,SEASHELLS,13359.0,3
1394700,Caesar,Paris,DJEMBES,SEASHELLS,13359.0,5
1395600,Paris,Caesar,DJEMBES,SEASHELLS,13361.0,2
1396800,Caesar,Paris,DJEMBES,SEASHELLS,13361.0,1
1398700,Paris,Caesar,DJEMBES,SEASHELLS,13361.0,2
1400700,Caesar,Paris,DJEMBES,SEASHELLS,13359.0,5
1400900,Caesar,Paris,DJEMBES,SEASHELLS,13359.0,3
1401500,Paris,Caesar,DJEMBES,SEASHELLS,13361.0,1
1402000,Paris,Caesar,DJEMBES,SEASHELLS,13361.0,2
1402200,Paris,Caesar,DJEMBES,SEASHELLS,13363.0,2
1403200,Caesar,Camilla,DJEMBES,SEASHELLS,13361.0,4
1403200,Paris,Caesar,DJEMBES,SEASHELLS,13362.0,2
1403300,Paris,Caesar,DJEMBES,SEASHELLS,13362.0,4
1405800,Caesar,Paris,DJEMBES,SEASHELLS,13362.0,4
1407700,Paris,Caesar,DJEMBES,SEASHELLS,13364.0,1
1407800,Caesar,Paris,DJEMBES,SEASHELLS,13361.0,3
1407900,Caesar,Paris,DJEMBES,SEASHELLS,13361.0,4
1408400,Paris,Caesar,DJEMBES,SEASHELLS,13364.0,4
1410000,Paris,Caesar,DJEMBES,SEASHELLS,13366.0,1
1410100,Caesar,Paris,DJEMBES,SEASHELLS,13367.0,1
1410900,Caesar,Paris,DJEMBES,SEASHELLS,13366.0,1
1413000,Caesar,Paris,DJEMBES,SEASHELLS,13366.0,5
1413700,Caesar,Paris,DJEMBES,SEASHELLS,13367.0,2
1414300,Paris,Caesar,DJEMBES,SEASHELLS,13368.0,1
1416600,Paris,Caesar,DJEMBES,SEASHELLS,13363.0,3
1417200,Paris,Caesar,DJEMBES,SEASHELLS,13364.0,2
1418900,Caesar,Paris,DJEMBES,SEASHELLS,13363.0,1
1420100,Paris,Caesar,DJEMBES,SEASHELLS,13364.0,1
1421000,Caesar,Paris,DJEMBES,SEASHELLS,13363.0,5
1421400,Paris,Caesar,DJEMBES,SEASHELLS,13363.0,3
1423000,Paris,Caesar,DJEMBES,SEASHELLS,13361.0,3
1423900,Paris,Caesar,DJEMBES,SEASHELLS,13362.0,2
1425500,Caesar,Camilla,DJEMBES,SEASHELLS,13360.0,6
1426400,Caesar,Paris,DJEMBES,SEASHELLS,13362.0,4
1427200,Paris,Caesar,DJEMBES,SEASHELLS,13363.0,2
1429100,Paris,Caesar,DJEMBES,SEASHELLS,13366.0,2
1429600,Paris,Caesar,DJEMBES,SEASHELLS,13365.0,4
1430400,Caesar,Paris,DJEMBES,SEASHELLS,13361.0,2
1431700,Caesar,Paris,DJEMBES,SEASHELLS,13361.0,3
1432000,Caesar,Paris,DJEMBES,SEASHELLS,13363.0,3
1433300,Caesar,Camilla,DJEMBES,SEASHELLS,13362.0,5
1433800,Caesar,Paris,DJEMBES,SEASHELLS,13361.0,3
1435000,Caesar,Paris,DJEMBES,SEASHELLS,13358.0,3
1435600,Caesar,Camilla,DJEMBES,SEASHELLS,13357.0,5
1436200,Caesar,Paris,DJEMBES,SEASHELLS,13357.0,2
1437000,Caesar,Paris,DJEMBES,SEASHELLS,13359.0,4
1438100,Paris,Caesar,DJEMBES,SEASHELLS,13362.0,3
1438200,Paris,Caesar,DJEMBES,SEASHELLS,13361.0,5
1438700,Caesar,Camilla,DJEMBES,SEASHELLS,13359.0,5
1439400,Paris,Caesar,DJEMBES,SEASHELLS,13361.0,1
1439600,Caesar,Paris,DJEMBES,SEASHELLS,13360.0,2
1440700,Paris,Caesar,DJEMBES,SEASHELLS,13364.0,3
1441100,Caesar,Camilla,DJEMBES,SEASHELLS,13362.0,5
1441200,Caesar,Paris,DJEMBES,SEASHELLS,13362.0,5
1441800,Paris,Caesar,DJEMBES,SEASHELLS,13365.0,1
1441900,Paris,Caesar,DJEMBES,SEASHELLS,13365.0,5
1442100,Paris,Caesar,DJEMBES,SEASHELLS,13365.0,1
1442200,Caesar,Paris,DJEMBES,SEASHELLS,13364.0,4
1444300,Caesar,Paris,DJEMBES,SEASHELLS,13363.0,5
1445400,Paris,Caesar,DJEMBES,SEASHELLS,13364.0,2
1446000,Paris,Caesar,DJEMBES,SEASHELLS,13364.0,3
1446700,Paris,Caesar,DJEMBES,SEASHELLS,13365.0,4
1448600,Paris,Caesar,DJEMBES,SEASHELLS,13363.0,2
1449900,Caesar,Paris,DJEMBES,SEASHELLS,13360.0,1
1450800,Caesar,Paris,DJEMBES,SEASHELLS,13360.0,3
1451000,Caesar,Paris,DJEMBES,SEASHELLS,13360.0,1
1451200,Caesar,Paris,DJEMBES,SEASHELLS,13360.0,2
1451600,Caesar,Paris,DJEMBES,SEASHELLS,13359.0,1
1458400,Caesar,Paris,DJEMBES,SEASHELLS,13360.0,1
1458700,Paris,Caesar,DJEMBES,SEASHELLS,13360.0,4
1459900,Caesar,Paris,DJEMBES,SEASHELLS,13355.0,5
1460300,Paris,Caesar,DJEMBES,SEASHELLS,13355.0,3
1460500,Paris,Caesar,DJEMBES,SEASHELLS,13355.0,3
1461800,Caesar,Paris,DJEMBES,SEASHELLS,13354.0,4
1462800,Paris,Caesar,DJEMBES,SEASHELLS,13356.0,3
1462900,Caesar,Paris,DJEMBES,SEASHELLS,13355.0,5
1463700,Paris,Caesar,DJEMBES,SEASHELLS,13357.0,2
1464000,Caesar,Paris,DJEMBES,SEASHELLS,13355.0,4
1464900,Paris,Caesar,DJEMBES,SEASHELLS,13351.0,4
1465500,Paris,Caesar,DJEMBES,SEASHELLS,13352.0,3
1470300,Caesar,Camilla,DJEMBES,SEASHELLS,13347.0,5
1471700,Paris,Caesar,DJEMBES,SEASHELLS,13345.0,2
1472800,Paris,Caesar,DJEMBES,SEASHELLS,13347.0,4
1473000,Paris,Caesar,DJEMBES,SEASHELLS,13348.0,4
1473900,Paris,Caesar,DJEMBES,SEASHELLS,13348.0,5
1474700,Caesar,Paris,DJEMBES,SEASHELLS,13346.0,1
1475700,Caesar,Paris,DJEMBES,SEASHELLS,13344.0,2
1476000,Paris,Caesar,DJEMBES,SEASHELLS,13346.0,4
1476300,Caesar,Camilla,DJEMBES,SEASHELLS,13345.0,7
1477600,Paris,Caesar,DJEMBES,SEASHELLS,13347.0,4
1477700,Caesar,Paris,DJEMBES,SEASHELLS,13345.0,3
1480200,Caesar,Paris,DJEMBES,SEASHELLS,13345.0,2
1480300,Caesar,Paris,DJEMBES,SEASHELLS,13345.0,1
1480900,Paris,Caesar,DJEMBES,SEASHELLS,13347.0,5
1481500,Caesar,Paris,DJEMBES,SEASHELLS,13344.0,3
1483300,Paris,Caesar,DJEMBES,SEASHELLS,13346.0,5
1483800,Paris,Caesar,DJEMBES,SEASHELLS,13348.0,2
1483900,Caesar,Camilla,DJEMBES,SEASHELLS,13347.0,11
1484900,Paris,Caesar,DJEMBES,SEASHELLS,13342.0,2
1485200,Paris,Caesar,DJEMBES,SEASHELLS,13340.0,2
1485900,Paris,Caesar,DJEMBES,SEASHELLS,13340.0,1
1486700,Paris,Caesar,DJEMBES,SEASHELLS,13336.0,5
1487100,Caesar,Paris,DJEMBES,SEASHELLS,13332.0,5
1487300,Caesar,Paris,DJEMBES,SEASHELLS,13333.0,3
1489600,Caesar,Paris,DJEMBES,SEASHELLS,13329.0,4
1490300,Caesar,Paris,DJEMBES,SEASHELLS,13327.0,4
1490400,Paris,Caesar,DJEMBES,SEASHELLS,13328.0,5
1490800,Paris,Caesar,DJEMBES,SEASHELLS,13329.0,2
1494400,Paris,Caesar,DJEMBES,SEASHELLS,13339.0,3
1495200,Caesar,Paris,DJEMBES,SEASHELLS,13336.0,1
1497600,Caesar,Camilla,DJEMBES,SEASHELLS,13331.0,7
1498700,Paris,Caesar,DJEMBES,SEASHELLS,13334.0,1
1499100,Caesar,Paris,DJEMBES,SEASHELLS,13332.0,1
1499400,Caesar,Paris,DJEMBES,SEASHELLS,13334.0,4
1500100,Caesar,Paris,DJEMBES,SEASHELLS,13334.0,4
1500300,Caesar,Paris,DJEMBES,SEASHELLS,13334.0,5
1501000,Paris,Caesar,DJEMBES,SEASHELLS,13336.0,5
1501400,Caesar,Paris,DJEMBES,SEASHELLS,13336.0,1
1502100,Caesar,Paris,DJEMBES,SEASHELLS,13336.0,4
1502600,Caesar,Paris,DJEMBES,SEASHELLS,13338.0,5
1503500,Paris,Caesar,DJEMBES,SEASHELLS,13345.0,2
1503600,Caesar,Camilla,DJEMBES,SEASHELLS,13344.0,11
1504000,Paris,Caesar,DJEMBES,SEASHELLS,13343.0,3
1504200,Paris,Caesar,DJEMBES,SEASHELLS,13343.0,1
1505900,Caesar,Paris,DJEMBES,SEASHELLS,13345.0,4
1506900,Caesar,Paris,DJEMBES,SEASHELLS,13346.0,4
1507600,Caesar,Paris,DJEMBES,SEASHELLS,13346.0,3
1509600,Caesar,Paris,DJEMBES,SEASHELLS,13343.0,4
1509800,Caesar,Paris,DJEMBES,SEASHELLS,13343.0,2
1510000,Paris,Caesar,DJEMBES,SEASHELLS,13343.0,2
1510200,Paris,Caesar,DJEMBES,SEASHELLS,13342.0,4
1510400,Caesar,Camilla,DJEMBES,SEASHELLS,13341.0,10
1511000,Paris,Caesar,DJEMBES,SEASHELLS,13339.0,1
1511600,Caesar,Camilla,DJEMBES,SEASHELLS,13340.0,6
1512200,Caesar,Paris,DJEMBES,SEASHELLS,13342.0,5
1513100,Paris,Caesar,DJEMBES,SEASHELLS,13339.0,1
1513200,Caesar,Paris,DJEMBES,SEASHELLS,13337.0,4
1514200,Paris,Caesar,DJEMBES,SEASHELLS,13337.0,5
1514300,Caesar,Paris,DJEMBES,SEASHELLS,13337.0,5
1514400,Paris,Caesar,DJEMBES,SEASHELLS,13334.0,3
1514700,Caesar,Camilla,DJEMBES,SEASHELLS,13330.0,10
1517300,Caesar,Paris,DJEMBES,SEASHELLS,13334.0,2
1517600,Paris,Caesar,DJEMBES,SEASHELLS,13335.0,4
1520300,Caesar,Paris,DJEMBES,SEASHELLS,13330.0,3
1522400,Paris,Caesar,DJEMBES,SEASHELLS,13331.0,1
1523600,Caesar,Paris,DJEMBES,SEASHELLS,13329.0,1
1524400,Caesar,Paris,DJEMBES,SEASHELLS,13328.0,5
1525100,Paris,Caesar,DJEMBES,SEASHELLS,13329.0,5
1525300,Caesar,Paris,DJEMBES,SEASHELLS,13328.0,2
1526200,Caesar,Paris,DJEMBES,SEASHELLS,13328.0,3
1528000,Paris,Caesar,DJEMBES,SEASHELLS,13333.0,2
1529500,Caesar,Paris,DJEMBES,SEASHELLS,13334.0,4
1530000,Paris,Caesar,DJEMBES,SEASHELLS,13335.0,5
1532200,Caesar,Paris,DJEMBES,SEASHELLS,13339.0,3
1532700,Paris,Caesar,DJEMBES,SEASHELLS,13340.0,2
1534200,Caesar,Paris,DJEMBES,SEASHELLS,13339.0,4
1535600,Paris,Caesar,DJEMBES,SEASHELLS,13335.0,4
1535800,Caesar,Camilla,DJEMBES,SEASHELLS,13336.0,10
1536500,Paris,Caesar,DJEMBES,SEASHELLS,13338.0,5
1536900,Paris,Caesar,DJEMBES,SEASHELLS,13337.0,4
1544300,Caesar,Paris,DJEMBES,SEASHELLS,13328.0,1
1544700,Caesar,Paris,DJEMBES,SEASHELLS,13326.0,3
1545300,Paris,Caesar,DJEMBES,SEASHELLS,13324.0,3
1545800,Caesar,Camilla,DJEMBES,SEASHELLS,13312.0,11
1545800,Paris,Caesar,DJEMBES,SEASHELLS,13314.0,4
1546600,Paris,Caesar,DJEMBES,SEASHELLS,13314.0,1
1550400,Paris,Caesar,DJEMBES,SEASHELLS,13307.0,1
1550900,Paris,Caesar,DJEMBES,SEASHELLS,13307.0,5
1551500,Caesar,Camilla,DJEMBES,SEASHELLS,13305.0,3
1553600,Caesar,Paris,DJEMBES,SEASHELLS,13322.0,2
1554000,Caesar,Paris,DJEMBES,SEASHELLS,13326.0,3
1554200,Caesar,Paris,DJEMBES,SEASHELLS,13325.0,5
1555400,Caesar,Paris,DJEMBES,SEASHELLS,13328.0,2
1555500,Caesar,Paris,DJEMBES,SEASHELLS,13328.0,5
1558800,Paris,Caesar,DJEMBES,SEASHELLS,13338.0,2
1558900,Caesar,Paris,DJEMBES,SEASHELLS,13338.0,3
1561300,Paris,Caesar,DJEMBES,SEASHELLS,13343.0,2
1562100,Caesar,Paris,DJEMBES,SEASHELLS,13343.0,3
1564000,Paris,Caesar,DJEMBES,SEASHELLS,13348.0,2
1564900,Paris,Caesar,DJEMBES,SEASHELLS,13353.0,4
1566300,Caesar,Camilla,DJEMBES,SEASHELLS,13351.0,4
1566300,Paris,Caesar,DJEMBES,SEASHELLS,13352.0,4
1566800,Caesar,Paris,DJEMBES,SEASHELLS,13351.0,1
1569500,Paris,Caesar,DJEMBES,SEASHELLS,13339.0,2
1569600,Caesar,Camilla,DJEMBES,SEASHELLS,13338.0,9
1569600,Caesar,Paris,DJEMBES,SEASHELLS,13338.0,5
1569800,Paris,Caesar,DJEMBES,SEASHELLS,13336.0,3
1570700,Paris,Caesar,DJEMBES,SEASHELLS,13333.0,3
1571100,Paris,Caesar,DJEMBES,SEASHELLS,13328.0,4
1572000,Caesar,Paris,DJEMBES,SEASHELLS,13329.0,2
1572200,Caesar,Paris,DJEMBES,SEASHELLS,13332.0,4
1573000,Paris,Camilla,DJEMBES,SEASHELLS,13335.0,1
1573300,Paris,Caesar,DJEMBES,SEASHELLS,13327.0,5
1573500,Caesar,Paris,DJEMBES,SEASHELLS,13324.0,2
1574500,Caesar,Paris,DJEMBES,SEASHELLS,13327.0,5
1574700,Caesar,Paris,DJEMBES,SEASHELLS,13327.0,1
1579300,Paris,Caesar,DJEMBES,SEASHELLS,13332.0,4
1579500,Paris,Caesar,DJEMBES,SEASHELLS,13331.0,5
1579700,Caesar,Paris,DJEMBES,SEASHELLS,13330.0,3
1580500,Paris,Caesar,DJEMBES,SEASHELLS,13315.0,3
1581500,Caesar,Camilla,DJEMBES,SEASHELLS,13316.0,4
1584200,Caesar,Camilla,DJEMBES,SEASHELLS,13309.0,5
1585900,Paris,Caesar,DJEMBES,SEASHELLS,13315.0,5
1586700,Paris,Caesar,DJEMBES,SEASHELLS,13319.0,4
1586800,Paris,Caesar,DJEMBES,SEASHELLS,13319.0,4
1587000,Paris,Caesar,DJEMBES,SEASHELLS,13319.0,1
1587900,Caesar,Paris,DJEMBES,SEASHELLS,13311.0,2
1588300,Paris,Caesar,DJEMBES,SEASHELLS,13310.0,5
1590600,Caesar,Paris,DJEMBES,SEASHELLS,13306.0,1
1592100,Paris,Caesar,DJEMBES,SEASHELLS,13302.0,3
1592200,Caesar,Camilla,DJEMBES,SEASHELLS,13301.0,9
1592800,Caesar,Paris,DJEMBES,SEASHELLS,13299.0,4
1594100,Caesar,Camilla,DJEMBES,SEASHELLS,13294.0,6
1594400,Paris,Caesar,DJEMBES,SEASHELLS,13293.0,1
1595000,Caesar,Paris,DJEMBES,SEASHELLS,13293.0,5
1595800,Paris,Caesar,DJEMBES,SEASHELLS,13291.0,3
1596000,Paris,Caesar,DJEMBES,SEASHELLS,13286.0,1
1597500,Caesar,Camilla,DJEMBES,SEASHELLS,13291.0,8
1598000,Paris,Caesar,DJEMBES,SEASHELLS,13293.0,2
1600000,Caesar,Paris,DJEMBES,SEASHELLS,13300.0,1
1600200,Caesar,Camilla,DJEMBES,SEASHELLS,13300.0,11
1600300,Caesar,Paris,DJEMBES,SEASHELLS,13302.0,3
1600500,Paris,Caesar,DJEMBES,SEASHELLS,13299.0,2
1601000,Caesar,Paris,DJEMBES,SEASHELLS,13295.0,3
1602600,Caesar,Paris,DJEMBES,SEASHELLS,13295.0,5
1603700,Caesar,Paris,DJEMBES,SEASHELLS,13287.0,1
1604100,Paris,Caesar,DJEMBES,SEASHELLS,13283.0,2
1604300,Paris,Caesar,DJEMBES,SEASHELLS,13285.0,3
1605300,Paris,Caesar,DJEMBES,SEASHELLS,13286.0,1
1606000,Caesar,Paris,DJEMBES,SEASHELLS,13287.0,1
1606300,Paris,Caesar,DJEMBES,SEASHELLS,13285.0,2
1607500,Paris,Caesar,DJEMBES,SEASHELLS,13275.0,4
1607800,Paris,Caesar,DJEMBES,SEASHELLS,13273.0,1
1610600,Caesar,Paris,DJEMBES,SEASHELLS,13265.0,1
1610900,Paris,Caesar,DJEMBES,SEASHELLS,13265.0,5
1612300,Caesar,Camilla,DJEMBES,SEASHELLS,13266.0,7
1615200,Caesar,Paris,DJEMBES,SEASHELLS,13262.0,3
1616100,Caesar,Paris,DJEMBES,SEASHELLS,13252.0,3
1616300,Caesar,Paris,DJEMBES,SEASHELLS,13252.0,3
1616800,Caesar,Camilla,DJEMBES,SEASHELLS,13257.0,4
1616800,Paris,Caesar,DJEMBES,SEASHELLS,13258.0,3
1617000,Paris,Caesar,DJEMBES,SEASHELLS,13257.0,1
1617200,Paris,Caesar,DJEMBES,SEASHELLS,13260.0,2
1618100,Caesar,Paris,DJEMBES,SEASHELLS,13249.0,4
1619200,Caesar,Paris,DJEMBES,SEASHELLS,13251.0,3
1619800,Paris,Caesar,DJEMBES,SEASHELLS,13258.0,5
1619900,Paris,Caesar,DJEMBES,SEASHELLS,13258.0,1
1620300,Caesar,Camilla,DJEMBES,SEASHELLS,13256.0,11
1622700,Paris,Caesar,DJEMBES,SEASHELLS,13261.0,1
1624400,Caesar,Paris,DJEMBES,SEASHELLS,13270.0,2
1624500,Paris,Caesar,DJEMBES,SEASHELLS,13272.0,3
1625900,Caesar,Paris,DJEMBES,SEASHELLS,13277.0,5
1626900,Paris,Caesar,DJEMBES,SEASHELLS,13285.0,2
1627500,Caesar,Paris,DJEMBES,SEASHELLS,13285.0,3
1628700,Paris,Caesar,DJEMBES,SEASHELLS,13278.0,3
1629400,Paris,Caesar,DJEMBES,SEASHELLS,13277.0,2
1630300,Caesar,Paris,DJEMBES,SEASHELLS,13280.0,3
1631300,Caesar,Camilla,DJEMBES,SEASHELLS,13285.0,6
1631700,Paris,Caesar,DJEMBES,SEASHELLS,13290.0,1
1632300,Caesar,Paris,DJEMBES,SEASHELLS,13289.0,4
1633800,Caesar,Camilla,DJEMBES,SEASHELLS,13297.0,5
1634100,Caesar,Paris,DJEMBES,SEASHELLS,13297.0,2
1634700,Caesar,Paris,DJEMBES,SEASHELLS,13298.0,5
1635000,Caesar,Paris,DJEMBES,SEASHELLS,13298.0,3
1638300,Caesar,Paris,DJEMBES,SEASHELLS,13301.0,4
1638400,Caesar,Paris,DJEMBES,SEASHELLS,13301.0,2
1639500,Caesar,Paris,DJEMBES,SEASHELLS,13312.0,4
1640000,Caesar,Paris,DJEMBES,SEASHELLS,13309.0,4
1640400,Caesar,Paris,DJEMBES,SEASHELLS,13305.0,3
1642100,Caesar,Camilla,DJEMBES,SEASHELLS,13300.0,6
1642600,Paris,Caesar,DJEMBES,SEASHELLS,13298.0,4
1643200,Caesar,Paris,DJEMBES,SEASHELLS,13295.0,3
1643300,Caesar,Paris,DJEMBES,SEASHELLS,13296.0,1
1644700,Paris,Caesar,DJEMBES,SEASHELLS,13299.0,2
1645100,Paris,Caesar,DJEMBES,SEASHELLS,13299.0,3
1645600,Caesar,Paris,DJEMBES,SEASHELLS,13297.0,3
1646000,Caesar,Paris,DJEMBES,SEASHELLS,13294.0,2
1650600,Caesar,Paris,DJEMBES,SEASHELLS,13294.0,3
1650800,Paris,Caesar,DJEMBES,SEASHELLS,13295.0,1
1651400,Paris,Caesar,DJEMBES,SEASHELLS,13292.0,2
1651900,Caesar,Paris,DJEMBES,SEASHELLS,13289.0,1
1654500,Caesar,Paris,DJEMBES,SEASHELLS,13285.0,2
1654600,Paris,Caesar,DJEMBES,SEASHELLS,13286.0,2
1654900,Caesar,Paris,DJEMBES,SEASHELLS,13281.0,1
1655300,Paris,Caesar,DJEMBES,SEASHELLS,13287.0,2
1655500,Caesar,Paris,DJEMBES,SEASHELLS,13286.0,5
1656200,Caesar,Paris,DJEMBES,SEASHELLS,13285.0,3
1656400,Caesar,Paris,DJEMBES,SEASHELLS,13284.0,5
1656500,Paris,Caesar,DJEMBES,SEASHELLS,13283.0,2
1657700,Caesar,Paris,DJEMBES,SEASHELLS,13283.0,4
1658300,Paris,Caesar,DJEMBES,SEASHELLS,13283.0,2
1658800,Caesar,Camilla,DJEMBES,SEASHELLS,13286.0,5
1658900,Caesar,Paris,DJEMBES,SEASHELLS,13288.0,1
1660100,Paris,Caesar,DJEMBES,SEASHELLS,13290.0,4
1662800,Caesar,Paris,DJEMBES,SEASHELLS,13287.0,5
1664300,Paris,Caesar,DJEMBES,SEASHELLS,13287.0,4
1664800,Paris,Caesar,DJEMBES,SEASHELLS,13288.0,2
1665300,Caesar,Paris,DJEMBES,SEASHELLS,13286.0,2
1666000,Paris,Caesar,DJEMBES,SEASHELLS,13287.0,3
1666700,Caesar,Camilla,DJEMBES,SEASHELLS,13284.0,6
1666900,Paris,Caesar,DJEMBES,SEASHELLS,13287.0,5
1667300,Caesar,Paris,DJEMBES,SEASHELLS,13287.0,2
1667900,Caesar,Paris,DJEMBES,SEASHELLS,13284.0,5
1668000,Caesar,Paris,DJEMBES,SEASHELLS,13284.0,3
1670600,Caesar,Paris,DJEMBES,SEASHELLS,13278.0,5
1671300,Paris,Caesar,DJEMBES,SEASHELLS,13282.0,4
1673400,Paris,Caesar,DJEMBES,SEASHELLS,13281.0,4
1674500,Caesar,Paris,DJEMBES,SEASHELLS,13273.0,1
1675300,Caesar,Paris,DJEMBES,SEASHELLS,13271.0,3
1676300,Caesar,Paris,DJEMBES,SEASHELLS,13277.0,1
1677700,Caesar,Paris,DJEMBES,SEASHELLS,13271.0,3
1678800,Caesar,Paris,DJEMBES,SEASHELLS,13267.0,3
1680000,Caesar,Paris,DJEMBES,SEASHELLS,13268.0,4
1680800,Paris,Caesar,DJEMBES,SEASHELLS,13263.0,1
1682300,Caesar,Paris,DJEMBES,SEASHELLS,13264.0,4
1682700,Caesar,Paris,DJEMBES,SEASHELLS,13269.0,3
1687400,Caesar,Camilla,DJEMBES,SEASHELLS,13279.0,5
1688700,Paris,Caesar,DJEMBES,SEASHELLS,13283.0,1
1689300,Paris,Caesar,DJEMBES,SEASHELLS,13283.0,1
1690400,Caesar,Paris,DJEMBES,SEASHELLS,13276.0,2
1690900,Caesar,Camilla,DJEMBES,SEASHELLS,13274.0,3
1691300,Caesar,Paris,DJEMBES,SEASHELLS,13274.0,3
1692900,Caesar,Camilla,DJEMBES,SEASHELLS,13273.0,5
1694100,Paris,Caesar,DJEMBES,SEASHELLS,13275.0,3
1694500,Caesar,Camilla,DJEMBES,SEASHELLS,13274.0,4
1694500,Caesar,Paris,DJEMBES,SEASHELLS,13274.0,3
1695100,Caesar,Paris,DJEMBES,SEASHELLS,13273.0,2
1696000,Caesar,Paris,DJEMBES,SEASHELLS,13278.0,1
1697400,Caesar,Paris,DJEMBES,SEASHELLS,13277.0,1
1697600,Caesar,Paris,DJEMBES,SEASHELLS,13278.0,3
1699700,Paris,Caesar,DJEMBES,SEASHELLS,13276.0,4
1699900,Caesar,Camilla,DJEMBES,SEASHELLS,13276.0,9
1701100,Caesar,Paris,DJEMBES,SEASHELLS,13274.0,4
1701300,Caesar,Paris,DJEMBES,SEASHELLS,13274.0,1
1701500,Caesar,Paris,DJEMBES,SEASHELLS,13273.0,1
1702300,Paris,Caesar,DJEMBES,SEASHELLS,13274.0,5
1703900,Paris,Caesar,DJEMBES,SEASHELLS,13274.0,4
1706900,Caesar,Paris,DJEMBES,SEASHELLS,13281.0,1
1707600,Caesar,Paris,DJEMBES,SEASHELLS,13287.0,4
1708100,Paris,Caesar,DJEMBES,SEASHELLS,13289.0,2
1710200,Caesar,Paris,DJEMBES,SEASHELLS,13291.0,1
1710800,Caesar,Paris,DJEMBES,SEASHELLS,13288.0,1
1711800,Caesar,Paris,DJEMBES,SEASHELLS,13284.0,2
1712200,Paris,Caesar,DJEMBES,SEASHELLS,13284.0,2
1712300,Paris,Caesar,DJEMBES,SEASHELLS,13287.0,4
1712900,Caesar,Paris,DJEMBES,SEASHELLS,13290.0,5
1713300,Paris,Caesar,DJEMBES,SEASHELLS,13290.0,4
1714000,Paris,Caesar,DJEMBES,SEASHELLS,13289.0,5
1714100,Caesar,Paris,DJEMBES,SEASHELLS,13289.0,5
1714400,Caesar,Paris,DJEMBES,SEASHELLS,13288.0,1
1716500,Caesar,Paris,DJEMBES,SEASHELLS,13288.0,3
1716900,Caesar,Camilla,DJEMBES,SEASHELLS,13290.0,6
1720200,Caesar,Paris,DJEMBES,SEASHELLS,13282.0,5
1720600,Caesar,Paris,DJEMBES,SEASHELLS,13282.0,1
1722000,Caesar,Paris,DJEMBES,SEASHELLS,13280.0,5
1722500,Caesar,Camilla,DJEMBES,SEASHELLS,13278.0,7
1722800,Caesar,Camilla,DJEMBES,SEASHELLS,13277.0,11
1725300,Caesar,Camilla,DJEMBES,SEASHELLS,13272.0,9
1725500,Caesar,Camilla,DJEMBES,SEASHELLS,13271.0,5
1725800,Paris,Caesar,DJEMBES,SEASHELLS,13274.0,1
1726300,Caesar,Paris,DJEMBES,SEASHELLS,13271.0,1
1728700,Caesar,Paris,DJEMBES,SEASHELLS,13267.0,4
1730600,Caesar,Paris,DJEMBES,SEASHELLS,13275.0,2
1731100,Paris,Caesar,DJEMBES,SEASHELLS,13275.0,2
1733500,Caesar,Paris,DJEMBES,SEASHELLS,13268.0,3
1734200,Caesar,Paris,DJEMBES,SEASHELLS,13269.0,5
1735600,Caesar,Paris,DJEMBES,SEASHELLS,13264.0,5
1738300,Paris,Caesar,DJEMBES,SEASHELLS,13278.0,4
1740800,Paris,Caesar,DJEMBES,SEASHELLS,13283.0,5
1741600,Paris,Caesar,DJEMBES,SEASHELLS,13284.0,4
1742100,Paris,Caesar,DJEMBES,SEASHELLS,13284.0,1
1743600,Caesar,Paris,DJEMBES,SEASHELLS,13283.0,5
1744100,Paris,Caesar,DJEMBES,SEASHELLS,13286.0,1
1744200,Caesar,Paris,DJEMBES,SEASHELLS,13285.0,5
1744800,Paris,Caesar,DJEMBES,SEASHELLS,13284.0,2
1745100,Paris,Caesar,DJEMBES,SEASHELLS,13284.0,2
1745700,Paris,Caesar,DJEMBES,SEASHELLS,13286.0,1
1746700,Paris,Caesar,DJEMBES,SEASHELLS,13284.0,2
1747000,Paris,Caesar,DJEMBES,SEASHELLS,13286.0,5
1747600,Paris,Caesar,DJEMBES,SEASHELLS,13285.0,2
1747700,Caesar,Paris,DJEMBES,SEASHELLS,13284.0,5
1748900,Caesar,Paris,DJEMBES,SEASHELLS,13281.0,3
1750200,Caesar,Paris,DJEMBES,SEASHELLS,13283.0,4
1751000,Paris,Caesar,DJEMBES,SEASHELLS,13284.0,4
1754100,Paris,Caesar,DJEMBES,SEASHELLS,13280.0,4
1754600,Caesar,Paris,DJEMBES,SEASHELLS,13278.0,5
1755100,Paris,Caesar,DJEMBES,SEASHELLS,13277.0,1
1755500,Caesar,Paris,DJEMBES,SEASHELLS,13276.0,3
1757100,Caesar,Paris,DJEMBES,SEASHELLS,13284.0,3
1757300,Paris,Caesar,DJEMBES,SEASHELLS,13287.0,4
1758600,Paris,Caesar,DJEMBES,SEASHELLS,13292.0,4
1758900,Paris,Caesar,DJEMBES,SEASHELLS,13292.0,1
1761900,Caesar,Paris,DJEMBES,SEASHELLS,13295.0,4
1763300,Caesar,Paris,DJEMBES,SEASHELLS,13301.0,3
1764300,Caesar,Paris,DJEMBES,SEASHELLS,13301.0,4
1764800,Caesar,Camilla,DJEMBES,SEASHELLS,13299.0,11
1765000,Caesar,Paris,DJEMBES,SEASHELLS,13300.0,1
1765300,Caesar,Paris,DJEMBES,SEASHELLS,13302.0,5
1767400,Paris,Caesar,DJEMBES,SEASHELLS,13316.0,1
1768900,Paris,Caesar,DJEMBES,SEASHELLS,13314.0,4
1770500,Paris,Caesar,DJEMBES,SEASHELLS,13319.0,4
1771300,Caesar,Paris,DJEMBES,SEASHELLS,13313.0,3
1771400,Caesar,Paris,DJEMBES,SEASHELLS,13313.0,5
1771500,Caesar,Paris,DJEMBES,SEASHELLS,13311.0,5
1772000,Paris,Caesar,DJEMBES,SEASHELLS,13318.0,2
1772100,Caesar,Paris,DJEMBES,SEASHELLS,13317.0,2
1773000,Paris,Caesar,DJEMBES,SEASHELLS,13316.0,2
1773500,Paris,Caesar,DJEMBES,SEASHELLS,13311.0,1
1774700,Paris,Caesar,DJEMBES,SEASHELLS,13321.0,4
1775300,Paris,Caesar,DJEMBES,SEASHELLS,13323.0,1
1775500,Paris,Caesar,DJEMBES,SEASHELLS,13324.0,5
1776100,Caesar,Paris,DJEMBES,SEASHELLS,13325.0,3
1776500,Paris,Caesar,DJEMBES,SEASHELLS,13329.0,4
1776700,Caesar,Paris,DJEMBES,SEASHELLS,13325.0,5
1778200,Caesar,Paris,DJEMBES,SEASHELLS,13330.0,5
1779000,Paris,Caesar,DJEMBES,SEASHELLS,13337.0,4
1779600,Caesar,Paris,DJEMBES,SEASHELLS,13332.0,5
1780700,Caesar,Paris,DJEMBES,SEASHELLS,13331.0,4
1784400,Paris,Caesar,DJEMBES,SEASHELLS,13318.0,5
1788300,Paris,Caesar,DJEMBES,SEASHELLS,13333.0,5
1789700,Caesar,Paris,DJEMBES,SEASHELLS,13335.0,2
1790200,Caesar,Paris,DJEMBES,SEASHELLS,13334.0,5
1792300,Paris,Caesar,DJEMBES,SEASHELLS,13341.0,1
1792900,Caesar,Paris,DJEMBES,SEASHELLS,13341.0,2
1793600,Caesar,Paris,DJEMBES,SEASHELLS,13343.0,5
1794100,Paris,Caesar,DJEMBES,SEASHELLS,13342.0,3
1794300,Caesar,Paris,DJEMBES,SEASHELLS,13338.0,1
1794500,Paris,Caesar,DJEMBES,SEASHELLS,13339.0,4
1795800,Paris,Caesar,DJEMBES,SEASHELLS,13344.0,1
1796400,Caesar,Paris,DJEMBES,SEASHELLS,13341.0,2
1798800,Caesar,Camilla,DJEMBES,SEASHELLS,13335.0,9
1799100,Paris,Caesar,DJEMBES,SEASHELLS,13335.0,5
1799300,Paris,Caesar,DJEMBES,SEASHELLS,13336.0,5
1800400,Caesar,Camilla,DJEMBES,SEASHELLS,13335.0,11
1804400,Caesar,Paris,DJEMBES,SEASHELLS,13331.0,3
1804800,Paris,Caesar,DJEMBES,SEASHELLS,13332.0,4
1804900,Paris,Caesar,DJEMBES,SEASHELLS,13332.0,5
1808200,Caesar,Camilla,DJEMBES,SEASHELLS,13333.0,5
1809900,Paris,Caesar,DJEMBES,SEASHELLS,13331.0,3
1810200,Paris,Caesar,DJEMBES,SEASHELLS,13333.0,3
1810900,Paris,Caesar,DJEMBES,SEASHELLS,13334.0,1
1811400,Caesar,Paris,DJEMBES,SEASHELLS,13332.0,5
1811900,Paris,Caesar,DJEMBES,SEASHELLS,13333.0,5
1812000,Paris,Caesar,DJEMBES,SEASHELLS,13337.0,1
1813000,Paris,Caesar,DJEMBES,SEASHELLS,13334.0,5
1813600,Paris,Caesar,DJEMBES,SEASHELLS,13337.0,4
1816500,Caesar,Paris,DJEMBES,SEASHELLS,13344.0,4
1818000,Caesar,Paris,DJEMBES,SEASHELLS,13339.0,2
1820500,Caesar,Paris,DJEMBES,SEASHELLS,13336.0,5
1820800,Paris,Caesar,DJEMBES,SEASHELLS,13335.0,2
1823300,Caesar,Camilla,DJEMBES,SEASHELLS,13331.0,8
1823400,Caesar,Paris,DJEMBES,SEASHELLS,13330.0,5
1824200,Paris,Caesar,DJEMBES,SEASHELLS,13332.0,5
1825600,Caesar,Paris,DJEMBES,SEASHELLS,13327.0,1
1825700,Paris,Caesar,DJEMBES,SEASHELLS,13325.0,1
1827900,Caesar,Paris,DJEMBES,SEASHELLS,13333.0,4
1829000,Caesar,Paris,DJEMBES,SEASHELLS,13337.0,3
1830200,Caesar,Paris,DJEMBES,SEASHELLS,13336.0,4
1831900,Paris,Caesar,DJEMBES,SEASHELLS,13336.0,5
1832100,Paris,Caesar,DJEMBES,SEASHELLS,13335.0,1
1835200,Paris,Caesar,DJEMBES,SEASHELLS,13327.0,2
1835700,Caesar,Paris,DJEMBES,SEASHELLS,13322.0,5
1836100,Caesar,Paris,DJEMBES,SEASHELLS,13322.0,3
1837900,Caesar,Paris,DJEMBES,SEASHELLS,13322.0,2
1838400,Paris,Caesar,DJEMBES,SEASHELLS,13325.0,4
1840600,Paris,Caesar,DJEMBES,SEASHELLS,13319.0,4
1840900,Caesar,Paris,DJEMBES,SEASHELLS,13317.0,3
1843600,Caesar,Paris,DJEMBES,SEASHELLS,13322.0,1
1843900,Paris,Caesar,DJEMBES,SEASHELLS,13325.0,3
1844000,Caesar,Paris,DJEMBES,SEASHELLS,13324.0,4
1847100,Caesar,Paris,DJEMBES,SEASHELLS,13323.0,2
1848600,Caesar,Camilla,DJEMBES,SEASHELLS,13327.0,7
1849100,Caesar,Paris,DJEMBES,SEASHELLS,13329.0,3
1849300,Paris,Caesar,DJEMBES,SEASHELLS,13331.0,5
1850500,Paris,Caesar,DJEMBES,SEASHELLS,13330.0,2
1850700,Caesar,Paris,DJEMBES,SEASHELLS,13330.0,2
1851100,Paris,Caesar,DJEMBES,SEASHELLS,13334.0,5
1851800,Paris,Caesar,DJEMBES,SEASHELLS,13336.0,2
1852300,Caesar,Paris,DJEMBES,SEASHELLS,13335.0,2
1853100,Paris,Caesar,DJEMBES,SEASHELLS,13339.0,4
1854500,Caesar,Camilla,DJEMBES,SEASHELLS,13329.0,10
1854600,Paris,Caesar,DJEMBES,SEASHELLS,13331.0,3
1854800,Caesar,Paris,DJEMBES,SEASHELLS,13332.0,3
1857700,Paris,Caesar,DJEMBES,SEASHELLS,13331.0,2
1858000,Paris,Caesar,DJEMBES,SEASHELLS,13330.0,3
1858200,Paris,Caesar,DJEMBES,SEASHELLS,13328.0,2
1858500,Caesar,Paris,DJEMBES,SEASHELLS,13328.0,5
1860000,Caesar,Paris,DJEMBES,SEASHELLS,13324.0,4
1860400,Paris,Caesar,DJEMBES,SEASHELLS,13324.0,1
1863500,Paris,Caesar,DJEMBES,SEASHELLS,13325.0,3
1864200,Caesar,Paris,DJEMBES,SEASHELLS,13321.0,2
1866900,Caesar,Camilla,DJEMBES,SEASHELLS,13315.0,10
1867100,Paris,Caesar,DJEMBES,SEASHELLS,13316.0,2
1869200,Caesar,Paris,DJEMBES,SEASHELLS,13308.0,5
1870200,Paris,Caesar,DJEMBES,SEASHELLS,13314.0,4
1870400,Caesar,Camilla,DJEMBES,SEASHELLS,13312.0,7
1871800,Paris,Caesar,DJEMBES,SEASHELLS,13315.0,5
1872300,Caesar,Paris,DJEMBES,SEASHELLS,13312.0,5
1873400,Paris,Caesar,DJEMBES,SEASHELLS,13316.0,5
1874000,Paris,Caesar,DJEMBES,SEASHELLS,13314.0,2
1875300,Caesar,Paris,DJEMBES,SEASHELLS,13312.0,4
1875500,Caesar,Camilla,DJEMBES,SEASHELLS,13313.0,8
1876200,Paris,Caesar,DJEMBES,SEASHELLS,13317.0,5
1877000,Caesar,Paris,DJEMBES,SEASHELLS,13320.0,1
1877200,Paris,Caesar,DJEMBES,SEASHELLS,13321.0,2
1878500,Paris,Caesar,DJEMBES,SEASHELLS,13322.0,4
1878900,Caesar,Paris,DJEMBES,SEASHELLS,13321.0,5
1879200,Caesar,Camilla,DJEMBES,SEASHELLS,13321.0,5
1879200,Caesar,Paris,DJEMBES,SEASHELLS,13321.0,1
1880900,Paris,Caesar,DJEMBES,SEASHELLS,13318.0,2
1881100,Caesar,Paris,DJEMBES,SEASHELLS,13317.0,2
1881500,Caesar,Paris,DJEMBES,SEASHELLS,13319.0,1
1881700,Paris,Caesar,DJEMBES,SEASHELLS,13320.0,4
1881900,Paris,Caesar,DJEMBES,SEASHELLS,13322.0,4
1883300,Caesar,Paris,DJEMBES,SEASHELLS,13317.0,5
1883600,Paris,Caesar,DJEMBES,SEASHELLS,13316.0,3
1884000,Caesar,Paris,DJEMBES,SEASHELLS,13315.0,4
1884400,Caesar,Camilla,DJEMBES,SEASHELLS,13319.0,9
1884500,Caesar,Paris,DJEMBES,SEASHELLS,13319.0,3
1885200,Paris,Caesar,DJEMBES,SEASHELLS,13320.0,3
1886000,Paris,Caesar,DJEMBES,SEASHELLS,13315.0,4
1886100,Paris,Caesar,DJEMBES,SEASHELLS,13315.0,5
1887200,Paris,Caesar,DJEMBES,SEASHELLS,13314.0,1
1887900,Caesar,Camilla,DJEMBES,SEASHELLS,13315.0,5
1887900,Paris,Caesar,DJEMBES,SEASHELLS,13316.0,5
1889800,Caesar,Paris,DJEMBES,SEASHELLS,13314.0,5
1891900,Caesar,Paris,DJEMBES,SEASHELLS,13308.0,2
1894800,Paris,Caesar,DJEMBES,SEASHELLS,13320.0,4
1894900,Caesar,Paris,DJEMBES,SEASHELLS,13319.0,1
1896300,Caesar,Paris,DJEMBES,SEASHELLS,13320.0,4
1896400,Paris,Caesar,DJEMBES,SEASHELLS,13321.0,4
1897300,Paris,Caesar,DJEMBES,SEASHELLS,13324.0,3
1904600,Paris,Caesar,DJEMBES,SEASHELLS,13326.0,5
1907300,Paris,Caesar,DJEMBES,SEASHELLS,13322.0,3
1907900,Caesar,Paris,DJEMBES,SEASHELLS,13315.0,1
1908500,Caesar,Paris,DJEMBES,SEASHELLS,13317.0,5
1908700,Caesar,Camilla,DJEMBES,SEASHELLS,13315.0,5
1909100,Caesar,Paris,DJEMBES,SEASHELLS,13315.0,5
1910400,Caesar,Camilla,DJEMBES,SEASHELLS,13313.0,6
1913400,Caesar,Paris,DJEMBES,SEASHELLS,13318.0,3
1914100,Paris,Caesar,DJEMBES,SEASHELLS,13320.0,2
1914500,Caesar,Paris,DJEMBES,SEASHELLS,13320.0,4
1915400,Caesar,Paris,DJEMBES,SEASHELLS,13320.0,2
1915800,Paris,Caesar,DJEMBES,SEASHELLS,13321.0,5
1916500,Paris,Caesar,DJEMBES,SEASHELLS,13322.0,1
1917200,Caesar,Paris,DJEMBES,SEASHELLS,13319.0,5
1917500,Paris,Caesar,DJEMBES,SEASHELLS,13319.0,3
1918200,Paris,Caesar,DJEMBES,SEASHELLS,13320.0,4
1918300,Caesar,Paris,DJEMBES,SEASHELLS,13320.0,2
1918500,Paris,Caesar,DJEMBES,SEASHELLS,13322.0,1
1919300,Caesar,Paris,DJEMBES,SEASHELLS,13322.0,2
1919500,Paris,Caesar,DJEMBES,SEASHELLS,13323.0,1
1923400,Paris,Caesar,DJEMBES,SEASHELLS,13324.0,2
1925500,Paris,Caesar,DJEMBES,SEASHELLS,13323.0,4
1927400,Caesar,Paris,DJEMBES,SEASHELLS,13325.0,5
1927900,Caesar,Paris,DJEMBES,SEASHELLS,13323.0,3
1931300,Caesar,Paris,DJEMBES,SEASHELLS,13316.0,5
1934700,Paris,Caesar,DJEMBES,SEASHELLS,13323.0,3
1935200,Paris,Caesar,DJEMBES,SEASHELLS,13322.0,1
1935400,Paris,Caesar,DJEMBES,SEASHELLS,13322.0,3
1938800,Caesar,Paris,DJEMBES,SEASHELLS,13324.0,3
1939300,Caesar,Paris,DJEMBES,SEASHELLS,13323.0,3
1940900,Caesar,Camilla,DJEMBES,SEASHELLS,13328.0,7
1941600,Caesar,Paris,DJEMBES,SEASHELLS,13328.0,3
1942000,Paris,Caesar,DJEMBES,SEASHELLS,13327.0,3
1942800,Caesar,Paris,DJEMBES,SEASHELLS,13334.0,3
1943400,Paris,Caesar,DJEMBES,SEASHELLS,13336.0,2
1944000,Caesar,Paris,DJEMBES,SEASHELLS,13336.0,3
1944100,Paris,Caesar,DJEMBES,SEASHELLS,13338.0,4
1946100,Paris,Caesar,DJEMBES,SEASHELLS,13334.0,2
1946200,Caesar,Paris,DJEMBES,SEASHELLS,13333.0,3
1948300,Caesar,Paris,DJEMBES,SEASHELLS,13330.0,1
1949500,Caesar,Paris,DJEMBES,SEASHELLS,13333.0,1
1949600,Paris,Caesar,DJEMBES,SEASHELLS,13333.0,1
1950000,Paris,Caesar,DJEMBES,SEASHELLS,13333.0,3
1951100,Paris,Caesar,DJEMBES,SEASHELLS,13332.0,4
1951600,Paris,Caesar,DJEMBES,SEASHELLS,13334.0,5
1952200,Paris,Caesar,DJEMBES,SEASHELLS,13334.0,2
1954200,Paris,Caesar,DJEMBES,SEASHELLS,13339.0,4
1955600,Caesar,Paris,DJEMBES,SEASHELLS,13340.0,3
1957900,Caesar,Paris,DJEMBES,SEASHELLS,13343.0,2
1959300,Caesar,Paris,DJEMBES,SEASHELLS,13341.0,3
1961400,Paris,Caesar,DJEMBES,SEASHELLS,13345.0,2
1962300,Caesar,Paris,DJEMBES,SEASHELLS,13352.0,2
1964900,Paris,Caesar,DJEMBES,SEASHELLS,13353.0,5
1965000,Caesar,Paris,DJEMBES,SEASHELLS,13353.0,2
1965300,Caesar,Camilla,DJEMBES,SEASHELLS,13355.0,9
1965300,Caesar,Paris,DJEMBES,SEASHELLS,13355.0,1
1966600,Paris,Caesar,DJEMBES,SEASHELLS,13358.0,4
1967400,Paris,Caesar,DJEMBES,SEASHELLS,13359.0,5
1967700,Paris,Caesar,DJEMBES,SEASHELLS,13359.0,1
1968100,Caesar,Camilla,DJEMBES,SEASHELLS,13358.0,11
1969300,Paris,Caesar,DJEMBES,SEASHELLS,13357.0,3
1969500,Caesar,Camilla,DJEMBES,SEASHELLS,13353.0,8
1969600,Caesar,Paris,DJEMBES,SEASHELLS,13352.0,5
1970100,Paris,Caesar,DJEMBES,SEASHELLS,13352.0,4
1971600,Paris,Caesar,DJEMBES,SEASHELLS,13362.0,4
1972000,Paris,Caesar,DJEMBES,SEASHELLS,13366.0,2
1972100,Caesar,Paris,DJEMBES,SEASHELLS,13366.0,5
1973500,Caesar,Paris,DJEMBES,SEASHELLS,13367.0,5
1974100,Paris,Caesar,DJEMBES,SEASHELLS,13367.0,5
1974400,Caesar,Camilla,DJEMBES,SEASHELLS,13366.0,3
1975200,Paris,Caesar,DJEMBES,SEASHELLS,13368.0,2
1976800,Paris,Caesar,DJEMBES,SEASHELLS,13364.0,2
1977000,Paris,Caesar,DJEMBES,SEASHELLS,13365.0,3
1978100,Caesar,Paris,DJEMBES,SEASHELLS,13367.0,1
1978900,Paris,Caesar,DJEMBES,SEASHELLS,13368.0,5
1979400,Caesar,Paris,DJEMBES,SEASHELLS,13368.0,5
1979600,Caesar,Camilla,DJEMBES,SEASHELLS,13368.0,3
1980600,Caesar,Camilla,DJEMBES,SEASHELLS,13369.0,11
1981100,Paris,Caesar,DJEMBES,SEASHELLS,13371.0,4
1981700,Paris,Caesar,DJEMBES,SEASHELLS,13372.0,4
1981900,Paris,Caesar,DJEMBES,SEASHELLS,13372.0,5
1982000,Caesar,Paris,DJEMBES,SEASHELLS,13371.0,5
1983400,Paris,Caesar,DJEMBES,SEASHELLS,13372.0,1
1984500,Caesar,Camilla,DJEMBES,SEASHELLS,13371.0,3
1984500,Paris,Caesar,DJEMBES,SEASHELLS,13372.0,3
1984900,Paris,Caesar,DJEMBES,SEASHELLS,13371.0,2
1986800,Caesar,Paris,DJEMBES,SEASHELLS,13372.0,1
1988200,Caesar,Paris,DJEMBES,SEASHELLS,13373.0,2
1988400,Caesar,Paris,DJEMBES,SEASHELLS,13373.0,2
1988600,Paris,Caesar,DJEMBES,SEASHELLS,13375.0,5
1991000,Caesar,Paris,DJEMBES,SEASHELLS,13372.0,1
1991600,Caesar,Paris,DJEMBES,SEASHELLS,13374.0,3
1993100,Caesar,Paris,DJEMBES,SEASHELLS,13378.0,2
1994100,Caesar,Paris,DJEMBES,SEASHELLS,13376.0,3
1998300,Paris,Caesar,DJEMBES,SEASHELLS,13373.0,1
