day,timestamp,product,bid_price_1,bid_volume_1,bid_price_2,bid_volume_2,bid_price_3,bid_volume_3,ask_price_1,ask_volume_1,ask_price_2,ask_volume_2,ask_price_3,ask_volume_3,mid_price,profit_and_loss
2,0,JAMS,6519.0,59.0,6518.0,196.0,,,6520.0,59.0,6521.0,196.0,,,6519.5,0.0
2,100,JAMS,6519.0,224.0,,,,,6521.0,224.0,,,,,6520.0,0.0
2,200,JAMS,6519.0,50.0,6518.0,123.0,,,6520.0,50.0,6521.0,123.0,,,6519.5,0.0
2,300,JAMS,6519.0,83.0,6518.0,163.0,,,6520.0,73.0,6521.0,163.0,,,6519.5,0.0
2,400,JAMS,6519.0,52.0,6518.0,121.0,,,6520.0,52.0,6521.0,121.0,,,6519.5,0.0
2,500,JAMS,6518.0,248.0,,,,,6520.0,248.0,,,,,6519.0,0.0
2,600,JAMS,6518.0,187.0,,,,,6520.0,187.0,,,,,6519.0,0.0
2,700,JAMS,6519.0,220.0,,,,,6520.0,3.0,6521.0,220.0,,,6519.5,0.0
2,800,JAMS,6519.0,214.0,,,,,6521.0,214.0,,,,,6520.0,0.0
2,900,JAMS,6519.0,174.0,,,,,6521.0,174.0,,,,,6520.0,0.0
2,1000,JAMS,6520.0,265.0,,,,,6522.0,265.0,,,,,6521.0,0.0
2,1100,JAMS,6521.0,270.0,,,,,6523.0,270.0,,,,,6522.0,0.0
2,1200,JAMS,6521.0,190.0,,,,,6523.0,190.0,,,,,6522.0,0.0
2,1300,JAMS,6522.0,228.0,,,,,6524.0,228.0,,,,,6523.0,0.0
2,1400,JAMS,6523.0,98.0,6522.0,110.0,,,6524.0,98.0,6525.0,110.0,,,6523.5,0.0
2,1500,JAMS,6523.0,231.0,,,,,6525.0,231.0,,,,,6524.0,0.0
2,1600,JAMS,6523.0,260.0,,,,,6525.0,260.0,,,,,6524.0,0.0
2,1700,JAMS,6523.0,225.0,,,,,6525.0,225.0,,,,,6524.0,0.0
2,1800,JAMS,6522.0,251.0,,,,,6524.0,251.0,,,,,6523.0,0.0
2,1900,JAMS,6522.0,55.0,6521.0,118.0,,,6523.0,55.0,6524.0,118.0,,,6522.5,0.0
2,2000,JAMS,6520.0,219.0,,,,,6522.0,219.0,,,,,6521.0,0.0
2,2100,JAMS,6520.0,178.0,,,,,6522.0,178.0,,,,,6521.0,0.0
2,2200,JAMS,6520.0,71.0,6519.0,131.0,,,6521.0,71.0,6522.0,131.0,,,6520.5,0.0
2,2300,JAMS,6520.0,82.0,6519.0,117.0,,,6521.0,82.0,6522.0,117.0,,,6520.5,0.0
2,2400,JAMS,6520.0,58.0,6519.0,102.0,,,6521.0,58.0,6522.0,102.0,,,6520.5,0.0
2,2500,JAMS,6520.0,283.0,,,,,6522.0,283.0,,,,,6521.0,0.0
2,2600,JAMS,6520.0,250.0,,,,,6522.0,250.0,,,,,6521.0,0.0
2,2700,JAMS,6520.0,190.0,,,,,6522.0,190.0,,,,,6521.0,0.0
2,2800,JAMS,6520.0,235.0,,,,,6522.0,235.0,,,,,6521.0,0.0
2,2900,JAMS,6520.0,222.0,,,,,6522.0,222.0,,,,,6521.0,0.0
2,3000,JAMS,6521.0,51.0,6520.0,162.0,,,6522.0,51.0,6523.0,162.0,,,6521.5,0.0
2,3100,JAMS,6521.0,248.0,,,,,6523.0,248.0,,,,,6522.0,0.0
2,3200,JAMS,6521.0,84.0,6520.0,119.0,,,6522.0,84.0,6523.0,119.0,,,6521.5,0.0
2,3300,JAMS,6521.0,79.0,6520.0,139.0,,,6522.0,79.0,6523.0,139.0,,,6521.5,0.0
2,3400,JAMS,6523.0,50.0,6522.0,116.0,,,6524.0,50.0,6525.0,116.0,,,6523.5,0.0
2,3500,JAMS,6523.0,193.0,,,,,6524.0,87.0,6525.0,106.0,,,6523.5,0.0
2,3600,JAMS,6523.0,97.0,6522.0,160.0,,,6524.0,97.0,6525.0,160.0,,,6523.5,0.0
2,3700,JAMS,6523.0,75.0,6522.0,123.0,,,6524.0,75.0,6525.0,123.0,,,6523.5,0.0
2,3800,JAMS,6523.0,97.0,6522.0,101.0,,,6524.0,97.0,6525.0,101.0,,,6523.5,0.0
2,3900,JAMS,6523.0,88.0,6522.0,159.0,,,6524.0,88.0,6525.0,159.0,,,6523.5,0.0
2,4000,JAMS,6523.0,80.0,6522.0,162.0,,,6524.0,80.0,6525.0,162.0,,,6523.5,0.0
2,4100,JAMS,6522.0,244.0,,,,,6524.0,244.0,,,,,6523.0,0.0
2,4200,JAMS,6522.0,197.0,,,,,6524.0,197.0,,,,,6523.0,0.0
2,4300,JAMS,6522.0,195.0,,,,,6524.0,195.0,,,,,6523.0,0.0
2,4400,JAMS,6522.0,249.0,,,,,6524.0,249.0,,,,,6523.0,0.0
2,4500,JAMS,6522.0,265.0,,,,,6524.0,265.0,,,,,6523.0,0.0
2,4600,JAMS,6523.0,42.0,6522.0,183.0,,,6524.0,52.0,6525.0,183.0,,,6523.5,0.0
2,4700,JAMS,6522.0,195.0,,,,,6524.0,195.0,,,,,6523.0,0.0
2,4800,JAMS,6523.0,80.0,6522.0,186.0,,,6524.0,266.0,,,,,6523.5,0.0
2,4900,JAMS,6523.0,82.0,6522.0,121.0,,,6524.0,82.0,6525.0,121.0,,,6523.5,0.0
2,5000,JAMS,6522.0,202.0,,,,,6524.0,202.0,,,,,6523.0,0.0
2,5100,JAMS,6522.0,272.0,,,,,6524.0,272.0,,,,,6523.0,0.0
2,5200,JAMS,6523.0,79.0,6522.0,195.0,,,6524.0,274.0,,,,,6523.5,0.0
2,5300,JAMS,6522.0,249.0,,,,,6524.0,249.0,,,,,6523.0,0.0
2,5400,JAMS,6522.0,224.0,,,,,6524.0,224.0,,,,,6523.0,0.0
2,5500,JAMS,6522.0,201.0,,,,,6524.0,205.0,,,,,6523.0,0.0
2,5600,JAMS,6522.0,248.0,,,,,6524.0,248.0,,,,,6523.0,0.0
2,5700,JAMS,6522.0,243.0,,,,,6524.0,243.0,,,,,6523.0,0.0
2,5800,JAMS,6523.0,57.0,6522.0,182.0,,,6524.0,57.0,6525.0,182.0,,,6523.5,0.0
2,5900,JAMS,6523.0,244.0,,,,,6525.0,244.0,,,,,6524.0,0.0
2,6000,JAMS,6524.0,64.0,6523.0,146.0,,,6525.0,64.0,6526.0,146.0,,,6524.5,0.0
2,6100,JAMS,6524.0,70.0,6523.0,113.0,,,6525.0,70.0,6526.0,113.0,,,6524.5,0.0
2,6200,JAMS,6524.0,276.0,,,,,6526.0,279.0,,,,,6525.0,0.0
2,6300,JAMS,6525.0,259.0,,,,,6527.0,259.0,,,,,6526.0,0.0
2,6400,JAMS,6524.0,262.0,,,,,6526.0,262.0,,,,,6525.0,0.0
2,6500,JAMS,6525.0,95.0,6524.0,119.0,,,6526.0,95.0,6527.0,119.0,,,6525.5,0.0
2,6600,JAMS,6525.0,206.0,,,,,6527.0,206.0,,,,,6526.0,0.0
2,6700,JAMS,6525.0,206.0,,,,,6527.0,206.0,,,,,6526.0,0.0
2,6800,JAMS,6525.0,230.0,,,,,6527.0,230.0,,,,,6526.0,0.0
2,6900,JAMS,6525.0,223.0,,,,,6527.0,223.0,,,,,6526.0,0.0
2,7000,JAMS,6525.0,256.0,,,,,6527.0,256.0,,,,,6526.0,0.0
2,7100,JAMS,6526.0,70.0,6525.0,144.0,,,6527.0,70.0,6528.0,144.0,,,6526.5,0.0
2,7200,JAMS,6526.0,66.0,6525.0,104.0,,,6527.0,56.0,6528.0,104.0,,,6526.5,0.0
2,7300,JAMS,6526.0,163.0,,,,,6528.0,163.0,,,,,6527.0,0.0
2,7400,JAMS,6526.0,224.0,,,,,6527.0,6.0,6528.0,224.0,,,6526.5,0.0
2,7500,JAMS,6526.0,56.0,6525.0,132.0,,,6527.0,56.0,6528.0,132.0,,,6526.5,0.0
2,7600,JAMS,6526.0,248.0,,,,,6528.0,248.0,,,,,6527.0,0.0
2,7700,JAMS,6526.0,95.0,6525.0,104.0,,,6527.0,95.0,6528.0,104.0,,,6526.5,0.0
2,7800,JAMS,6526.0,89.0,6525.0,103.0,,,6527.0,89.0,6528.0,103.0,,,6526.5,0.0
2,7900,JAMS,6526.0,95.0,6525.0,196.0,,,6527.0,95.0,6528.0,196.0,,,6526.5,0.0
2,8000,JAMS,6526.0,86.0,6525.0,110.0,,,6527.0,196.0,,,,,6526.5,0.0
2,8100,JAMS,6526.0,84.0,6525.0,167.0,,,6527.0,251.0,,,,,6526.5,0.0
2,8200,JAMS,6524.0,69.0,6523.0,190.0,,,6525.0,69.0,6526.0,190.0,,,6524.5,0.0
2,8300,JAMS,6524.0,65.0,6523.0,159.0,,,6525.0,54.0,6526.0,159.0,,,6524.5,0.0
2,8400,JAMS,6524.0,78.0,6523.0,147.0,,,6525.0,225.0,,,,,6524.5,0.0
2,8500,JAMS,6524.0,87.0,6523.0,124.0,,,6525.0,87.0,6526.0,124.0,,,6524.5,0.0
2,8600,JAMS,6523.0,240.0,,,,,6525.0,240.0,,,,,6524.0,0.0
2,8700,JAMS,6523.0,236.0,,,,,6525.0,236.0,,,,,6524.0,0.0
2,8800,JAMS,6524.0,203.0,,,,,6526.0,203.0,,,,,6525.0,0.0
2,8900,JAMS,6525.0,185.0,,,,,6527.0,185.0,,,,,6526.0,0.0
2,9000,JAMS,6525.0,269.0,,,,,6527.0,269.0,,,,,6526.0,0.0
2,9100,JAMS,6525.0,60.0,6524.0,189.0,,,6526.0,60.0,6527.0,189.0,,,6525.5,0.0
2,9200,JAMS,6525.0,72.0,6524.0,198.0,,,6526.0,72.0,6527.0,198.0,,,6525.5,0.0
2,9300,JAMS,6525.0,61.0,6524.0,178.0,,,6526.0,70.0,6527.0,178.0,,,6525.5,0.0
2,9400,JAMS,6525.0,282.0,,,,,6527.0,282.0,,,,,6526.0,0.0
2,9500,JAMS,6525.0,226.0,,,,,6527.0,226.0,,,,,6526.0,0.0
2,9600,JAMS,6519.0,205.0,,,,,6521.0,205.0,,,,,6520.0,0.0
2,9700,JAMS,6519.0,183.0,,,,,6521.0,183.0,,,,,6520.0,0.0
2,9800,JAMS,6518.0,225.0,,,,,6520.0,225.0,,,,,6519.0,0.0
2,9900,JAMS,6519.0,254.0,,,,,6521.0,254.0,,,,,6520.0,0.0
2,10000,JAMS,6518.0,289.0,,,,,6520.0,289.0,,,,,6519.0,0.0
2,10100,JAMS,6517.0,240.0,,,,,6519.0,240.0,,,,,6518.0,0.0
2,10200,JAMS,6517.0,279.0,,,,,6519.0,279.0,,,,,6518.0,0.0
2,10300,JAMS,6517.0,73.0,6516.0,127.0,,,6518.0,73.0,6519.0,127.0,,,6517.5,0.0
2,10400,JAMS,6517.0,78.0,6516.0,107.0,,,6518.0,78.0,6519.0,107.0,,,6517.5,0.0
2,10500,JAMS,6517.0,12.0,6516.0,246.0,,,6518.0,246.0,,,,,6517.5,0.0
2,10600,JAMS,6514.0,153.0,,,,,6516.0,153.0,,,,,6515.0,0.0
2,10700,JAMS,6516.0,227.0,,,,,6518.0,227.0,,,,,6517.0,0.0
2,10800,JAMS,6517.0,64.0,6516.0,125.0,,,6518.0,64.0,6519.0,125.0,,,6517.5,0.0
2,10900,JAMS,6517.0,217.0,,,,,6519.0,217.0,,,,,6518.0,0.0
2,11000,JAMS,6518.0,77.0,6517.0,101.0,,,6519.0,77.0,6520.0,101.0,,,6518.5,0.0
2,11100,JAMS,6518.0,64.0,6517.0,179.0,,,6519.0,64.0,6520.0,179.0,,,6518.5,0.0
2,11200,JAMS,6519.0,50.0,6518.0,146.0,,,6520.0,50.0,6521.0,146.0,,,6519.5,0.0
2,11300,JAMS,6517.0,227.0,,,,,6519.0,227.0,,,,,6518.0,0.0
2,11400,JAMS,6518.0,91.0,6517.0,190.0,,,6519.0,91.0,6520.0,190.0,,,6518.5,0.0
2,11500,JAMS,6518.0,209.0,,,,,6520.0,209.0,,,,,6519.0,0.0
2,11600,JAMS,6519.0,73.0,6518.0,196.0,,,6520.0,73.0,6521.0,196.0,,,6519.5,0.0
2,11700,JAMS,6519.0,202.0,,,,,6521.0,202.0,,,,,6520.0,0.0
2,11800,JAMS,6520.0,209.0,,,,,6522.0,209.0,,,,,6521.0,0.0
2,11900,JAMS,6521.0,91.0,6520.0,155.0,,,6522.0,91.0,6523.0,155.0,,,6521.5,0.0
2,12000,JAMS,6522.0,217.0,,,,,6524.0,217.0,,,,,6523.0,0.0
2,12100,JAMS,6524.0,267.0,,,,,6525.0,94.0,6526.0,173.0,,,6524.5,0.0
2,12200,JAMS,6524.0,189.0,,,,,6526.0,189.0,,,,,6525.0,0.0
2,12300,JAMS,6524.0,276.0,,,,,6526.0,276.0,,,,,6525.0,0.0
2,12400,JAMS,6525.0,217.0,,,,,6527.0,217.0,,,,,6526.0,0.0
2,12500,JAMS,6526.0,97.0,6525.0,107.0,,,6527.0,97.0,6528.0,107.0,,,6526.5,0.0
2,12600,JAMS,6526.0,214.0,,,,,6528.0,214.0,,,,,6527.0,0.0
2,12700,JAMS,6526.0,262.0,,,,,6528.0,262.0,,,,,6527.0,0.0
2,12800,JAMS,6526.0,181.0,,,,,6527.0,53.0,6528.0,128.0,,,6526.5,0.0
2,12900,JAMS,6526.0,225.0,,,,,6528.0,225.0,,,,,6527.0,0.0
2,13000,JAMS,6527.0,186.0,,,,,6529.0,194.0,,,,,6528.0,0.0
2,13100,JAMS,6527.0,215.0,,,,,6529.0,215.0,,,,,6528.0,0.0
2,13200,JAMS,6528.0,68.0,6527.0,130.0,,,6529.0,68.0,6530.0,130.0,,,6528.5,0.0
2,13300,JAMS,6528.0,192.0,,,,,6529.0,61.0,6530.0,131.0,,,6528.5,0.0
2,13400,JAMS,6528.0,262.0,,,,,6530.0,262.0,,,,,6529.0,0.0
2,13500,JAMS,6527.0,236.0,,,,,6529.0,236.0,,,,,6528.0,0.0
2,13600,JAMS,6527.0,269.0,,,,,6529.0,269.0,,,,,6528.0,0.0
2,13700,JAMS,6526.0,246.0,,,,,6528.0,246.0,,,,,6527.0,0.0
2,13800,JAMS,6528.0,91.0,6527.0,141.0,,,6529.0,91.0,6530.0,141.0,,,6528.5,0.0
2,13900,JAMS,6528.0,87.0,6527.0,167.0,,,6529.0,87.0,6530.0,167.0,,,6528.5,0.0
2,14000,JAMS,6528.0,95.0,6527.0,196.0,,,6529.0,95.0,6530.0,196.0,,,6528.5,0.0
2,14100,JAMS,6528.0,86.0,6527.0,196.0,,,6529.0,86.0,6530.0,196.0,,,6528.5,0.0
2,14200,JAMS,6529.0,88.0,6528.0,164.0,,,6530.0,88.0,6531.0,164.0,,,6529.5,0.0
2,14300,JAMS,6529.0,58.0,6528.0,115.0,,,6530.0,58.0,6531.0,115.0,,,6529.5,0.0
2,14400,JAMS,6528.0,218.0,,,,,6530.0,218.0,,,,,6529.0,0.0
2,14500,JAMS,6529.0,87.0,6528.0,135.0,,,6530.0,87.0,6531.0,135.0,,,6529.5,0.0
2,14600,JAMS,6529.0,217.0,,,,,6531.0,217.0,,,,,6530.0,0.0
2,14700,JAMS,6529.0,72.0,6528.0,131.0,,,6530.0,72.0,6531.0,131.0,,,6529.5,0.0
2,14800,JAMS,6529.0,175.0,,,,,6531.0,175.0,,,,,6530.0,0.0
2,14900,JAMS,6529.0,219.0,,,,,6531.0,219.0,,,,,6530.0,0.0
2,15000,JAMS,6528.0,100.0,6527.0,174.0,,,6529.0,100.0,6530.0,174.0,,,6528.5,0.0
2,15100,JAMS,6526.0,226.0,,,,,6528.0,226.0,,,,,6527.0,0.0
2,15200,JAMS,6527.0,264.0,,,,,6529.0,264.0,,,,,6528.0,0.0
2,15300,JAMS,6527.0,278.0,,,,,6529.0,278.0,,,,,6528.0,0.0
2,15400,JAMS,6528.0,69.0,6527.0,174.0,,,6529.0,243.0,,,,,6528.5,0.0
2,15500,JAMS,6528.0,194.0,,,,,6530.0,194.0,,,,,6529.0,0.0
2,15600,JAMS,6530.0,218.0,,,,,6532.0,218.0,,,,,6531.0,0.0
2,15700,JAMS,6530.0,293.0,,,,,6531.0,95.0,6532.0,198.0,,,6530.5,0.0
2,15800,JAMS,6530.0,93.0,6529.0,156.0,,,6531.0,93.0,6532.0,156.0,,,6530.5,0.0
2,15900,JAMS,6530.0,94.0,6529.0,125.0,,,6531.0,94.0,6532.0,125.0,,,6530.5,0.0
2,16000,JAMS,6529.0,245.0,,,,,6531.0,245.0,,,,,6530.0,0.0
2,16100,JAMS,6529.0,184.0,,,,,6531.0,184.0,,,,,6530.0,0.0
2,16200,JAMS,6529.0,190.0,,,,,6531.0,190.0,,,,,6530.0,0.0
2,16300,JAMS,6529.0,242.0,,,,,6531.0,242.0,,,,,6530.0,0.0
2,16400,JAMS,6529.0,237.0,,,,,6531.0,237.0,,,,,6530.0,0.0
2,16500,JAMS,6529.0,156.0,,,,,6531.0,156.0,,,,,6530.0,0.0
2,16600,JAMS,6529.0,183.0,,,,,6530.0,4.0,6531.0,183.0,,,6529.5,0.0
2,16700,JAMS,6529.0,186.0,,,,,6531.0,186.0,,,,,6530.0,0.0
2,16800,JAMS,6529.0,286.0,,,,,6530.0,6.0,6531.0,286.0,,,6529.5,0.0
2,16900,JAMS,6531.0,73.0,6530.0,105.0,,,6532.0,73.0,6533.0,105.0,,,6531.5,0.0
2,17000,JAMS,6531.0,95.0,6530.0,149.0,,,6532.0,95.0,6533.0,149.0,,,6531.5,0.0
2,17100,JAMS,6532.0,79.0,6531.0,170.0,,,6533.0,79.0,6534.0,170.0,,,6532.5,0.0
2,17200,JAMS,6532.0,150.0,,,,,6534.0,150.0,,,,,6533.0,0.0
2,17300,JAMS,6532.0,92.0,6531.0,137.0,,,6533.0,85.0,6534.0,137.0,,,6532.5,0.0
2,17400,JAMS,6532.0,80.0,6531.0,126.0,,,6533.0,80.0,6534.0,126.0,,,6532.5,0.0
2,17500,JAMS,6532.0,63.0,6531.0,179.0,,,6533.0,63.0,6534.0,179.0,,,6532.5,0.0
2,17600,JAMS,6531.0,158.0,,,,,6533.0,158.0,,,,,6532.0,0.0
2,17700,JAMS,6532.0,85.0,6531.0,140.0,,,6533.0,225.0,,,,,6532.5,0.0
2,17800,JAMS,6531.0,239.0,,,,,6533.0,239.0,,,,,6532.0,0.0
2,17900,JAMS,6531.0,98.0,6530.0,173.0,,,6532.0,98.0,6533.0,173.0,,,6531.5,0.0
2,18000,JAMS,6531.0,78.0,6530.0,154.0,,,6532.0,78.0,6533.0,154.0,,,6531.5,0.0
2,18100,JAMS,6531.0,79.0,6530.0,165.0,,,6532.0,79.0,6533.0,165.0,,,6531.5,0.0
2,18200,JAMS,6531.0,61.0,6530.0,147.0,,,6532.0,208.0,,,,,6531.5,0.0
2,18300,JAMS,6531.0,50.0,6530.0,150.0,,,6532.0,200.0,,,,,6531.5,0.0
2,18400,JAMS,6530.0,189.0,,,,,6532.0,189.0,,,,,6531.0,0.0
2,18500,JAMS,6531.0,89.0,6530.0,135.0,,,6532.0,89.0,6533.0,135.0,,,6531.5,0.0
2,18600,JAMS,6531.0,227.0,,,,,6533.0,227.0,,,,,6532.0,0.0
2,18700,JAMS,6531.0,290.0,,,,,6533.0,290.0,,,,,6532.0,0.0
2,18800,JAMS,6532.0,63.0,6531.0,185.0,,,6533.0,63.0,6534.0,185.0,,,6532.5,0.0
2,18900,JAMS,6532.0,239.0,,,,,6534.0,239.0,,,,,6533.0,0.0
2,19000,JAMS,6532.0,56.0,6531.0,157.0,,,6533.0,56.0,6534.0,157.0,,,6532.5,0.0
2,19100,JAMS,6531.0,180.0,,,,,6533.0,180.0,,,,,6532.0,0.0
2,19200,JAMS,6532.0,261.0,,,,,6534.0,261.0,,,,,6533.0,0.0
2,19300,JAMS,6533.0,86.0,6532.0,123.0,,,6534.0,86.0,6535.0,123.0,,,6533.5,0.0
2,19400,JAMS,6532.0,225.0,,,,,6533.0,7.0,6534.0,225.0,,,6532.5,0.0
2,19500,JAMS,6532.0,206.0,,,,,6534.0,206.0,,,,,6533.0,0.0
2,19600,JAMS,6532.0,200.0,,,,,6534.0,200.0,,,,,6533.0,0.0
2,19700,JAMS,6533.0,163.0,,,,,6535.0,163.0,,,,,6534.0,0.0
2,19800,JAMS,6534.0,61.0,6533.0,128.0,,,6535.0,61.0,6536.0,128.0,,,6534.5,0.0
2,19900,JAMS,6534.0,53.0,6533.0,182.0,,,6535.0,53.0,6536.0,182.0,,,6534.5,0.0
2,20000,JAMS,6533.0,186.0,,,,,6535.0,186.0,,,,,6534.0,0.0
2,20100,JAMS,6533.0,100.0,6532.0,174.0,,,6534.0,100.0,6535.0,174.0,,,6533.5,0.0
2,20200,JAMS,6534.0,64.0,6533.0,104.0,,,6535.0,64.0,6536.0,104.0,,,6534.5,0.0
2,20300,JAMS,6533.0,96.0,6532.0,173.0,,,6534.0,96.0,6535.0,173.0,,,6533.5,0.0
2,20400,JAMS,6533.0,89.0,6532.0,114.0,,,6534.0,89.0,6535.0,114.0,,,6533.5,0.0
2,20500,JAMS,6533.0,96.0,6532.0,105.0,,,6534.0,96.0,6535.0,105.0,,,6533.5,0.0
2,20600,JAMS,6532.0,271.0,,,,,6534.0,271.0,,,,,6533.0,0.0
2,20700,JAMS,6532.0,229.0,,,,,6534.0,229.0,,,,,6533.0,0.0
2,20800,JAMS,6532.0,273.0,,,,,6534.0,273.0,,,,,6533.0,0.0
2,20900,JAMS,6531.0,183.0,,,,,6533.0,183.0,,,,,6532.0,0.0
2,21000,JAMS,6532.0,267.0,,,,,6534.0,267.0,,,,,6533.0,0.0
2,21100,JAMS,6532.0,249.0,,,,,6534.0,249.0,,,,,6533.0,0.0
2,21200,JAMS,6532.0,100.0,6531.0,166.0,,,6533.0,100.0,6534.0,166.0,,,6532.5,0.0
2,21300,JAMS,6531.0,73.0,6530.0,168.0,,,6532.0,73.0,6533.0,168.0,,,6531.5,0.0
2,21400,JAMS,6530.0,210.0,,,,,6531.0,5.0,6532.0,210.0,,,6530.5,0.0
2,21500,JAMS,6530.0,160.0,,,,,6532.0,160.0,,,,,6531.0,0.0
2,21600,JAMS,6530.0,220.0,,,,,6532.0,220.0,,,,,6531.0,0.0
2,21700,JAMS,6528.0,242.0,,,,,6530.0,242.0,,,,,6529.0,0.0
2,21800,JAMS,6528.0,11.0,6527.0,191.0,,,6529.0,191.0,,,,,6528.5,0.0
2,21900,JAMS,6527.0,209.0,,,,,6529.0,209.0,,,,,6528.0,0.0
2,22000,JAMS,6525.0,211.0,,,,,6527.0,211.0,,,,,6526.0,0.0
2,22100,JAMS,6525.0,182.0,,,,,6527.0,182.0,,,,,6526.0,0.0
2,22200,JAMS,6526.0,220.0,,,,,6528.0,220.0,,,,,6527.0,0.0
2,22300,JAMS,6526.0,12.0,6525.0,213.0,,,6527.0,213.0,,,,,6526.5,0.0
2,22400,JAMS,6525.0,267.0,,,,,6527.0,267.0,,,,,6526.0,0.0
2,22500,JAMS,6525.0,269.0,,,,,6527.0,269.0,,,,,6526.0,0.0
2,22600,JAMS,6525.0,80.0,6524.0,138.0,,,6526.0,80.0,6527.0,138.0,,,6525.5,0.0
2,22700,JAMS,6526.0,251.0,,,,,6528.0,251.0,,,,,6527.0,0.0
2,22800,JAMS,6526.0,241.0,,,,,6528.0,241.0,,,,,6527.0,0.0
2,22900,JAMS,6527.0,253.0,,,,,6529.0,253.0,,,,,6528.0,0.0
2,23000,JAMS,6528.0,71.0,6527.0,179.0,,,6529.0,71.0,6530.0,179.0,,,6528.5,0.0
2,23100,JAMS,6529.0,78.0,6528.0,185.0,,,6530.0,78.0,6531.0,185.0,,,6529.5,0.0
2,23200,JAMS,6529.0,258.0,,,,,6531.0,258.0,,,,,6530.0,0.0
2,23300,JAMS,6531.0,51.0,6530.0,163.0,,,6532.0,51.0,6533.0,163.0,,,6531.5,0.0
2,23400,JAMS,6533.0,67.0,6532.0,183.0,,,6534.0,67.0,6535.0,183.0,,,6533.5,0.0
2,23500,JAMS,6533.0,100.0,6532.0,172.0,,,6534.0,100.0,6535.0,172.0,,,6533.5,0.0
2,23600,JAMS,6533.0,187.0,,,,,6535.0,190.0,,,,,6534.0,0.0
2,23700,JAMS,6533.0,260.0,,,,,6535.0,260.0,,,,,6534.0,0.0
2,23800,JAMS,6533.0,90.0,6532.0,156.0,,,6534.0,90.0,6535.0,156.0,,,6533.5,0.0
2,23900,JAMS,6534.0,6.0,6533.0,261.0,,,6535.0,261.0,,,,,6534.5,0.0
2,24000,JAMS,6533.0,173.0,,,,,6535.0,173.0,,,,,6534.0,0.0
2,24100,JAMS,6534.0,53.0,6533.0,134.0,,,6535.0,53.0,6536.0,134.0,,,6534.5,0.0
2,24200,JAMS,6533.0,278.0,,,,,6535.0,278.0,,,,,6534.0,0.0
2,24300,JAMS,6533.0,276.0,,,,,6535.0,276.0,,,,,6534.0,0.0
2,24400,JAMS,6534.0,57.0,6533.0,156.0,,,6535.0,57.0,6536.0,156.0,,,6534.5,0.0
2,24500,JAMS,6533.0,239.0,,,,,6534.0,10.0,6535.0,239.0,,,6533.5,0.0
2,24600,JAMS,6534.0,258.0,,,,,6536.0,258.0,,,,,6535.0,0.0
2,24700,JAMS,6534.0,51.0,6533.0,150.0,,,6535.0,51.0,6536.0,150.0,,,6534.5,0.0
2,24800,JAMS,6534.0,264.0,,,,,6536.0,264.0,,,,,6535.0,0.0
2,24900,JAMS,6534.0,76.0,6533.0,196.0,,,6535.0,76.0,6536.0,196.0,,,6534.5,0.0
2,25000,JAMS,6533.0,222.0,,,,,6535.0,222.0,,,,,6534.0,0.0
2,25100,JAMS,6533.0,68.0,6532.0,150.0,,,6534.0,68.0,6535.0,150.0,,,6533.5,0.0
2,25200,JAMS,6534.0,10.0,6533.0,193.0,,,6535.0,193.0,,,,,6534.5,0.0
2,25300,JAMS,6534.0,67.0,6533.0,128.0,,,6535.0,59.0,6536.0,128.0,,,6534.5,0.0
2,25400,JAMS,6534.0,61.0,6533.0,113.0,,,6535.0,61.0,6536.0,113.0,,,6534.5,0.0
2,25500,JAMS,6533.0,282.0,,,,,6535.0,282.0,,,,,6534.0,0.0
2,25600,JAMS,6533.0,286.0,,,,,6535.0,286.0,,,,,6534.0,0.0
2,25700,JAMS,6533.0,213.0,,,,,6535.0,213.0,,,,,6534.0,0.0
2,25800,JAMS,6534.0,234.0,,,,,6536.0,234.0,,,,,6535.0,0.0
2,25900,JAMS,6534.0,262.0,,,,,6536.0,262.0,,,,,6535.0,0.0
2,26000,JAMS,6534.0,226.0,,,,,6536.0,226.0,,,,,6535.0,0.0
2,26100,JAMS,6534.0,246.0,,,,,6536.0,246.0,,,,,6535.0,0.0
2,26200,JAMS,6533.0,172.0,,,,,6535.0,164.0,,,,,6534.0,0.0
2,26300,JAMS,6533.0,76.0,6532.0,107.0,,,6534.0,76.0,6535.0,107.0,,,6533.5,0.0
2,26400,JAMS,6533.0,62.0,6532.0,149.0,,,6534.0,62.0,6535.0,149.0,,,6533.5,0.0
2,26500,JAMS,6533.0,174.0,,,,,6535.0,174.0,,,,,6534.0,0.0
2,26600,JAMS,6533.0,219.0,,,,,6535.0,219.0,,,,,6534.0,0.0
2,26700,JAMS,6533.0,170.0,,,,,6535.0,170.0,,,,,6534.0,0.0
2,26800,JAMS,6531.0,235.0,,,,,6533.0,235.0,,,,,6532.0,0.0
2,26900,JAMS,6531.0,44.0,6530.0,145.0,,,6532.0,52.0,6533.0,145.0,,,6531.5,0.0
2,27000,JAMS,6530.0,251.0,,,,,6532.0,246.0,,,,,6531.0,0.0
2,27100,JAMS,6529.0,90.0,6528.0,121.0,,,6530.0,90.0,6531.0,121.0,,,6529.5,0.0
2,27200,JAMS,6529.0,70.0,6528.0,139.0,,,6530.0,70.0,6531.0,139.0,,,6529.5,0.0
2,27300,JAMS,6530.0,253.0,,,,,6532.0,253.0,,,,,6531.0,0.0
2,27400,JAMS,6530.0,182.0,,,,,6532.0,182.0,,,,,6531.0,0.0
2,27500,JAMS,6530.0,229.0,,,,,6532.0,241.0,,,,,6531.0,0.0
2,27600,JAMS,6530.0,89.0,6529.0,171.0,,,6531.0,89.0,6532.0,171.0,,,6530.5,0.0
2,27700,JAMS,6530.0,172.0,,,,,6532.0,172.0,,,,,6531.0,0.0
2,27800,JAMS,6532.0,86.0,6531.0,189.0,,,6533.0,86.0,6534.0,189.0,,,6532.5,0.0
2,27900,JAMS,6532.0,105.0,6531.0,183.0,,,6533.0,98.0,6534.0,183.0,,,6532.5,0.0
2,28000,JAMS,6533.0,88.0,6532.0,173.0,,,6534.0,88.0,6535.0,173.0,,,6533.5,0.0
2,28100,JAMS,6533.0,53.0,6532.0,119.0,,,6534.0,53.0,6535.0,119.0,,,6533.5,0.0
2,28200,JAMS,6533.0,88.0,6532.0,191.0,,,6534.0,76.0,6535.0,191.0,,,6533.5,0.0
2,28300,JAMS,6533.0,74.0,6532.0,148.0,,,6534.0,74.0,6535.0,148.0,,,6533.5,0.0
2,28400,JAMS,6533.0,66.0,6532.0,133.0,,,6534.0,58.0,6535.0,133.0,,,6533.5,0.0
2,28500,JAMS,6533.0,187.0,,,,,6535.0,187.0,,,,,6534.0,0.0
2,28600,JAMS,6533.0,173.0,,,,,6535.0,173.0,,,,,6534.0,0.0
2,28700,JAMS,6532.0,270.0,,,,,6534.0,270.0,,,,,6533.0,0.0
2,28800,JAMS,6532.0,193.0,,,,,6534.0,193.0,,,,,6533.0,0.0
2,28900,JAMS,6533.0,81.0,6532.0,199.0,,,6534.0,81.0,6535.0,199.0,,,6533.5,0.0
2,29000,JAMS,6532.0,233.0,,,,,6534.0,233.0,,,,,6533.0,0.0
2,29100,JAMS,6533.0,217.0,,,,,6535.0,217.0,,,,,6534.0,0.0
2,29200,JAMS,6533.0,81.0,6532.0,113.0,,,6534.0,81.0,6535.0,113.0,,,6533.5,0.0
2,29300,JAMS,6533.0,270.0,,,,,6535.0,270.0,,,,,6534.0,0.0
2,29400,JAMS,6533.0,255.0,,,,,6535.0,255.0,,,,,6534.0,0.0
2,29500,JAMS,6534.0,249.0,,,,,6536.0,249.0,,,,,6535.0,0.0
2,29600,JAMS,6534.0,253.0,,,,,6536.0,253.0,,,,,6535.0,0.0
2,29700,JAMS,6535.0,10.0,6534.0,273.0,,,6536.0,273.0,,,,,6535.5,0.0
2,29800,JAMS,6534.0,273.0,,,,,6536.0,273.0,,,,,6535.0,0.0
2,29900,JAMS,6534.0,208.0,,,,,6536.0,208.0,,,,,6535.0,0.0
2,30000,JAMS,6534.0,204.0,,,,,6536.0,204.0,,,,,6535.0,0.0
2,30100,JAMS,6534.0,288.0,,,,,6536.0,288.0,,,,,6535.0,0.0
2,30200,JAMS,6534.0,274.0,,,,,6536.0,274.0,,,,,6535.0,0.0
2,30300,JAMS,6533.0,93.0,6532.0,157.0,,,6534.0,93.0,6535.0,157.0,,,6533.5,0.0
2,30400,JAMS,6532.0,204.0,,,,,6534.0,204.0,,,,,6533.0,0.0
2,30500,JAMS,6532.0,179.0,,,,,6534.0,179.0,,,,,6533.0,0.0
2,30600,JAMS,6532.0,254.0,,,,,6534.0,254.0,,,,,6533.0,0.0
2,30700,JAMS,6532.0,239.0,,,,,6534.0,239.0,,,,,6533.0,0.0
2,30800,JAMS,6531.0,257.0,,,,,6533.0,257.0,,,,,6532.0,0.0
2,30900,JAMS,6530.0,222.0,,,,,6532.0,222.0,,,,,6531.0,0.0
2,31000,JAMS,6531.0,77.0,6530.0,194.0,,,6532.0,86.0,6533.0,194.0,,,6531.5,0.0
2,31100,JAMS,6529.0,248.0,,,,,6531.0,248.0,,,,,6530.0,0.0
2,31200,JAMS,6531.0,230.0,,,,,6533.0,230.0,,,,,6532.0,0.0
2,31300,JAMS,6531.0,240.0,,,,,6533.0,240.0,,,,,6532.0,0.0
2,31400,JAMS,6532.0,82.0,6531.0,120.0,,,6533.0,72.0,6534.0,120.0,,,6532.5,0.0
2,31500,JAMS,6531.0,231.0,,,,,6533.0,231.0,,,,,6532.0,0.0
2,31600,JAMS,6531.0,187.0,,,,,6533.0,187.0,,,,,6532.0,0.0
2,31700,JAMS,6531.0,78.0,6530.0,172.0,,,6532.0,78.0,6533.0,172.0,,,6531.5,0.0
2,31800,JAMS,6531.0,92.0,6530.0,167.0,,,6532.0,92.0,6533.0,167.0,,,6531.5,0.0
2,31900,JAMS,6530.0,250.0,,,,,6532.0,250.0,,,,,6531.0,0.0
2,32000,JAMS,6531.0,188.0,,,,,6533.0,188.0,,,,,6532.0,0.0
2,32100,JAMS,6531.0,263.0,,,,,6533.0,263.0,,,,,6532.0,0.0
2,32200,JAMS,6531.0,74.0,6530.0,187.0,,,6532.0,74.0,6533.0,187.0,,,6531.5,0.0
2,32300,JAMS,6532.0,236.0,,,,,6534.0,236.0,,,,,6533.0,0.0
2,32400,JAMS,6532.0,261.0,,,,,6534.0,261.0,,,,,6533.0,0.0
2,32500,JAMS,6532.0,216.0,,,,,6534.0,216.0,,,,,6533.0,0.0
2,32600,JAMS,6532.0,187.0,,,,,6534.0,187.0,,,,,6533.0,0.0
2,32700,JAMS,6532.0,277.0,,,,,6534.0,277.0,,,,,6533.0,0.0
2,32800,JAMS,6533.0,194.0,,,,,6535.0,194.0,,,,,6534.0,0.0
2,32900,JAMS,6533.0,261.0,,,,,6535.0,261.0,,,,,6534.0,0.0
2,33000,JAMS,6534.0,5.0,6533.0,249.0,,,6535.0,249.0,,,,,6534.5,0.0
2,33100,JAMS,6533.0,251.0,,,,,6535.0,251.0,,,,,6534.0,0.0
2,33200,JAMS,6529.0,234.0,,,,,6531.0,234.0,,,,,6530.0,0.0
2,33300,JAMS,6528.0,180.0,,,,,6530.0,180.0,,,,,6529.0,0.0
2,33400,JAMS,6527.0,241.0,,,,,6529.0,241.0,,,,,6528.0,0.0
2,33500,JAMS,6528.0,189.0,,,,,6530.0,189.0,,,,,6529.0,0.0
2,33600,JAMS,6531.0,97.0,6530.0,130.0,,,6532.0,97.0,6533.0,130.0,,,6531.5,0.0
2,33700,JAMS,6531.0,207.0,,,,,6533.0,207.0,,,,,6532.0,0.0
2,33800,JAMS,6532.0,71.0,6531.0,148.0,,,6533.0,219.0,,,,,6532.5,0.0
2,33900,JAMS,6531.0,55.0,6530.0,148.0,,,6532.0,55.0,6533.0,148.0,,,6531.5,0.0
2,34000,JAMS,6531.0,88.0,6530.0,178.0,,,6532.0,88.0,6533.0,178.0,,,6531.5,0.0
2,34100,JAMS,6531.0,231.0,,,,,6533.0,231.0,,,,,6532.0,0.0
2,34200,JAMS,6531.0,257.0,,,,,6533.0,257.0,,,,,6532.0,0.0
2,34300,JAMS,6532.0,70.0,6531.0,182.0,,,6533.0,70.0,6534.0,182.0,,,6532.5,0.0
2,34400,JAMS,6532.0,213.0,,,,,6534.0,213.0,,,,,6533.0,0.0
2,34500,JAMS,6531.0,242.0,,,,,6533.0,242.0,,,,,6532.0,0.0
2,34600,JAMS,6532.0,10.0,6531.0,217.0,,,6533.0,217.0,,,,,6532.5,0.0
2,34700,JAMS,6532.0,11.0,6531.0,274.0,,,6533.0,274.0,,,,,6532.5,0.0
2,34800,JAMS,6531.0,294.0,,,,,6533.0,294.0,,,,,6532.0,0.0
2,34900,JAMS,6531.0,202.0,,,,,6533.0,202.0,,,,,6532.0,0.0
2,35000,JAMS,6532.0,252.0,,,,,6533.0,75.0,6534.0,177.0,,,6532.5,0.0
2,35100,JAMS,6532.0,243.0,,,,,6534.0,243.0,,,,,6533.0,0.0
2,35200,JAMS,6532.0,240.0,,,,,6534.0,240.0,,,,,6533.0,0.0
2,35300,JAMS,6532.0,67.0,6531.0,178.0,,,6533.0,67.0,6534.0,178.0,,,6532.5,0.0
2,35400,JAMS,6532.0,77.0,6531.0,135.0,,,6533.0,77.0,6534.0,135.0,,,6532.5,0.0
2,35500,JAMS,6532.0,72.0,6531.0,179.0,,,6533.0,72.0,6534.0,179.0,,,6532.5,0.0
2,35600,JAMS,6532.0,88.0,6531.0,144.0,,,6533.0,88.0,6534.0,144.0,,,6532.5,0.0
2,35700,JAMS,6532.0,292.0,,,,,6534.0,292.0,,,,,6533.0,0.0
2,35800,JAMS,6531.0,189.0,,,,,6532.0,81.0,6533.0,111.0,,,6531.5,0.0
2,35900,JAMS,6531.0,64.0,6530.0,159.0,,,6532.0,64.0,6533.0,159.0,,,6531.5,0.0
2,36000,JAMS,6531.0,268.0,,,,,6533.0,271.0,,,,,6532.0,0.0
2,36100,JAMS,6531.0,179.0,,,,,6532.0,72.0,6533.0,107.0,,,6531.5,0.0
2,36200,JAMS,6529.0,209.0,,,,,6531.0,209.0,,,,,6530.0,0.0
2,36300,JAMS,6530.0,254.0,,,,,6531.0,56.0,6532.0,198.0,,,6530.5,0.0
2,36400,JAMS,6530.0,203.0,,,,,6532.0,194.0,,,,,6531.0,0.0
2,36500,JAMS,6530.0,206.0,,,,,6532.0,206.0,,,,,6531.0,0.0
2,36600,JAMS,6531.0,247.0,,,,,6533.0,247.0,,,,,6532.0,0.0
2,36700,JAMS,6531.0,11.0,6530.0,173.0,,,6532.0,173.0,,,,,6531.5,0.0
2,36800,JAMS,6529.0,240.0,,,,,6531.0,240.0,,,,,6530.0,0.0
2,36900,JAMS,6529.0,222.0,,,,,6531.0,222.0,,,,,6530.0,0.0
2,37000,JAMS,6529.0,246.0,,,,,6531.0,246.0,,,,,6530.0,0.0
2,37100,JAMS,6529.0,251.0,,,,,6531.0,251.0,,,,,6530.0,0.0
2,37200,JAMS,6530.0,218.0,,,,,6532.0,218.0,,,,,6531.0,0.0
2,37300,JAMS,6530.0,72.0,6529.0,161.0,,,6531.0,81.0,6532.0,161.0,,,6530.5,0.0
2,37400,JAMS,6529.0,266.0,,,,,6531.0,266.0,,,,,6530.0,0.0
2,37500,JAMS,6529.0,278.0,,,,,6531.0,278.0,,,,,6530.0,0.0
2,37600,JAMS,6528.0,267.0,,,,,6530.0,267.0,,,,,6529.0,0.0
2,37700,JAMS,6529.0,225.0,,,,,6530.0,62.0,6531.0,163.0,,,6529.5,0.0
2,37800,JAMS,6528.0,194.0,,,,,6530.0,198.0,,,,,6529.0,0.0
2,37900,JAMS,6528.0,196.0,,,,,6530.0,196.0,,,,,6529.0,0.0
2,38000,JAMS,6528.0,210.0,,,,,6530.0,210.0,,,,,6529.0,0.0
2,38100,JAMS,6529.0,51.0,6528.0,105.0,,,6530.0,51.0,6531.0,105.0,,,6529.5,0.0
2,38200,JAMS,6528.0,218.0,,,,,6530.0,218.0,,,,,6529.0,0.0
2,38300,JAMS,6529.0,54.0,6528.0,144.0,,,6530.0,198.0,,,,,6529.5,0.0
2,38400,JAMS,6529.0,62.0,6528.0,135.0,,,6530.0,62.0,6531.0,135.0,,,6529.5,0.0
2,38500,JAMS,6529.0,93.0,6528.0,197.0,,,6530.0,93.0,6531.0,197.0,,,6529.5,0.0
2,38600,JAMS,6529.0,203.0,,,,,6531.0,203.0,,,,,6530.0,0.0
2,38700,JAMS,6529.0,237.0,,,,,6531.0,237.0,,,,,6530.0,0.0
2,38800,JAMS,6529.0,172.0,,,,,6531.0,172.0,,,,,6530.0,0.0
2,38900,JAMS,6529.0,250.0,,,,,6531.0,250.0,,,,,6530.0,0.0
2,39000,JAMS,6530.0,8.0,6529.0,248.0,,,6531.0,248.0,,,,,6530.5,0.0
2,39100,JAMS,6529.0,213.0,,,,,6531.0,213.0,,,,,6530.0,0.0
2,39200,JAMS,6530.0,98.0,6529.0,164.0,,,6531.0,98.0,6532.0,164.0,,,6530.5,0.0
2,39300,JAMS,6530.0,281.0,,,,,6531.0,87.0,6532.0,194.0,,,6530.5,0.0
2,39400,JAMS,6530.0,216.0,,,,,6532.0,216.0,,,,,6531.0,0.0
2,39500,JAMS,6530.0,100.0,6529.0,167.0,,,6531.0,100.0,6532.0,167.0,,,6530.5,0.0
2,39600,JAMS,6530.0,207.0,,,,,6532.0,207.0,,,,,6531.0,0.0
2,39700,JAMS,6531.0,70.0,6530.0,126.0,,,6532.0,196.0,,,,,6531.5,0.0
2,39800,JAMS,6533.0,56.0,6532.0,162.0,,,6534.0,56.0,6535.0,162.0,,,6533.5,0.0
2,39900,JAMS,6533.0,88.0,6532.0,167.0,,,6534.0,88.0,6535.0,167.0,,,6533.5,0.0
2,40000,JAMS,6533.0,255.0,,,,,6535.0,255.0,,,,,6534.0,0.0
2,40100,JAMS,6534.0,93.0,6533.0,105.0,,,6535.0,87.0,6536.0,105.0,,,6534.5,0.0
2,40200,JAMS,6532.0,258.0,,,,,6534.0,258.0,,,,,6533.0,0.0
2,40300,JAMS,6532.0,160.0,,,,,6534.0,160.0,,,,,6533.0,0.0
2,40400,JAMS,6532.0,218.0,,,,,6533.0,7.0,6534.0,218.0,,,6532.5,0.0
2,40500,JAMS,6533.0,93.0,6532.0,145.0,,,6534.0,93.0,6535.0,145.0,,,6533.5,0.0
2,40600,JAMS,6533.0,250.0,,,,,6535.0,250.0,,,,,6534.0,0.0
2,40700,JAMS,6532.0,190.0,,,,,6534.0,190.0,,,,,6533.0,0.0
2,40800,JAMS,6533.0,229.0,,,,,6535.0,229.0,,,,,6534.0,0.0
2,40900,JAMS,6533.0,230.0,,,,,6535.0,230.0,,,,,6534.0,0.0
2,41000,JAMS,6532.0,241.0,,,,,6534.0,241.0,,,,,6533.0,0.0
2,41100,JAMS,6533.0,265.0,,,,,6535.0,265.0,,,,,6534.0,0.0
2,41200,JAMS,6532.0,259.0,,,,,6534.0,259.0,,,,,6533.0,0.0
2,41300,JAMS,6532.0,202.0,,,,,6534.0,202.0,,,,,6533.0,0.0
2,41400,JAMS,6531.0,191.0,,,,,6533.0,191.0,,,,,6532.0,0.0
2,41500,JAMS,6532.0,77.0,6531.0,126.0,,,6533.0,77.0,6534.0,126.0,,,6532.5,0.0
2,41600,JAMS,6531.0,248.0,,,,,6533.0,248.0,,,,,6532.0,0.0
2,41700,JAMS,6529.0,187.0,,,,,6531.0,187.0,,,,,6530.0,0.0
2,41800,JAMS,6530.0,91.0,6529.0,108.0,,,6531.0,91.0,6532.0,108.0,,,6530.5,0.0
2,41900,JAMS,6529.0,261.0,,,,,6531.0,261.0,,,,,6530.0,0.0
2,42000,JAMS,6529.0,208.0,,,,,6531.0,213.0,,,,,6530.0,0.0
2,42100,JAMS,6529.0,197.0,,,,,6531.0,197.0,,,,,6530.0,0.0
2,42200,JAMS,6528.0,93.0,6527.0,129.0,,,6529.0,93.0,6530.0,129.0,,,6528.5,0.0
2,42300,JAMS,6527.0,164.0,,,,,6529.0,164.0,,,,,6528.0,0.0
2,42400,JAMS,6527.0,98.0,6526.0,183.0,,,6528.0,98.0,6529.0,183.0,,,6527.5,0.0
2,42500,JAMS,6527.0,178.0,,,,,6529.0,168.0,,,,,6528.0,0.0
2,42600,JAMS,6528.0,96.0,6527.0,132.0,,,6529.0,96.0,6530.0,132.0,,,6528.5,0.0
2,42700,JAMS,6528.0,55.0,6527.0,192.0,,,6529.0,55.0,6530.0,192.0,,,6528.5,0.0
2,42800,JAMS,6528.0,199.0,,,,,6530.0,199.0,,,,,6529.0,0.0
2,42900,JAMS,6527.0,186.0,,,,,6529.0,186.0,,,,,6528.0,0.0
2,43000,JAMS,6524.0,55.0,6523.0,145.0,,,6525.0,55.0,6526.0,145.0,,,6524.5,0.0
2,43100,JAMS,6524.0,169.0,,,,,6525.0,64.0,6526.0,105.0,,,6524.5,0.0
2,43200,JAMS,6525.0,73.0,6524.0,177.0,,,6526.0,73.0,6527.0,177.0,,,6525.5,0.0
2,43300,JAMS,6524.0,283.0,,,,,6526.0,283.0,,,,,6525.0,0.0
2,43400,JAMS,6523.0,253.0,,,,,6525.0,244.0,,,,,6524.0,0.0
2,43500,JAMS,6523.0,61.0,6522.0,142.0,,,6524.0,61.0,6525.0,142.0,,,6523.5,0.0
2,43600,JAMS,6523.0,215.0,,,,,6525.0,215.0,,,,,6524.0,0.0
2,43700,JAMS,6523.0,76.0,6522.0,154.0,,,6524.0,76.0,6525.0,154.0,,,6523.5,0.0
2,43800,JAMS,6522.0,214.0,,,,,6524.0,214.0,,,,,6523.0,0.0
2,43900,JAMS,6522.0,238.0,,,,,6524.0,238.0,,,,,6523.0,0.0
2,44000,JAMS,6523.0,52.0,6522.0,186.0,,,6524.0,52.0,6525.0,186.0,,,6523.5,0.0
2,44100,JAMS,6523.0,83.0,6522.0,129.0,,,6524.0,83.0,6525.0,129.0,,,6523.5,0.0
2,44200,JAMS,6524.0,63.0,6523.0,123.0,,,6525.0,63.0,6526.0,123.0,,,6524.5,0.0
2,44300,JAMS,6525.0,211.0,,,,,6527.0,211.0,,,,,6526.0,0.0
2,44400,JAMS,6525.0,238.0,,,,,6527.0,238.0,,,,,6526.0,0.0
2,44500,JAMS,6528.0,88.0,6527.0,136.0,,,6529.0,88.0,6530.0,136.0,,,6528.5,0.0
2,44600,JAMS,6528.0,284.0,,,,,6530.0,284.0,,,,,6529.0,0.0
2,44700,JAMS,6528.0,217.0,,,,,6530.0,217.0,,,,,6529.0,0.0
2,44800,JAMS,6529.0,217.0,,,,,6531.0,217.0,,,,,6530.0,0.0
2,44900,JAMS,6529.0,227.0,,,,,6531.0,227.0,,,,,6530.0,0.0
2,45000,JAMS,6529.0,82.0,6528.0,168.0,,,6530.0,82.0,6531.0,168.0,,,6529.5,0.0
2,45100,JAMS,6529.0,222.0,,,,,6531.0,222.0,,,,,6530.0,0.0
2,45200,JAMS,6529.0,88.0,6528.0,105.0,,,6530.0,88.0,6531.0,105.0,,,6529.5,0.0
2,45300,JAMS,6529.0,195.0,,,,,6531.0,195.0,,,,,6530.0,0.0
2,45400,JAMS,6528.0,290.0,,,,,6530.0,290.0,,,,,6529.0,0.0
2,45500,JAMS,6528.0,199.0,,,,,6529.0,9.0,6530.0,199.0,,,6528.5,0.0
2,45600,JAMS,6529.0,65.0,6528.0,166.0,,,6530.0,65.0,6531.0,166.0,,,6529.5,0.0
2,45700,JAMS,6528.0,189.0,,,,,6530.0,189.0,,,,,6529.0,0.0
2,45800,JAMS,6527.0,265.0,,,,,6529.0,265.0,,,,,6528.0,0.0
2,45900,JAMS,6527.0,231.0,,,,,6529.0,231.0,,,,,6528.0,0.0
2,46000,JAMS,6528.0,83.0,6527.0,144.0,,,6529.0,83.0,6530.0,144.0,,,6528.5,0.0
2,46100,JAMS,6528.0,278.0,,,,,6530.0,271.0,,,,,6529.0,0.0
2,46200,JAMS,6528.0,240.0,,,,,6530.0,240.0,,,,,6529.0,0.0
2,46300,JAMS,6528.0,4.0,6527.0,228.0,,,6529.0,228.0,,,,,6528.5,0.0
2,46400,JAMS,6527.0,217.0,,,,,6529.0,217.0,,,,,6528.0,0.0
2,46500,JAMS,6528.0,77.0,6527.0,149.0,,,6529.0,77.0,6530.0,149.0,,,6528.5,0.0
2,46600,JAMS,6528.0,60.0,6527.0,113.0,,,6529.0,60.0,6530.0,113.0,,,6528.5,0.0
2,46700,JAMS,6528.0,255.0,,,,,6530.0,255.0,,,,,6529.0,0.0
2,46800,JAMS,6528.0,247.0,,,,,6530.0,247.0,,,,,6529.0,0.0
2,46900,JAMS,6528.0,195.0,,,,,6530.0,195.0,,,,,6529.0,0.0
2,47000,JAMS,6528.0,87.0,6527.0,100.0,,,6529.0,87.0,6530.0,100.0,,,6528.5,0.0
2,47100,JAMS,6528.0,160.0,,,,,6530.0,163.0,,,,,6529.0,0.0
2,47200,JAMS,6529.0,256.0,,,,,6531.0,256.0,,,,,6530.0,0.0
2,47300,JAMS,6529.0,252.0,,,,,6531.0,252.0,,,,,6530.0,0.0
2,47400,JAMS,6530.0,87.0,6529.0,137.0,,,6531.0,224.0,,,,,6530.5,0.0
2,47500,JAMS,6529.0,9.0,6528.0,190.0,,,6530.0,190.0,,,,,6529.5,0.0
2,47600,JAMS,6528.0,217.0,,,,,6530.0,217.0,,,,,6529.0,0.0
2,47700,JAMS,6526.0,183.0,,,,,6528.0,183.0,,,,,6527.0,0.0
2,47800,JAMS,6526.0,206.0,,,,,6528.0,206.0,,,,,6527.0,0.0
2,47900,JAMS,6526.0,256.0,,,,,6528.0,246.0,,,,,6527.0,0.0
2,48000,JAMS,6526.0,226.0,,,,,6528.0,226.0,,,,,6527.0,0.0
2,48100,JAMS,6527.0,185.0,,,,,6528.0,50.0,6529.0,135.0,,,6527.5,0.0
2,48200,JAMS,6527.0,199.0,,,,,6529.0,199.0,,,,,6528.0,0.0
2,48300,JAMS,6527.0,258.0,,,,,6529.0,258.0,,,,,6528.0,0.0
2,48400,JAMS,6527.0,66.0,6526.0,144.0,,,6528.0,66.0,6529.0,144.0,,,6527.5,0.0
2,48500,JAMS,6526.0,191.0,,,,,6528.0,191.0,,,,,6527.0,0.0
2,48600,JAMS,6526.0,287.0,,,,,6528.0,287.0,,,,,6527.0,0.0
2,48700,JAMS,6526.0,233.0,,,,,6528.0,233.0,,,,,6527.0,0.0
2,48800,JAMS,6526.0,284.0,,,,,6528.0,284.0,,,,,6527.0,0.0
2,48900,JAMS,6525.0,99.0,6524.0,155.0,,,6526.0,99.0,6527.0,155.0,,,6525.5,0.0
2,49000,JAMS,6525.0,212.0,,,,,6527.0,212.0,,,,,6526.0,0.0
2,49100,JAMS,6525.0,212.0,,,,,6527.0,212.0,,,,,6526.0,0.0
2,49200,JAMS,6526.0,272.0,,,,,6528.0,272.0,,,,,6527.0,0.0
2,49300,JAMS,6526.0,103.0,6525.0,169.0,,,6527.0,91.0,6528.0,169.0,,,6526.5,0.0
2,49400,JAMS,6526.0,77.0,6525.0,117.0,,,6527.0,77.0,6528.0,117.0,,,6526.5,0.0
2,49500,JAMS,6526.0,284.0,,,,,6528.0,290.0,,,,,6527.0,0.0
2,49600,JAMS,6526.0,160.0,,,,,6528.0,160.0,,,,,6527.0,0.0
2,49700,JAMS,6526.0,231.0,,,,,6528.0,231.0,,,,,6527.0,0.0
2,49800,JAMS,6528.0,91.0,6527.0,180.0,,,6529.0,91.0,6530.0,180.0,,,6528.5,0.0
2,49900,JAMS,6527.0,224.0,,,,,6529.0,224.0,,,,,6528.0,0.0
2,50000,JAMS,6527.0,237.0,,,,,6529.0,237.0,,,,,6528.0,0.0
2,50100,JAMS,6527.0,99.0,6526.0,187.0,,,6528.0,99.0,6529.0,187.0,,,6527.5,0.0
2,50200,JAMS,6527.0,52.0,6526.0,112.0,,,6528.0,52.0,6529.0,112.0,,,6527.5,0.0
2,50300,JAMS,6526.0,280.0,,,,,6528.0,280.0,,,,,6527.0,0.0
2,50400,JAMS,6526.0,266.0,,,,,6528.0,255.0,,,,,6527.0,0.0
2,50500,JAMS,6527.0,91.0,6526.0,176.0,,,6528.0,91.0,6529.0,176.0,,,6527.5,0.0
2,50600,JAMS,6527.0,215.0,,,,,6529.0,215.0,,,,,6528.0,0.0
2,50700,JAMS,6527.0,64.0,6526.0,130.0,,,6528.0,64.0,6529.0,130.0,,,6527.5,0.0
2,50800,JAMS,6526.0,238.0,,,,,6528.0,238.0,,,,,6527.0,0.0
2,50900,JAMS,6527.0,61.0,6526.0,148.0,,,6528.0,61.0,6529.0,148.0,,,6527.5,0.0
2,51000,JAMS,6527.0,189.0,,,,,6529.0,189.0,,,,,6528.0,0.0
2,51100,JAMS,6528.0,168.0,,,,,6530.0,168.0,,,,,6529.0,0.0
2,51200,JAMS,6528.0,205.0,,,,,6530.0,205.0,,,,,6529.0,0.0
2,51300,JAMS,6529.0,72.0,6528.0,116.0,,,6530.0,72.0,6531.0,116.0,,,6529.5,0.0
2,51400,JAMS,6529.0,181.0,,,,,6531.0,181.0,,,,,6530.0,0.0
2,51500,JAMS,6529.0,204.0,,,,,6531.0,204.0,,,,,6530.0,0.0
2,51600,JAMS,6530.0,8.0,6529.0,232.0,,,6531.0,232.0,,,,,6530.5,0.0
2,51700,JAMS,6529.0,241.0,,,,,6531.0,241.0,,,,,6530.0,0.0
2,51800,JAMS,6529.0,185.0,,,,,6531.0,185.0,,,,,6530.0,0.0
2,51900,JAMS,6529.0,216.0,,,,,6531.0,216.0,,,,,6530.0,0.0
2,52000,JAMS,6529.0,169.0,,,,,6531.0,169.0,,,,,6530.0,0.0
2,52100,JAMS,6529.0,222.0,,,,,6531.0,222.0,,,,,6530.0,0.0
2,52200,JAMS,6531.0,72.0,6530.0,152.0,,,6532.0,72.0,6533.0,152.0,,,6531.5,0.0
2,52300,JAMS,6531.0,52.0,6530.0,156.0,,,6532.0,52.0,6533.0,156.0,,,6531.5,0.0
2,52400,JAMS,6533.0,193.0,,,,,6535.0,193.0,,,,,6534.0,0.0
2,52500,JAMS,6534.0,61.0,6533.0,123.0,,,6535.0,61.0,6536.0,123.0,,,6534.5,0.0
2,52600,JAMS,6534.0,288.0,,,,,6536.0,288.0,,,,,6535.0,0.0
2,52700,JAMS,6533.0,221.0,,,,,6535.0,221.0,,,,,6534.0,0.0
2,52800,JAMS,6533.0,259.0,,,,,6535.0,259.0,,,,,6534.0,0.0
2,52900,JAMS,6534.0,59.0,6533.0,125.0,,,6535.0,59.0,6536.0,125.0,,,6534.5,0.0
2,53000,JAMS,6534.0,258.0,,,,,6536.0,258.0,,,,,6535.0,0.0
2,53100,JAMS,6534.0,210.0,,,,,6536.0,210.0,,,,,6535.0,0.0
2,53200,JAMS,6536.0,6.0,6535.0,260.0,,,6537.0,260.0,,,,,6536.5,0.0
2,53300,JAMS,6535.0,201.0,,,,,6536.0,9.0,6537.0,201.0,,,6535.5,0.0
2,53400,JAMS,6536.0,84.0,6535.0,160.0,,,6537.0,84.0,6538.0,160.0,,,6536.5,0.0
2,53500,JAMS,6540.0,91.0,6539.0,145.0,,,6541.0,91.0,6542.0,145.0,,,6540.5,0.0
2,53600,JAMS,6541.0,7.0,6540.0,165.0,,,6542.0,165.0,,,,,6541.5,0.0
2,53700,JAMS,6541.0,191.0,,,,,6542.0,10.0,6543.0,191.0,,,6541.5,0.0
2,53800,JAMS,6542.0,75.0,6541.0,174.0,,,6543.0,75.0,6544.0,174.0,,,6542.5,0.0
2,53900,JAMS,6541.0,203.0,,,,,6543.0,203.0,,,,,6542.0,0.0
2,54000,JAMS,6542.0,258.0,,,,,6544.0,258.0,,,,,6543.0,0.0
2,54100,JAMS,6542.0,220.0,,,,,6544.0,220.0,,,,,6543.0,0.0
2,54200,JAMS,6541.0,251.0,,,,,6543.0,251.0,,,,,6542.0,0.0
2,54300,JAMS,6539.0,53.0,6538.0,186.0,,,6540.0,53.0,6541.0,186.0,,,6539.5,0.0
2,54400,JAMS,6540.0,85.0,6539.0,157.0,,,6541.0,242.0,,,,,6540.5,0.0
2,54500,JAMS,6540.0,65.0,6539.0,155.0,,,6541.0,77.0,6542.0,155.0,,,6540.5,0.0
2,54600,JAMS,6538.0,261.0,,,,,6540.0,261.0,,,,,6539.0,0.0
2,54700,JAMS,6539.0,106.0,6538.0,152.0,,,6540.0,247.0,,,,,6539.5,0.0
2,54800,JAMS,6539.0,50.0,6538.0,150.0,,,6540.0,50.0,6541.0,150.0,,,6539.5,0.0
2,54900,JAMS,6538.0,87.0,6537.0,103.0,,,6539.0,87.0,6540.0,103.0,,,6538.5,0.0
2,55000,JAMS,6538.0,239.0,,,,,6540.0,239.0,,,,,6539.0,0.0
2,55100,JAMS,6539.0,81.0,6538.0,197.0,,,6540.0,81.0,6541.0,197.0,,,6539.5,0.0
2,55200,JAMS,6538.0,209.0,,,,,6540.0,209.0,,,,,6539.0,0.0
2,55300,JAMS,6538.0,245.0,,,,,6540.0,245.0,,,,,6539.0,0.0
2,55400,JAMS,6538.0,236.0,,,,,6540.0,236.0,,,,,6539.0,0.0
2,55500,JAMS,6537.0,209.0,,,,,6539.0,209.0,,,,,6538.0,0.0
2,55600,JAMS,6535.0,222.0,,,,,6537.0,222.0,,,,,6536.0,0.0
2,55700,JAMS,6533.0,81.0,6532.0,157.0,,,6534.0,81.0,6535.0,157.0,,,6533.5,0.0
2,55800,JAMS,6533.0,258.0,,,,,6535.0,258.0,,,,,6534.0,0.0
2,55900,JAMS,6533.0,235.0,,,,,6535.0,235.0,,,,,6534.0,0.0
2,56000,JAMS,6533.0,250.0,,,,,6535.0,250.0,,,,,6534.0,0.0
2,56100,JAMS,6533.0,256.0,,,,,6535.0,256.0,,,,,6534.0,0.0
2,56200,JAMS,6533.0,194.0,,,,,6535.0,194.0,,,,,6534.0,0.0
2,56300,JAMS,6534.0,87.0,6533.0,130.0,,,6535.0,87.0,6536.0,130.0,,,6534.5,0.0
2,56400,JAMS,6532.0,210.0,,,,,6534.0,210.0,,,,,6533.0,0.0
2,56500,JAMS,6533.0,93.0,6532.0,162.0,,,6534.0,87.0,6535.0,162.0,,,6533.5,0.0
2,56600,JAMS,6532.0,166.0,,,,,6534.0,166.0,,,,,6533.0,0.0
2,56700,JAMS,6532.0,67.0,6531.0,126.0,,,6533.0,67.0,6534.0,126.0,,,6532.5,0.0
2,56800,JAMS,6531.0,51.0,6530.0,170.0,,,6532.0,51.0,6533.0,170.0,,,6531.5,0.0
2,56900,JAMS,6531.0,56.0,6530.0,138.0,,,6532.0,61.0,6533.0,138.0,,,6531.5,0.0
2,57000,JAMS,6530.0,282.0,,,,,6532.0,282.0,,,,,6531.0,0.0
2,57100,JAMS,6530.0,238.0,,,,,6532.0,238.0,,,,,6531.0,0.0
2,57200,JAMS,6530.0,198.0,,,,,6532.0,198.0,,,,,6531.0,0.0
2,57300,JAMS,6530.0,66.0,6529.0,106.0,,,6531.0,172.0,,,,,6530.5,0.0
2,57400,JAMS,6530.0,221.0,,,,,6532.0,221.0,,,,,6531.0,0.0
2,57500,JAMS,6530.0,252.0,,,,,6532.0,241.0,,,,,6531.0,0.0
2,57600,JAMS,6530.0,216.0,,,,,6532.0,216.0,,,,,6531.0,0.0
2,57700,JAMS,6530.0,198.0,,,,,6532.0,198.0,,,,,6531.0,0.0
2,57800,JAMS,6531.0,93.0,6530.0,199.0,,,6532.0,292.0,,,,,6531.5,0.0
2,57900,JAMS,6530.0,200.0,,,,,6532.0,200.0,,,,,6531.0,0.0
2,58000,JAMS,6530.0,273.0,,,,,6532.0,273.0,,,,,6531.0,0.0
2,58100,JAMS,6530.0,91.0,6529.0,102.0,,,6531.0,91.0,6532.0,102.0,,,6530.5,0.0
2,58200,JAMS,6529.0,267.0,,,,,6531.0,267.0,,,,,6530.0,0.0
2,58300,JAMS,6529.0,77.0,6528.0,134.0,,,6530.0,77.0,6531.0,134.0,,,6529.5,0.0
2,58400,JAMS,6529.0,95.0,6528.0,109.0,,,6530.0,95.0,6531.0,109.0,,,6529.5,0.0
2,58500,JAMS,6529.0,100.0,6528.0,125.0,,,6530.0,100.0,6531.0,125.0,,,6529.5,0.0
2,58600,JAMS,6529.0,224.0,,,,,6531.0,224.0,,,,,6530.0,0.0
2,58700,JAMS,6529.0,183.0,,,,,6531.0,183.0,,,,,6530.0,0.0
2,58800,JAMS,6529.0,67.0,6528.0,142.0,,,6530.0,209.0,,,,,6529.5,0.0
2,58900,JAMS,6528.0,249.0,,,,,6529.0,6.0,6530.0,249.0,,,6528.5,0.0
2,59000,JAMS,6528.0,230.0,,,,,6530.0,230.0,,,,,6529.0,0.0
2,59100,JAMS,6528.0,175.0,,,,,6530.0,175.0,,,,,6529.0,0.0
2,59200,JAMS,6528.0,197.0,,,,,6530.0,197.0,,,,,6529.0,0.0
2,59300,JAMS,6529.0,64.0,6528.0,185.0,,,6530.0,64.0,6531.0,185.0,,,6529.5,0.0
2,59400,JAMS,6529.0,50.0,6528.0,137.0,,,6530.0,50.0,6531.0,137.0,,,6529.5,0.0
2,59500,JAMS,6529.0,283.0,,,,,6531.0,283.0,,,,,6530.0,0.0
2,59600,JAMS,6529.0,224.0,,,,,6531.0,224.0,,,,,6530.0,0.0
2,59700,JAMS,6529.0,251.0,,,,,6531.0,251.0,,,,,6530.0,0.0
2,59800,JAMS,6530.0,86.0,6529.0,157.0,,,6531.0,86.0,6532.0,157.0,,,6530.5,0.0
2,59900,JAMS,6530.0,236.0,,,,,6532.0,236.0,,,,,6531.0,0.0
2,60000,JAMS,6533.0,264.0,,,,,6535.0,264.0,,,,,6534.0,0.0
2,60100,JAMS,6533.0,219.0,,,,,6535.0,219.0,,,,,6534.0,0.0
2,60200,JAMS,6533.0,235.0,,,,,6535.0,235.0,,,,,6534.0,0.0
2,60300,JAMS,6533.0,223.0,,,,,6535.0,223.0,,,,,6534.0,0.0
2,60400,JAMS,6533.0,215.0,,,,,6535.0,215.0,,,,,6534.0,0.0
2,60500,JAMS,6534.0,64.0,6533.0,169.0,,,6535.0,57.0,6536.0,169.0,,,6534.5,0.0
2,60600,JAMS,6534.0,198.0,,,,,6536.0,198.0,,,,,6535.0,0.0
2,60700,JAMS,6535.0,95.0,6534.0,145.0,,,6536.0,95.0,6537.0,145.0,,,6535.5,0.0
2,60800,JAMS,6537.0,207.0,,,,,6539.0,207.0,,,,,6538.0,0.0
2,60900,JAMS,6537.0,91.0,6536.0,185.0,,,6538.0,91.0,6539.0,185.0,,,6537.5,0.0
2,61000,JAMS,6537.0,67.0,6536.0,185.0,,,6538.0,67.0,6539.0,185.0,,,6537.5,0.0
2,61100,JAMS,6537.0,161.0,,,,,6539.0,161.0,,,,,6538.0,0.0
2,61200,JAMS,6537.0,206.0,,,,,6539.0,206.0,,,,,6538.0,0.0
2,61300,JAMS,6537.0,260.0,,,,,6539.0,260.0,,,,,6538.0,0.0
2,61400,JAMS,6537.0,187.0,,,,,6539.0,187.0,,,,,6538.0,0.0
2,61500,JAMS,6537.0,214.0,,,,,6539.0,214.0,,,,,6538.0,0.0
2,61600,JAMS,6538.0,85.0,6537.0,147.0,,,6539.0,85.0,6540.0,147.0,,,6538.5,0.0
2,61700,JAMS,6537.0,268.0,,,,,6539.0,268.0,,,,,6538.0,0.0
2,61800,JAMS,6539.0,168.0,,,,,6541.0,168.0,,,,,6540.0,0.0
2,61900,JAMS,6541.0,277.0,,,,,6543.0,277.0,,,,,6542.0,0.0
2,62000,JAMS,6541.0,63.0,6540.0,188.0,,,6542.0,63.0,6543.0,188.0,,,6541.5,0.0
2,62100,JAMS,6541.0,255.0,,,,,6543.0,255.0,,,,,6542.0,0.0
2,62200,JAMS,6541.0,73.0,6540.0,172.0,,,6542.0,73.0,6543.0,172.0,,,6541.5,0.0
2,62300,JAMS,6541.0,52.0,6540.0,126.0,,,6542.0,52.0,6543.0,126.0,,,6541.5,0.0
2,62400,JAMS,6540.0,244.0,,,,,6542.0,244.0,,,,,6541.0,0.0
2,62500,JAMS,6539.0,194.0,,,,,6541.0,182.0,,,,,6540.0,0.0
2,62600,JAMS,6539.0,64.0,6538.0,188.0,,,6540.0,64.0,6541.0,188.0,,,6539.5,0.0
2,62700,JAMS,6539.0,247.0,,,,,6541.0,247.0,,,,,6540.0,0.0
2,62800,JAMS,6539.0,288.0,,,,,6541.0,288.0,,,,,6540.0,0.0
2,62900,JAMS,6539.0,99.0,6538.0,119.0,,,6540.0,99.0,6541.0,119.0,,,6539.5,0.0
2,63000,JAMS,6540.0,67.0,6539.0,129.0,,,6541.0,67.0,6542.0,129.0,,,6540.5,0.0
2,63100,JAMS,6539.0,287.0,,,,,6541.0,287.0,,,,,6540.0,0.0
2,63200,JAMS,6538.0,232.0,,,,,6540.0,222.0,,,,,6539.0,0.0
2,63300,JAMS,6538.0,51.0,6537.0,186.0,,,6539.0,237.0,,,,,6538.5,0.0
2,63400,JAMS,6538.0,83.0,6537.0,162.0,,,6539.0,83.0,6540.0,162.0,,,6538.5,0.0
2,63500,JAMS,6536.0,73.0,6535.0,168.0,,,6537.0,73.0,6538.0,168.0,,,6536.5,0.0
2,63600,JAMS,6536.0,196.0,,,,,6538.0,196.0,,,,,6537.0,0.0
2,63700,JAMS,6536.0,213.0,,,,,6538.0,213.0,,,,,6537.0,0.0
2,63800,JAMS,6535.0,193.0,,,,,6537.0,193.0,,,,,6536.0,0.0
2,63900,JAMS,6536.0,76.0,6535.0,116.0,,,6537.0,76.0,6538.0,116.0,,,6536.5,0.0
2,64000,JAMS,6536.0,66.0,6535.0,159.0,,,6537.0,66.0,6538.0,159.0,,,6536.5,0.0
2,64100,JAMS,6536.0,187.0,,,,,6538.0,187.0,,,,,6537.0,0.0
2,64200,JAMS,6536.0,258.0,,,,,6538.0,258.0,,,,,6537.0,0.0
2,64300,JAMS,6534.0,255.0,,,,,6536.0,255.0,,,,,6535.0,0.0
2,64400,JAMS,6535.0,77.0,6534.0,195.0,,,6536.0,83.0,6537.0,195.0,,,6535.5,0.0
2,64500,JAMS,6535.0,79.0,6534.0,197.0,,,6536.0,79.0,6537.0,197.0,,,6535.5,0.0
2,64600,JAMS,6536.0,10.0,6535.0,246.0,,,6537.0,246.0,,,,,6536.5,0.0
2,64700,JAMS,6536.0,255.0,,,,,6538.0,255.0,,,,,6537.0,0.0
2,64800,JAMS,6536.0,258.0,,,,,6538.0,258.0,,,,,6537.0,0.0
2,64900,JAMS,6537.0,196.0,,,,,6539.0,196.0,,,,,6538.0,0.0
2,65000,JAMS,6537.0,220.0,,,,,6539.0,220.0,,,,,6538.0,0.0
2,65100,JAMS,6538.0,98.0,6537.0,174.0,,,6539.0,272.0,,,,,6538.5,0.0
2,65200,JAMS,6537.0,240.0,,,,,6539.0,240.0,,,,,6538.0,0.0
2,65300,JAMS,6537.0,168.0,,,,,6539.0,168.0,,,,,6538.0,0.0
2,65400,JAMS,6537.0,226.0,,,,,6539.0,226.0,,,,,6538.0,0.0
2,65500,JAMS,6538.0,56.0,6537.0,138.0,,,6539.0,56.0,6540.0,138.0,,,6538.5,0.0
2,65600,JAMS,6537.0,238.0,,,,,6539.0,238.0,,,,,6538.0,0.0
2,65700,JAMS,6537.0,218.0,,,,,6539.0,218.0,,,,,6538.0,0.0
2,65800,JAMS,6538.0,56.0,6537.0,155.0,,,6539.0,56.0,6540.0,155.0,,,6538.5,0.0
2,65900,JAMS,6537.0,163.0,,,,,6539.0,163.0,,,,,6538.0,0.0
2,66000,JAMS,6538.0,84.0,6537.0,106.0,,,6539.0,84.0,6540.0,106.0,,,6538.5,0.0
2,66100,JAMS,6537.0,185.0,,,,,6539.0,185.0,,,,,6538.0,0.0
2,66200,JAMS,6538.0,10.0,6537.0,187.0,,,6539.0,187.0,,,,,6538.5,0.0
2,66300,JAMS,6538.0,172.0,,,,,6540.0,172.0,,,,,6539.0,0.0
2,66400,JAMS,6538.0,66.0,6537.0,185.0,,,6539.0,66.0,6540.0,185.0,,,6538.5,0.0
2,66500,JAMS,6537.0,256.0,,,,,6539.0,256.0,,,,,6538.0,0.0
2,66600,JAMS,6537.0,242.0,,,,,6539.0,242.0,,,,,6538.0,0.0
2,66700,JAMS,6537.0,61.0,6536.0,149.0,,,6538.0,210.0,,,,,6537.5,0.0
2,66800,JAMS,6537.0,210.0,,,,,6539.0,210.0,,,,,6538.0,0.0
2,66900,JAMS,6537.0,204.0,,,,,6539.0,204.0,,,,,6538.0,0.0
2,67000,JAMS,6538.0,69.0,6537.0,186.0,,,6539.0,69.0,6540.0,186.0,,,6538.5,0.0
2,67100,JAMS,6539.0,81.0,6538.0,114.0,,,6540.0,73.0,6541.0,114.0,,,6539.5,0.0
2,67200,JAMS,6539.0,52.0,6538.0,194.0,,,6540.0,52.0,6541.0,194.0,,,6539.5,0.0
2,67300,JAMS,6539.0,87.0,6538.0,165.0,,,6540.0,84.0,6541.0,165.0,,,6539.5,0.0
2,67400,JAMS,6539.0,256.0,,,,,6541.0,252.0,,,,,6540.0,0.0
2,67500,JAMS,6540.0,56.0,6539.0,121.0,,,6541.0,56.0,6542.0,121.0,,,6540.5,0.0
2,67600,JAMS,6540.0,65.0,6539.0,153.0,,,6541.0,65.0,6542.0,153.0,,,6540.5,0.0
2,67700,JAMS,6540.0,221.0,,,,,6542.0,221.0,,,,,6541.0,0.0
2,67800,JAMS,6540.0,255.0,,,,,6542.0,245.0,,,,,6541.0,0.0
2,67900,JAMS,6540.0,235.0,,,,,6542.0,245.0,,,,,6541.0,0.0
2,68000,JAMS,6539.0,178.0,,,,,6541.0,178.0,,,,,6540.0,0.0
2,68100,JAMS,6540.0,208.0,,,,,6542.0,208.0,,,,,6541.0,0.0
2,68200,JAMS,6540.0,212.0,,,,,6542.0,212.0,,,,,6541.0,0.0
2,68300,JAMS,6540.0,182.0,,,,,6542.0,182.0,,,,,6541.0,0.0
2,68400,JAMS,6540.0,251.0,,,,,6542.0,251.0,,,,,6541.0,0.0
2,68500,JAMS,6540.0,50.0,6539.0,199.0,,,6541.0,50.0,6542.0,199.0,,,6540.5,0.0
2,68600,JAMS,6539.0,259.0,,,,,6541.0,259.0,,,,,6540.0,0.0
2,68700,JAMS,6540.0,265.0,,,,,6542.0,265.0,,,,,6541.0,0.0
2,68800,JAMS,6540.0,57.0,6539.0,200.0,,,6541.0,57.0,6542.0,200.0,,,6540.5,0.0
2,68900,JAMS,6540.0,251.0,,,,,6542.0,251.0,,,,,6541.0,0.0
2,69000,JAMS,6539.0,199.0,,,,,6541.0,199.0,,,,,6540.0,0.0
2,69100,JAMS,6539.0,278.0,,,,,6541.0,278.0,,,,,6540.0,0.0
2,69200,JAMS,6539.0,239.0,,,,,6541.0,239.0,,,,,6540.0,0.0
2,69300,JAMS,6539.0,260.0,,,,,6541.0,251.0,,,,,6540.0,0.0
2,69400,JAMS,6539.0,224.0,,,,,6541.0,224.0,,,,,6540.0,0.0
2,69500,JAMS,6538.0,193.0,,,,,6540.0,193.0,,,,,6539.0,0.0
2,69600,JAMS,6538.0,220.0,,,,,6540.0,220.0,,,,,6539.0,0.0
2,69700,JAMS,6538.0,228.0,,,,,6540.0,228.0,,,,,6539.0,0.0
2,69800,JAMS,6538.0,226.0,,,,,6540.0,226.0,,,,,6539.0,0.0
2,69900,JAMS,6538.0,179.0,,,,,6539.0,70.0,6540.0,109.0,,,6538.5,0.0
2,70000,JAMS,6538.0,272.0,,,,,6540.0,272.0,,,,,6539.0,0.0
2,70100,JAMS,6538.0,76.0,6537.0,177.0,,,6539.0,253.0,,,,,6538.5,0.0
2,70200,JAMS,6537.0,265.0,,,,,6539.0,256.0,,,,,6538.0,0.0
2,70300,JAMS,6537.0,250.0,,,,,6539.0,250.0,,,,,6538.0,0.0
2,70400,JAMS,6537.0,237.0,,,,,6539.0,237.0,,,,,6538.0,0.0
2,70500,JAMS,6538.0,51.0,6537.0,199.0,,,6539.0,51.0,6540.0,199.0,,,6538.5,0.0
2,70600,JAMS,6539.0,57.0,6538.0,113.0,,,6540.0,57.0,6541.0,113.0,,,6539.5,0.0
2,70700,JAMS,6539.0,62.0,6538.0,121.0,,,6540.0,183.0,,,,,6539.5,0.0
2,70800,JAMS,6539.0,213.0,,,,,6541.0,213.0,,,,,6540.0,0.0
2,70900,JAMS,6542.0,214.0,,,,,6544.0,214.0,,,,,6543.0,0.0
2,71000,JAMS,6544.0,203.0,,,,,6546.0,203.0,,,,,6545.0,0.0
2,71100,JAMS,6544.0,166.0,,,,,6546.0,166.0,,,,,6545.0,0.0
2,71200,JAMS,6543.0,246.0,,,,,6545.0,246.0,,,,,6544.0,0.0
2,71300,JAMS,6546.0,275.0,,,,,6548.0,275.0,,,,,6547.0,0.0
2,71400,JAMS,6546.0,253.0,,,,,6548.0,253.0,,,,,6547.0,0.0
2,71500,JAMS,6547.0,274.0,,,,,6549.0,274.0,,,,,6548.0,0.0
2,71600,JAMS,6548.0,87.0,6547.0,150.0,,,6549.0,87.0,6550.0,150.0,,,6548.5,0.0
2,71700,JAMS,6547.0,52.0,6546.0,185.0,,,6548.0,52.0,6549.0,185.0,,,6547.5,0.0
2,71800,JAMS,6545.0,225.0,,,,,6547.0,225.0,,,,,6546.0,0.0
2,71900,JAMS,6545.0,224.0,,,,,6547.0,224.0,,,,,6546.0,0.0
2,72000,JAMS,6543.0,172.0,,,,,6545.0,172.0,,,,,6544.0,0.0
2,72100,JAMS,6544.0,231.0,,,,,6546.0,231.0,,,,,6545.0,0.0
2,72200,JAMS,6543.0,214.0,,,,,6545.0,214.0,,,,,6544.0,0.0
2,72300,JAMS,6543.0,175.0,,,,,6545.0,175.0,,,,,6544.0,0.0
2,72400,JAMS,6542.0,3.0,6541.0,254.0,,,6543.0,254.0,,,,,6542.5,0.0
2,72500,JAMS,6542.0,181.0,,,,,6544.0,181.0,,,,,6543.0,0.0
2,72600,JAMS,6541.0,253.0,,,,,6542.0,12.0,6543.0,253.0,,,6541.5,0.0
2,72700,JAMS,6542.0,227.0,,,,,6544.0,227.0,,,,,6543.0,0.0
2,72800,JAMS,6542.0,52.0,6541.0,153.0,,,6543.0,52.0,6544.0,153.0,,,6542.5,0.0
2,72900,JAMS,6542.0,211.0,,,,,6544.0,211.0,,,,,6543.0,0.0
2,73000,JAMS,6542.0,180.0,,,,,6543.0,61.0,6544.0,119.0,,,6542.5,0.0
2,73100,JAMS,6542.0,286.0,,,,,6544.0,280.0,,,,,6543.0,0.0
2,73200,JAMS,6543.0,241.0,,,,,6545.0,241.0,,,,,6544.0,0.0
2,73300,JAMS,6543.0,71.0,6542.0,181.0,,,6544.0,71.0,6545.0,181.0,,,6543.5,0.0
2,73400,JAMS,6543.0,69.0,6542.0,135.0,,,6544.0,69.0,6545.0,135.0,,,6543.5,0.0
2,73500,JAMS,6543.0,61.0,6542.0,122.0,,,6544.0,61.0,6545.0,122.0,,,6543.5,0.0
2,73600,JAMS,6544.0,258.0,,,,,6546.0,258.0,,,,,6545.0,0.0
2,73700,JAMS,6545.0,83.0,6544.0,129.0,,,6546.0,83.0,6547.0,129.0,,,6545.5,0.0
2,73800,JAMS,6545.0,292.0,,,,,6547.0,292.0,,,,,6546.0,0.0
2,73900,JAMS,6545.0,174.0,,,,,6547.0,174.0,,,,,6546.0,0.0
2,74000,JAMS,6545.0,54.0,6544.0,128.0,,,6546.0,54.0,6547.0,128.0,,,6545.5,0.0
2,74100,JAMS,6544.0,267.0,,,,,6546.0,260.0,,,,,6545.0,0.0
2,74200,JAMS,6544.0,236.0,,,,,6546.0,236.0,,,,,6545.0,0.0
2,74300,JAMS,6544.0,200.0,,,,,6546.0,200.0,,,,,6545.0,0.0
2,74400,JAMS,6544.0,230.0,,,,,6546.0,230.0,,,,,6545.0,0.0
2,74500,JAMS,6543.0,281.0,,,,,6545.0,281.0,,,,,6544.0,0.0
2,74600,JAMS,6543.0,82.0,6542.0,126.0,,,6544.0,82.0,6545.0,126.0,,,6543.5,0.0
2,74700,JAMS,6543.0,79.0,6542.0,130.0,,,6544.0,79.0,6545.0,130.0,,,6543.5,0.0
2,74800,JAMS,6543.0,62.0,6542.0,152.0,,,6544.0,62.0,6545.0,152.0,,,6543.5,0.0
2,74900,JAMS,6540.0,168.0,,,,,6541.0,11.0,6542.0,168.0,,,6540.5,0.0
2,75000,JAMS,6541.0,50.0,6540.0,145.0,,,6542.0,50.0,6543.0,145.0,,,6541.5,0.0
2,75100,JAMS,6541.0,98.0,6540.0,189.0,,,6542.0,98.0,6543.0,189.0,,,6541.5,0.0
2,75200,JAMS,6541.0,95.0,6540.0,140.0,,,6542.0,95.0,6543.0,140.0,,,6541.5,0.0
2,75300,JAMS,6542.0,9.0,6541.0,218.0,,,6543.0,218.0,,,,,6542.5,0.0
2,75400,JAMS,6542.0,184.0,,,,,6544.0,184.0,,,,,6543.0,0.0
2,75500,JAMS,6543.0,199.0,,,,,6545.0,199.0,,,,,6544.0,0.0
2,75600,JAMS,6543.0,263.0,,,,,6545.0,263.0,,,,,6544.0,0.0
2,75700,JAMS,6543.0,285.0,,,,,6545.0,285.0,,,,,6544.0,0.0
2,75800,JAMS,6543.0,82.0,6542.0,132.0,,,6544.0,214.0,,,,,6543.5,0.0
2,75900,JAMS,6543.0,62.0,6542.0,150.0,,,6544.0,62.0,6545.0,150.0,,,6543.5,0.0
2,76000,JAMS,6542.0,198.0,,,,,6544.0,198.0,,,,,6543.0,0.0
2,76100,JAMS,6542.0,264.0,,,,,6544.0,264.0,,,,,6543.0,0.0
2,76200,JAMS,6542.0,227.0,,,,,6544.0,227.0,,,,,6543.0,0.0
2,76300,JAMS,6542.0,182.0,,,,,6544.0,182.0,,,,,6543.0,0.0
2,76400,JAMS,6542.0,81.0,6541.0,113.0,,,6543.0,81.0,6544.0,113.0,,,6542.5,0.0
2,76500,JAMS,6542.0,231.0,,,,,6544.0,231.0,,,,,6543.0,0.0
2,76600,JAMS,6542.0,223.0,,,,,6544.0,223.0,,,,,6543.0,0.0
2,76700,JAMS,6542.0,82.0,6541.0,167.0,,,6543.0,82.0,6544.0,167.0,,,6542.5,0.0
2,76800,JAMS,6542.0,78.0,6541.0,170.0,,,6543.0,78.0,6544.0,170.0,,,6542.5,0.0
2,76900,JAMS,6543.0,248.0,,,,,6545.0,248.0,,,,,6544.0,0.0
2,77000,JAMS,6540.0,244.0,,,,,6542.0,244.0,,,,,6541.0,0.0
2,77100,JAMS,6540.0,93.0,6539.0,191.0,,,6541.0,93.0,6542.0,191.0,,,6540.5,0.0
2,77200,JAMS,6538.0,258.0,,,,,6540.0,258.0,,,,,6539.0,0.0
2,77300,JAMS,6538.0,199.0,,,,,6540.0,199.0,,,,,6539.0,0.0
2,77400,JAMS,6539.0,70.0,6538.0,131.0,,,6540.0,70.0,6541.0,131.0,,,6539.5,0.0
2,77500,JAMS,6538.0,241.0,,,,,6540.0,241.0,,,,,6539.0,0.0
2,77600,JAMS,6538.0,154.0,,,,,6540.0,154.0,,,,,6539.0,0.0
2,77700,JAMS,6539.0,88.0,6538.0,104.0,,,6540.0,192.0,,,,,6539.5,0.0
2,77800,JAMS,6538.0,254.0,,,,,6540.0,254.0,,,,,6539.0,0.0
2,77900,JAMS,6539.0,287.0,,,,,6541.0,287.0,,,,,6540.0,0.0
2,78000,JAMS,6539.0,259.0,,,,,6540.0,92.0,6541.0,167.0,,,6539.5,0.0
2,78100,JAMS,6539.0,272.0,,,,,6541.0,272.0,,,,,6540.0,0.0
2,78200,JAMS,6539.0,71.0,6538.0,180.0,,,6540.0,78.0,6541.0,180.0,,,6539.5,0.0
2,78300,JAMS,6539.0,219.0,,,,,6541.0,219.0,,,,,6540.0,0.0
2,78400,JAMS,6539.0,224.0,,,,,6541.0,224.0,,,,,6540.0,0.0
2,78500,JAMS,6540.0,83.0,6539.0,193.0,,,6541.0,83.0,6542.0,193.0,,,6540.5,0.0
2,78600,JAMS,6539.0,240.0,,,,,6541.0,240.0,,,,,6540.0,0.0
2,78700,JAMS,6539.0,265.0,,,,,6541.0,265.0,,,,,6540.0,0.0
2,78800,JAMS,6540.0,53.0,6539.0,132.0,,,6541.0,53.0,6542.0,132.0,,,6540.5,0.0
2,78900,JAMS,6539.0,189.0,,,,,6541.0,189.0,,,,,6540.0,0.0
2,79000,JAMS,6540.0,81.0,6539.0,146.0,,,6541.0,81.0,6542.0,146.0,,,6540.5,0.0
2,79100,JAMS,6540.0,52.0,6539.0,116.0,,,6541.0,52.0,6542.0,116.0,,,6540.5,0.0
2,79200,JAMS,6539.0,276.0,,,,,6541.0,276.0,,,,,6540.0,0.0
2,79300,JAMS,6539.0,232.0,,,,,6541.0,232.0,,,,,6540.0,0.0
2,79400,JAMS,6540.0,231.0,,,,,6542.0,231.0,,,,,6541.0,0.0
2,79500,JAMS,6540.0,59.0,6539.0,191.0,,,6541.0,59.0,6542.0,191.0,,,6540.5,0.0
2,79600,JAMS,6541.0,222.0,,,,,6543.0,222.0,,,,,6542.0,0.0
2,79700,JAMS,6540.0,257.0,,,,,6542.0,257.0,,,,,6541.0,0.0
2,79800,JAMS,6540.0,70.0,6539.0,195.0,,,6541.0,70.0,6542.0,195.0,,,6540.5,0.0
2,79900,JAMS,6539.0,230.0,,,,,6541.0,221.0,,,,,6540.0,0.0
2,80000,JAMS,6538.0,239.0,,,,,6540.0,239.0,,,,,6539.0,0.0
2,80100,JAMS,6538.0,179.0,,,,,6540.0,179.0,,,,,6539.0,0.0
2,80200,JAMS,6539.0,54.0,6538.0,132.0,,,6540.0,54.0,6541.0,132.0,,,6539.5,0.0
2,80300,JAMS,6538.0,179.0,,,,,6540.0,179.0,,,,,6539.0,0.0
2,80400,JAMS,6538.0,270.0,,,,,6540.0,270.0,,,,,6539.0,0.0
2,80500,JAMS,6538.0,90.0,6537.0,163.0,,,6539.0,90.0,6540.0,163.0,,,6538.5,0.0
2,80600,JAMS,6538.0,169.0,,,,,6540.0,169.0,,,,,6539.0,0.0
2,80700,JAMS,6537.0,246.0,,,,,6539.0,246.0,,,,,6538.0,0.0
2,80800,JAMS,6537.0,230.0,,,,,6539.0,230.0,,,,,6538.0,0.0
2,80900,JAMS,6537.0,195.0,,,,,6539.0,195.0,,,,,6538.0,0.0
2,81000,JAMS,6537.0,266.0,,,,,6539.0,266.0,,,,,6538.0,0.0
2,81100,JAMS,6538.0,52.0,6537.0,191.0,,,6539.0,52.0,6540.0,191.0,,,6538.5,0.0
2,81200,JAMS,6537.0,247.0,,,,,6539.0,247.0,,,,,6538.0,0.0
2,81300,JAMS,6537.0,244.0,,,,,6539.0,244.0,,,,,6538.0,0.0
2,81400,JAMS,6537.0,177.0,,,,,6539.0,177.0,,,,,6538.0,0.0
2,81500,JAMS,6538.0,9.0,6537.0,271.0,,,6539.0,271.0,,,,,6538.5,0.0
2,81600,JAMS,6537.0,277.0,,,,,6539.0,277.0,,,,,6538.0,0.0
2,81700,JAMS,6537.0,263.0,,,,,6539.0,263.0,,,,,6538.0,0.0
2,81800,JAMS,6537.0,245.0,,,,,6539.0,245.0,,,,,6538.0,0.0
2,81900,JAMS,6536.0,216.0,,,,,6538.0,222.0,,,,,6537.0,0.0
2,82000,JAMS,6536.0,80.0,6535.0,164.0,,,6537.0,80.0,6538.0,164.0,,,6536.5,0.0
2,82100,JAMS,6536.0,188.0,,,,,6538.0,188.0,,,,,6537.0,0.0
2,82200,JAMS,6536.0,246.0,,,,,6538.0,246.0,,,,,6537.0,0.0
2,82300,JAMS,6537.0,187.0,,,,,6539.0,187.0,,,,,6538.0,0.0
2,82400,JAMS,6537.0,84.0,6536.0,110.0,,,6538.0,194.0,,,,,6537.5,0.0
2,82500,JAMS,6536.0,195.0,,,,,6538.0,195.0,,,,,6537.0,0.0
2,82600,JAMS,6536.0,92.0,6535.0,171.0,,,6537.0,92.0,6538.0,171.0,,,6536.5,0.0
2,82700,JAMS,6536.0,80.0,6535.0,152.0,,,6537.0,80.0,6538.0,152.0,,,6536.5,0.0
2,82800,JAMS,6536.0,92.0,6535.0,122.0,,,6537.0,92.0,6538.0,122.0,,,6536.5,0.0
2,82900,JAMS,6535.0,198.0,,,,,6537.0,198.0,,,,,6536.0,0.0
2,83000,JAMS,6535.0,262.0,,,,,6537.0,262.0,,,,,6536.0,0.0
2,83100,JAMS,6535.0,238.0,,,,,6537.0,238.0,,,,,6536.0,0.0
2,83200,JAMS,6535.0,180.0,,,,,6537.0,180.0,,,,,6536.0,0.0
2,83300,JAMS,6535.0,268.0,,,,,6537.0,268.0,,,,,6536.0,0.0
2,83400,JAMS,6535.0,217.0,,,,,6536.0,69.0,6537.0,148.0,,,6535.5,0.0
2,83500,JAMS,6534.0,211.0,,,,,6536.0,211.0,,,,,6535.0,0.0
2,83600,JAMS,6534.0,78.0,6533.0,194.0,,,6535.0,78.0,6536.0,194.0,,,6534.5,0.0
2,83700,JAMS,6531.0,188.0,,,,,6533.0,188.0,,,,,6532.0,0.0
2,83800,JAMS,6533.0,216.0,,,,,6535.0,216.0,,,,,6534.0,0.0
2,83900,JAMS,6534.0,240.0,,,,,6536.0,240.0,,,,,6535.0,0.0
2,84000,JAMS,6534.0,245.0,,,,,6536.0,245.0,,,,,6535.0,0.0
2,84100,JAMS,6534.0,66.0,6533.0,129.0,,,6535.0,66.0,6536.0,129.0,,,6534.5,0.0
2,84200,JAMS,6534.0,200.0,,,,,6536.0,200.0,,,,,6535.0,0.0
2,84300,JAMS,6534.0,198.0,,,,,6536.0,198.0,,,,,6535.0,0.0
2,84400,JAMS,6534.0,188.0,,,,,6536.0,188.0,,,,,6535.0,0.0
2,84500,JAMS,6534.0,231.0,,,,,6536.0,231.0,,,,,6535.0,0.0
2,84600,JAMS,6534.0,208.0,,,,,6536.0,208.0,,,,,6535.0,0.0
2,84700,JAMS,6534.0,242.0,,,,,6535.0,4.0,6536.0,242.0,,,6534.5,0.0
2,84800,JAMS,6534.0,219.0,,,,,6536.0,211.0,,,,,6535.0,0.0
2,84900,JAMS,6534.0,271.0,,,,,6536.0,271.0,,,,,6535.0,0.0
2,85000,JAMS,6534.0,190.0,,,,,6535.0,8.0,6536.0,190.0,,,6534.5,0.0
2,85100,JAMS,6534.0,225.0,,,,,6536.0,225.0,,,,,6535.0,0.0
2,85200,JAMS,6535.0,69.0,6534.0,180.0,,,6536.0,69.0,6537.0,180.0,,,6535.5,0.0
2,85300,JAMS,6535.0,180.0,,,,,6537.0,180.0,,,,,6536.0,0.0
2,85400,JAMS,6536.0,217.0,,,,,6538.0,217.0,,,,,6537.0,0.0
2,85500,JAMS,6536.0,81.0,6535.0,139.0,,,6537.0,81.0,6538.0,139.0,,,6536.5,0.0
2,85600,JAMS,6536.0,94.0,6535.0,179.0,,,6537.0,94.0,6538.0,179.0,,,6536.5,0.0
2,85700,JAMS,6537.0,260.0,,,,,6539.0,260.0,,,,,6538.0,0.0
2,85800,JAMS,6537.0,228.0,,,,,6539.0,228.0,,,,,6538.0,0.0
2,85900,JAMS,6534.0,184.0,,,,,6536.0,184.0,,,,,6535.0,0.0
2,86000,JAMS,6533.0,55.0,6532.0,128.0,,,6534.0,55.0,6535.0,128.0,,,6533.5,0.0
2,86100,JAMS,6533.0,73.0,6532.0,109.0,,,6534.0,73.0,6535.0,109.0,,,6533.5,0.0
2,86200,JAMS,6532.0,256.0,,,,,6534.0,256.0,,,,,6533.0,0.0
2,86300,JAMS,6531.0,84.0,6530.0,165.0,,,6532.0,84.0,6533.0,165.0,,,6531.5,0.0
2,86400,JAMS,6531.0,76.0,6530.0,182.0,,,6532.0,76.0,6533.0,182.0,,,6531.5,0.0
2,86500,JAMS,6530.0,79.0,6529.0,146.0,,,6531.0,79.0,6532.0,146.0,,,6530.5,0.0
2,86600,JAMS,6531.0,96.0,6530.0,181.0,,,6532.0,96.0,6533.0,181.0,,,6531.5,0.0
2,86700,JAMS,6531.0,64.0,6530.0,182.0,,,6532.0,64.0,6533.0,182.0,,,6531.5,0.0
2,86800,JAMS,6531.0,76.0,6530.0,152.0,,,6532.0,76.0,6533.0,152.0,,,6531.5,0.0
2,86900,JAMS,6530.0,220.0,,,,,6532.0,220.0,,,,,6531.0,0.0
2,87000,JAMS,6533.0,190.0,,,,,6534.0,61.0,6535.0,129.0,,,6533.5,0.0
2,87100,JAMS,6532.0,181.0,,,,,6534.0,181.0,,,,,6533.0,0.0
2,87200,JAMS,6533.0,281.0,,,,,6534.0,82.0,6535.0,195.0,,,6533.5,0.0
2,87300,JAMS,6533.0,55.0,6532.0,125.0,,,6534.0,66.0,6535.0,125.0,,,6533.5,0.0
2,87400,JAMS,6534.0,247.0,,,,,6536.0,247.0,,,,,6535.0,0.0
2,87500,JAMS,6534.0,85.0,6533.0,174.0,,,6535.0,85.0,6536.0,174.0,,,6534.5,0.0
2,87600,JAMS,6535.0,77.0,6534.0,196.0,,,6536.0,77.0,6537.0,196.0,,,6535.5,0.0
2,87700,JAMS,6535.0,69.0,6534.0,190.0,,,6536.0,69.0,6537.0,190.0,,,6535.5,0.0
2,87800,JAMS,6535.0,81.0,6534.0,147.0,,,6536.0,81.0,6537.0,147.0,,,6535.5,0.0
2,87900,JAMS,6534.0,253.0,,,,,6536.0,253.0,,,,,6535.0,0.0
2,88000,JAMS,6535.0,232.0,,,,,6537.0,235.0,,,,,6536.0,0.0
2,88100,JAMS,6535.0,54.0,6534.0,174.0,,,6536.0,54.0,6537.0,174.0,,,6535.5,0.0
2,88200,JAMS,6535.0,79.0,6534.0,180.0,,,6536.0,79.0,6537.0,180.0,,,6535.5,0.0
2,88300,JAMS,6535.0,172.0,,,,,6537.0,172.0,,,,,6536.0,0.0
2,88400,JAMS,6536.0,255.0,,,,,6538.0,255.0,,,,,6537.0,0.0
2,88500,JAMS,6537.0,57.0,6536.0,136.0,,,6538.0,57.0,6539.0,136.0,,,6537.5,0.0
2,88600,JAMS,6536.0,208.0,,,,,6538.0,211.0,,,,,6537.0,0.0
2,88700,JAMS,6534.0,279.0,,,,,6536.0,279.0,,,,,6535.0,0.0
2,88800,JAMS,6534.0,213.0,,,,,6536.0,206.0,,,,,6535.0,0.0
2,88900,JAMS,6534.0,270.0,,,,,6536.0,270.0,,,,,6535.0,0.0
2,89000,JAMS,6535.0,84.0,6534.0,100.0,,,6536.0,84.0,6537.0,100.0,,,6535.5,0.0
2,89100,JAMS,6535.0,231.0,,,,,6537.0,231.0,,,,,6536.0,0.0
2,89200,JAMS,6534.0,198.0,,,,,6536.0,198.0,,,,,6535.0,0.0
2,89300,JAMS,6534.0,191.0,,,,,6535.0,88.0,6536.0,103.0,,,6534.5,0.0
2,89400,JAMS,6534.0,220.0,,,,,6536.0,220.0,,,,,6535.0,0.0
2,89500,JAMS,6535.0,66.0,6534.0,137.0,,,6536.0,66.0,6537.0,137.0,,,6535.5,0.0
2,89600,JAMS,6535.0,54.0,6534.0,200.0,,,6536.0,51.0,6537.0,200.0,,,6535.5,0.0
2,89700,JAMS,6534.0,180.0,,,,,6536.0,180.0,,,,,6535.0,0.0
2,89800,JAMS,6534.0,230.0,,,,,6536.0,230.0,,,,,6535.0,0.0
2,89900,JAMS,6534.0,231.0,,,,,6536.0,231.0,,,,,6535.0,0.0
2,90000,JAMS,6534.0,258.0,,,,,6536.0,258.0,,,,,6535.0,0.0
2,90100,JAMS,6534.0,232.0,,,,,6536.0,232.0,,,,,6535.0,0.0
2,90200,JAMS,6534.0,220.0,,,,,6535.0,8.0,6536.0,220.0,,,6534.5,0.0
2,90300,JAMS,6534.0,209.0,,,,,6536.0,209.0,,,,,6535.0,0.0
2,90400,JAMS,6532.0,219.0,,,,,6534.0,219.0,,,,,6533.0,0.0
2,90500,JAMS,6532.0,263.0,,,,,6534.0,270.0,,,,,6533.0,0.0
2,90600,JAMS,6532.0,59.0,6531.0,113.0,,,6533.0,59.0,6534.0,113.0,,,6532.5,0.0
2,90700,JAMS,6532.0,221.0,,,,,6534.0,225.0,,,,,6533.0,0.0
2,90800,JAMS,6533.0,63.0,6532.0,123.0,,,6534.0,63.0,6535.0,123.0,,,6533.5,0.0
2,90900,JAMS,6532.0,244.0,,,,,6534.0,244.0,,,,,6533.0,0.0
2,91000,JAMS,6532.0,165.0,,,,,6534.0,165.0,,,,,6533.0,0.0
2,91100,JAMS,6532.0,213.0,,,,,6534.0,213.0,,,,,6533.0,0.0
2,91200,JAMS,6532.0,183.0,,,,,6533.0,12.0,6534.0,183.0,,,6532.5,0.0
2,91300,JAMS,6533.0,235.0,,,,,6535.0,235.0,,,,,6534.0,0.0
2,91400,JAMS,6533.0,192.0,,,,,6535.0,192.0,,,,,6534.0,0.0
2,91500,JAMS,6535.0,245.0,,,,,6537.0,245.0,,,,,6536.0,0.0
2,91600,JAMS,6537.0,99.0,6536.0,129.0,,,6538.0,99.0,6539.0,129.0,,,6537.5,0.0
2,91700,JAMS,6537.0,205.0,,,,,6539.0,205.0,,,,,6538.0,0.0
2,91800,JAMS,6537.0,181.0,,,,,6539.0,170.0,,,,,6538.0,0.0
2,91900,JAMS,6537.0,50.0,6536.0,153.0,,,6538.0,50.0,6539.0,153.0,,,6537.5,0.0
2,92000,JAMS,6537.0,173.0,,,,,6539.0,173.0,,,,,6538.0,0.0
2,92100,JAMS,6537.0,204.0,,,,,6539.0,204.0,,,,,6538.0,0.0
2,92200,JAMS,6540.0,244.0,,,,,6542.0,244.0,,,,,6541.0,0.0
2,92300,JAMS,6539.0,94.0,6538.0,143.0,,,6540.0,94.0,6541.0,143.0,,,6539.5,0.0
2,92400,JAMS,6536.0,169.0,,,,,6538.0,169.0,,,,,6537.0,0.0
2,92500,JAMS,6536.0,290.0,,,,,6538.0,290.0,,,,,6537.0,0.0
2,92600,JAMS,6535.0,82.0,6534.0,127.0,,,6536.0,82.0,6537.0,127.0,,,6535.5,0.0
2,92700,JAMS,6536.0,56.0,6535.0,153.0,,,6537.0,56.0,6538.0,153.0,,,6536.5,0.0
2,92800,JAMS,6537.0,5.0,6536.0,276.0,,,6538.0,276.0,,,,,6537.5,0.0
2,92900,JAMS,6537.0,190.0,,,,,6539.0,190.0,,,,,6538.0,0.0
2,93000,JAMS,6537.0,185.0,,,,,6539.0,185.0,,,,,6538.0,0.0
2,93100,JAMS,6537.0,262.0,,,,,6539.0,262.0,,,,,6538.0,0.0
2,93200,JAMS,6537.0,50.0,6536.0,131.0,,,6538.0,50.0,6539.0,131.0,,,6537.5,0.0
2,93300,JAMS,6537.0,244.0,,,,,6539.0,244.0,,,,,6538.0,0.0
2,93400,JAMS,6537.0,87.0,6536.0,146.0,,,6538.0,87.0,6539.0,146.0,,,6537.5,0.0
2,93500,JAMS,6537.0,72.0,6536.0,153.0,,,6538.0,72.0,6539.0,153.0,,,6537.5,0.0
2,93600,JAMS,6536.0,198.0,,,,,6538.0,198.0,,,,,6537.0,0.0
2,93700,JAMS,6537.0,90.0,6536.0,186.0,,,6538.0,90.0,6539.0,186.0,,,6537.5,0.0
2,93800,JAMS,6537.0,240.0,,,,,6539.0,240.0,,,,,6538.0,0.0
2,93900,JAMS,6538.0,55.0,6537.0,141.0,,,6539.0,65.0,6540.0,141.0,,,6538.5,0.0
2,94000,JAMS,6538.0,70.0,6537.0,167.0,,,6539.0,70.0,6540.0,167.0,,,6538.5,0.0
2,94100,JAMS,6538.0,91.0,6537.0,121.0,,,6539.0,91.0,6540.0,121.0,,,6538.5,0.0
2,94200,JAMS,6536.0,207.0,,,,,6538.0,207.0,,,,,6537.0,0.0
2,94300,JAMS,6537.0,78.0,6536.0,115.0,,,6538.0,78.0,6539.0,115.0,,,6537.5,0.0
2,94400,JAMS,6536.0,229.0,,,,,6538.0,229.0,,,,,6537.0,0.0
2,94500,JAMS,6537.0,92.0,6536.0,161.0,,,6538.0,253.0,,,,,6537.5,0.0
2,94600,JAMS,6537.0,96.0,6536.0,145.0,,,6538.0,96.0,6539.0,145.0,,,6537.5,0.0
2,94700,JAMS,6536.0,214.0,,,,,6538.0,214.0,,,,,6537.0,0.0
2,94800,JAMS,6537.0,188.0,,,,,6539.0,188.0,,,,,6538.0,0.0
2,94900,JAMS,6537.0,184.0,,,,,6539.0,184.0,,,,,6538.0,0.0
2,95000,JAMS,6538.0,213.0,,,,,6540.0,213.0,,,,,6539.0,0.0
2,95100,JAMS,6538.0,238.0,,,,,6539.0,72.0,6540.0,166.0,,,6538.5,0.0
2,95200,JAMS,6538.0,217.0,,,,,6540.0,217.0,,,,,6539.0,0.0
2,95300,JAMS,6538.0,274.0,,,,,6540.0,274.0,,,,,6539.0,0.0
2,95400,JAMS,6539.0,93.0,6538.0,152.0,,,6540.0,93.0,6541.0,152.0,,,6539.5,0.0
2,95500,JAMS,6537.0,98.0,6536.0,173.0,,,6538.0,98.0,6539.0,173.0,,,6537.5,0.0
2,95600,JAMS,6537.0,56.0,6536.0,107.0,,,6538.0,56.0,6539.0,107.0,,,6537.5,0.0
2,95700,JAMS,6536.0,265.0,,,,,6538.0,265.0,,,,,6537.0,0.0
2,95800,JAMS,6536.0,53.0,6535.0,179.0,,,6537.0,53.0,6538.0,179.0,,,6536.5,0.0
2,95900,JAMS,6536.0,220.0,,,,,6538.0,220.0,,,,,6537.0,0.0
2,96000,JAMS,6537.0,252.0,,,,,6539.0,252.0,,,,,6538.0,0.0
2,96100,JAMS,6538.0,53.0,6537.0,190.0,,,6539.0,53.0,6540.0,190.0,,,6538.5,0.0
2,96200,JAMS,6539.0,65.0,6538.0,102.0,,,6540.0,65.0,6541.0,102.0,,,6539.5,0.0
2,96300,JAMS,6539.0,247.0,,,,,6541.0,247.0,,,,,6540.0,0.0
2,96400,JAMS,6538.0,237.0,,,,,6540.0,237.0,,,,,6539.0,0.0
2,96500,JAMS,6538.0,79.0,6537.0,182.0,,,6539.0,79.0,6540.0,182.0,,,6538.5,0.0
2,96600,JAMS,6538.0,90.0,6537.0,162.0,,,6539.0,90.0,6540.0,162.0,,,6538.5,0.0
2,96700,JAMS,6536.0,242.0,,,,,6538.0,242.0,,,,,6537.0,0.0
2,96800,JAMS,6536.0,219.0,,,,,6538.0,219.0,,,,,6537.0,0.0
2,96900,JAMS,6537.0,262.0,,,,,6539.0,262.0,,,,,6538.0,0.0
2,97000,JAMS,6537.0,251.0,,,,,6539.0,251.0,,,,,6538.0,0.0
2,97100,JAMS,6537.0,199.0,,,,,6539.0,199.0,,,,,6538.0,0.0
2,97200,JAMS,6537.0,224.0,,,,,6539.0,224.0,,,,,6538.0,0.0
2,97300,JAMS,6537.0,63.0,6536.0,112.0,,,6538.0,63.0,6539.0,112.0,,,6537.5,0.0
2,97400,JAMS,6537.0,222.0,,,,,6539.0,222.0,,,,,6538.0,0.0
2,97500,JAMS,6537.0,253.0,,,,,6539.0,253.0,,,,,6538.0,0.0
2,97600,JAMS,6537.0,221.0,,,,,6539.0,221.0,,,,,6538.0,0.0
2,97700,JAMS,6540.0,276.0,,,,,6542.0,276.0,,,,,6541.0,0.0
2,97800,JAMS,6540.0,217.0,,,,,6542.0,217.0,,,,,6541.0,0.0
2,97900,JAMS,6541.0,87.0,6540.0,161.0,,,6542.0,248.0,,,,,6541.5,0.0
2,98000,JAMS,6541.0,53.0,6540.0,126.0,,,6542.0,53.0,6543.0,126.0,,,6541.5,0.0
2,98100,JAMS,6542.0,256.0,,,,,6544.0,256.0,,,,,6543.0,0.0
2,98200,JAMS,6542.0,230.0,,,,,6544.0,230.0,,,,,6543.0,0.0
2,98300,JAMS,6542.0,87.0,6541.0,119.0,,,6543.0,87.0,6544.0,119.0,,,6542.5,0.0
2,98400,JAMS,6542.0,215.0,,,,,6544.0,215.0,,,,,6543.0,0.0
2,98500,JAMS,6542.0,236.0,,,,,6544.0,236.0,,,,,6543.0,0.0
2,98600,JAMS,6543.0,226.0,,,,,6545.0,226.0,,,,,6544.0,0.0
2,98700,JAMS,6544.0,213.0,,,,,6546.0,213.0,,,,,6545.0,0.0
2,98800,JAMS,6545.0,209.0,,,,,6547.0,209.0,,,,,6546.0,0.0
2,98900,JAMS,6546.0,290.0,,,,,6548.0,290.0,,,,,6547.0,0.0
2,99000,JAMS,6546.0,248.0,,,,,6548.0,242.0,,,,,6547.0,0.0
2,99100,JAMS,6546.0,90.0,6545.0,144.0,,,6547.0,90.0,6548.0,144.0,,,6546.5,0.0
2,99200,JAMS,6545.0,201.0,,,,,6547.0,201.0,,,,,6546.0,0.0
2,99300,JAMS,6545.0,274.0,,,,,6547.0,278.0,,,,,6546.0,0.0
2,99400,JAMS,6543.0,233.0,,,,,6545.0,233.0,,,,,6544.0,0.0
2,99500,JAMS,6543.0,261.0,,,,,6545.0,261.0,,,,,6544.0,0.0
2,99600,JAMS,6543.0,89.0,6542.0,171.0,,,6544.0,79.0,6545.0,171.0,,,6543.5,0.0
2,99700,JAMS,6543.0,232.0,,,,,6545.0,232.0,,,,,6544.0,0.0
2,99800,JAMS,6543.0,217.0,,,,,6545.0,217.0,,,,,6544.0,0.0
2,99900,JAMS,6543.0,175.0,,,,,6545.0,175.0,,,,,6544.0,0.0
2,100000,JAMS,6543.0,173.0,,,,,6545.0,173.0,,,,,6544.0,0.0
2,100100,JAMS,6543.0,257.0,,,,,6545.0,257.0,,,,,6544.0,0.0
2,100200,JAMS,6543.0,226.0,,,,,6545.0,226.0,,,,,6544.0,0.0
2,100300,JAMS,6544.0,189.0,,,,,6546.0,189.0,,,,,6545.0,0.0
2,100400,JAMS,6544.0,257.0,,,,,6546.0,257.0,,,,,6545.0,0.0
2,100500,JAMS,6544.0,231.0,,,,,6546.0,231.0,,,,,6545.0,0.0
2,100600,JAMS,6544.0,194.0,,,,,6546.0,194.0,,,,,6545.0,0.0
2,100700,JAMS,6544.0,226.0,,,,,6546.0,226.0,,,,,6545.0,0.0
2,100800,JAMS,6544.0,256.0,,,,,6546.0,256.0,,,,,6545.0,0.0
2,100900,JAMS,6544.0,233.0,,,,,6546.0,233.0,,,,,6545.0,0.0
2,101000,JAMS,6542.0,229.0,,,,,6544.0,229.0,,,,,6543.0,0.0
2,101100,JAMS,6542.0,207.0,,,,,6544.0,207.0,,,,,6543.0,0.0
2,101200,JAMS,6542.0,266.0,,,,,6544.0,266.0,,,,,6543.0,0.0
2,101300,JAMS,6541.0,199.0,,,,,6543.0,199.0,,,,,6542.0,0.0
2,101400,JAMS,6541.0,185.0,,,,,6543.0,185.0,,,,,6542.0,0.0
2,101500,JAMS,6540.0,155.0,,,,,6542.0,155.0,,,,,6541.0,0.0
2,101600,JAMS,6542.0,51.0,6541.0,162.0,,,6543.0,51.0,6544.0,162.0,,,6542.5,0.0
2,101700,JAMS,6542.0,78.0,6541.0,194.0,,,6543.0,78.0,6544.0,194.0,,,6542.5,0.0
2,101800,JAMS,6542.0,51.0,6541.0,153.0,,,6543.0,51.0,6544.0,153.0,,,6542.5,0.0
2,101900,JAMS,6542.0,169.0,,,,,6544.0,169.0,,,,,6543.0,0.0
2,102000,JAMS,6542.0,65.0,6541.0,134.0,,,6543.0,65.0,6544.0,134.0,,,6542.5,0.0
2,102100,JAMS,6542.0,261.0,,,,,6544.0,261.0,,,,,6543.0,0.0
2,102200,JAMS,6542.0,99.0,6541.0,142.0,,,6543.0,99.0,6544.0,142.0,,,6542.5,0.0
2,102300,JAMS,6542.0,82.0,6541.0,147.0,,,6543.0,82.0,6544.0,147.0,,,6542.5,0.0
2,102400,JAMS,6542.0,227.0,,,,,6544.0,227.0,,,,,6543.0,0.0
2,102500,JAMS,6544.0,271.0,,,,,6546.0,271.0,,,,,6545.0,0.0
2,102600,JAMS,6544.0,189.0,,,,,6546.0,189.0,,,,,6545.0,0.0
2,102700,JAMS,6545.0,216.0,,,,,6547.0,216.0,,,,,6546.0,0.0
2,102800,JAMS,6545.0,222.0,,,,,6547.0,222.0,,,,,6546.0,0.0
2,102900,JAMS,6545.0,230.0,,,,,6546.0,62.0,6547.0,168.0,,,6545.5,0.0
2,103000,JAMS,6545.0,253.0,,,,,6547.0,253.0,,,,,6546.0,0.0
2,103100,JAMS,6545.0,230.0,,,,,6546.0,8.0,6547.0,230.0,,,6545.5,0.0
2,103200,JAMS,6545.0,182.0,,,,,6547.0,182.0,,,,,6546.0,0.0
2,103300,JAMS,6545.0,249.0,,,,,6547.0,249.0,,,,,6546.0,0.0
2,103400,JAMS,6545.0,290.0,,,,,6547.0,290.0,,,,,6546.0,0.0
2,103500,JAMS,6545.0,190.0,,,,,6547.0,190.0,,,,,6546.0,0.0
2,103600,JAMS,6545.0,252.0,,,,,6547.0,252.0,,,,,6546.0,0.0
2,103700,JAMS,6545.0,185.0,,,,,6547.0,176.0,,,,,6546.0,0.0
2,103800,JAMS,6545.0,252.0,,,,,6547.0,252.0,,,,,6546.0,0.0
2,103900,JAMS,6545.0,198.0,,,,,6547.0,198.0,,,,,6546.0,0.0
2,104000,JAMS,6543.0,205.0,,,,,6545.0,205.0,,,,,6544.0,0.0
2,104100,JAMS,6543.0,280.0,,,,,6545.0,273.0,,,,,6544.0,0.0
2,104200,JAMS,6540.0,267.0,,,,,6542.0,267.0,,,,,6541.0,0.0
2,104300,JAMS,6541.0,98.0,6540.0,119.0,,,6542.0,98.0,6543.0,119.0,,,6541.5,0.0
2,104400,JAMS,6541.0,208.0,,,,,6543.0,208.0,,,,,6542.0,0.0
2,104500,JAMS,6541.0,240.0,,,,,6543.0,240.0,,,,,6542.0,0.0
2,104600,JAMS,6541.0,201.0,,,,,6543.0,194.0,,,,,6542.0,0.0
2,104700,JAMS,6541.0,241.0,,,,,6543.0,241.0,,,,,6542.0,0.0
2,104800,JAMS,6541.0,249.0,,,,,6543.0,249.0,,,,,6542.0,0.0
2,104900,JAMS,6543.0,94.0,6542.0,105.0,,,6544.0,94.0,6545.0,105.0,,,6543.5,0.0
2,105000,JAMS,6542.0,188.0,,,,,6544.0,188.0,,,,,6543.0,0.0
2,105100,JAMS,6543.0,255.0,,,,,6545.0,255.0,,,,,6544.0,0.0
2,105200,JAMS,6543.0,185.0,,,,,6545.0,185.0,,,,,6544.0,0.0
2,105300,JAMS,6544.0,61.0,6543.0,119.0,,,6545.0,61.0,6546.0,119.0,,,6544.5,0.0
2,105400,JAMS,6544.0,52.0,6543.0,167.0,,,6545.0,52.0,6546.0,167.0,,,6544.5,0.0
2,105500,JAMS,6543.0,211.0,,,,,6545.0,211.0,,,,,6544.0,0.0
2,105600,JAMS,6543.0,196.0,,,,,6545.0,196.0,,,,,6544.0,0.0
2,105700,JAMS,6544.0,70.0,6543.0,196.0,,,6545.0,70.0,6546.0,196.0,,,6544.5,0.0
2,105800,JAMS,6545.0,204.0,,,,,6547.0,204.0,,,,,6546.0,0.0
2,105900,JAMS,6545.0,198.0,,,,,6547.0,198.0,,,,,6546.0,0.0
2,106000,JAMS,6545.0,260.0,,,,,6547.0,260.0,,,,,6546.0,0.0
2,106100,JAMS,6545.0,194.0,,,,,6547.0,194.0,,,,,6546.0,0.0
2,106200,JAMS,6546.0,6.0,6545.0,210.0,,,6547.0,210.0,,,,,6546.5,0.0
2,106300,JAMS,6546.0,190.0,,,,,6548.0,190.0,,,,,6547.0,0.0
2,106400,JAMS,6546.0,261.0,,,,,6548.0,261.0,,,,,6547.0,0.0
2,106500,JAMS,6546.0,98.0,6545.0,155.0,,,6547.0,98.0,6548.0,155.0,,,6546.5,0.0
2,106600,JAMS,6546.0,88.0,6545.0,199.0,,,6547.0,88.0,6548.0,199.0,,,6546.5,0.0
2,106700,JAMS,6545.0,227.0,,,,,6547.0,227.0,,,,,6546.0,0.0
2,106800,JAMS,6545.0,213.0,,,,,6547.0,213.0,,,,,6546.0,0.0
2,106900,JAMS,6545.0,213.0,,,,,6547.0,205.0,,,,,6546.0,0.0
2,107000,JAMS,6545.0,276.0,,,,,6546.0,4.0,6547.0,276.0,,,6545.5,0.0
2,107100,JAMS,6545.0,212.0,,,,,6547.0,212.0,,,,,6546.0,0.0
2,107200,JAMS,6545.0,189.0,,,,,6547.0,189.0,,,,,6546.0,0.0
2,107300,JAMS,6545.0,270.0,,,,,6547.0,270.0,,,,,6546.0,0.0
2,107400,JAMS,6545.0,274.0,,,,,6547.0,274.0,,,,,6546.0,0.0
2,107500,JAMS,6546.0,77.0,6545.0,159.0,,,6547.0,77.0,6548.0,159.0,,,6546.5,0.0
2,107600,JAMS,6545.0,243.0,,,,,6547.0,243.0,,,,,6546.0,0.0
2,107700,JAMS,6545.0,256.0,,,,,6547.0,256.0,,,,,6546.0,0.0
2,107800,JAMS,6546.0,258.0,,,,,6548.0,258.0,,,,,6547.0,0.0
2,107900,JAMS,6546.0,100.0,6545.0,176.0,,,6547.0,100.0,6548.0,176.0,,,6546.5,0.0
2,108000,JAMS,6546.0,70.0,6545.0,119.0,,,6547.0,59.0,6548.0,119.0,,,6546.5,0.0
2,108100,JAMS,6546.0,88.0,6545.0,108.0,,,6547.0,88.0,6548.0,108.0,,,6546.5,0.0
2,108200,JAMS,6546.0,79.0,6545.0,160.0,,,6547.0,79.0,6548.0,160.0,,,6546.5,0.0
2,108300,JAMS,6546.0,75.0,6545.0,153.0,,,6547.0,75.0,6548.0,153.0,,,6546.5,0.0
2,108400,JAMS,6546.0,198.0,,,,,6548.0,198.0,,,,,6547.0,0.0
2,108500,JAMS,6548.0,91.0,6547.0,185.0,,,6549.0,91.0,6550.0,185.0,,,6548.5,0.0
2,108600,JAMS,6547.0,194.0,,,,,6549.0,194.0,,,,,6548.0,0.0
2,108700,JAMS,6547.0,230.0,,,,,6549.0,230.0,,,,,6548.0,0.0
2,108800,JAMS,6547.0,199.0,,,,,6549.0,199.0,,,,,6548.0,0.0
2,108900,JAMS,6546.0,251.0,,,,,6548.0,251.0,,,,,6547.0,0.0
2,109000,JAMS,6546.0,265.0,,,,,6548.0,265.0,,,,,6547.0,0.0
2,109100,JAMS,6545.0,170.0,,,,,6547.0,170.0,,,,,6546.0,0.0
2,109200,JAMS,6544.0,225.0,,,,,6546.0,225.0,,,,,6545.0,0.0
2,109300,JAMS,6544.0,157.0,,,,,6546.0,157.0,,,,,6545.0,0.0
2,109400,JAMS,6545.0,12.0,6544.0,272.0,,,6546.0,272.0,,,,,6545.5,0.0
2,109500,JAMS,6545.0,83.0,6544.0,168.0,,,6546.0,83.0,6547.0,168.0,,,6545.5,0.0
2,109600,JAMS,6544.0,169.0,,,,,6546.0,169.0,,,,,6545.0,0.0
2,109700,JAMS,6544.0,280.0,,,,,6546.0,280.0,,,,,6545.0,0.0
2,109800,JAMS,6545.0,83.0,6544.0,125.0,,,6546.0,83.0,6547.0,125.0,,,6545.5,0.0
2,109900,JAMS,6544.0,161.0,,,,,6546.0,161.0,,,,,6545.0,0.0
2,110000,JAMS,6544.0,294.0,,,,,6546.0,294.0,,,,,6545.0,0.0
2,110100,JAMS,6545.0,94.0,6544.0,187.0,,,6546.0,94.0,6547.0,187.0,,,6545.5,0.0
2,110200,JAMS,6545.0,59.0,6544.0,162.0,,,6546.0,59.0,6547.0,162.0,,,6545.5,0.0
2,110300,JAMS,6545.0,83.0,6544.0,182.0,,,6546.0,83.0,6547.0,182.0,,,6545.5,0.0
2,110400,JAMS,6544.0,251.0,,,,,6546.0,251.0,,,,,6545.0,0.0
2,110500,JAMS,6546.0,74.0,6545.0,141.0,,,6547.0,74.0,6548.0,141.0,,,6546.5,0.0
2,110600,JAMS,6546.0,203.0,,,,,6547.0,8.0,6548.0,203.0,,,6546.5,0.0
2,110700,JAMS,6546.0,215.0,,,,,6548.0,215.0,,,,,6547.0,0.0
2,110800,JAMS,6546.0,261.0,,,,,6548.0,261.0,,,,,6547.0,0.0
2,110900,JAMS,6546.0,245.0,,,,,6548.0,245.0,,,,,6547.0,0.0
2,111000,JAMS,6546.0,61.0,6545.0,195.0,,,6547.0,61.0,6548.0,195.0,,,6546.5,0.0
2,111100,JAMS,6546.0,244.0,,,,,6548.0,244.0,,,,,6547.0,0.0
2,111200,JAMS,6546.0,60.0,6545.0,143.0,,,6547.0,60.0,6548.0,143.0,,,6546.5,0.0
2,111300,JAMS,6545.0,215.0,,,,,6547.0,215.0,,,,,6546.0,0.0
2,111400,JAMS,6545.0,249.0,,,,,6547.0,249.0,,,,,6546.0,0.0
2,111500,JAMS,6545.0,219.0,,,,,6547.0,219.0,,,,,6546.0,0.0
2,111600,JAMS,6545.0,257.0,,,,,6547.0,257.0,,,,,6546.0,0.0
2,111700,JAMS,6544.0,187.0,,,,,6546.0,187.0,,,,,6545.0,0.0
2,111800,JAMS,6544.0,90.0,6543.0,149.0,,,6545.0,90.0,6546.0,149.0,,,6544.5,0.0
2,111900,JAMS,6542.0,174.0,,,,,6543.0,72.0,6544.0,102.0,,,6542.5,0.0
2,112000,JAMS,6542.0,85.0,6541.0,125.0,,,6543.0,85.0,6544.0,125.0,,,6542.5,0.0
2,112100,JAMS,6541.0,232.0,,,,,6543.0,232.0,,,,,6542.0,0.0
2,112200,JAMS,6541.0,254.0,,,,,6543.0,254.0,,,,,6542.0,0.0
2,112300,JAMS,6541.0,185.0,,,,,6543.0,185.0,,,,,6542.0,0.0
2,112400,JAMS,6541.0,209.0,,,,,6543.0,209.0,,,,,6542.0,0.0
2,112500,JAMS,6541.0,216.0,,,,,6543.0,216.0,,,,,6542.0,0.0
2,112600,JAMS,6541.0,160.0,,,,,6543.0,160.0,,,,,6542.0,0.0
2,112700,JAMS,6542.0,71.0,6541.0,110.0,,,6543.0,71.0,6544.0,110.0,,,6542.5,0.0
2,112800,JAMS,6541.0,210.0,,,,,6543.0,210.0,,,,,6542.0,0.0
2,112900,JAMS,6541.0,259.0,,,,,6543.0,259.0,,,,,6542.0,0.0
2,113000,JAMS,6542.0,93.0,6541.0,104.0,,,6543.0,93.0,6544.0,104.0,,,6542.5,0.0
2,113100,JAMS,6542.0,53.0,6541.0,151.0,,,6543.0,53.0,6544.0,151.0,,,6542.5,0.0
2,113200,JAMS,6544.0,162.0,,,,,6546.0,162.0,,,,,6545.0,0.0
2,113300,JAMS,6545.0,89.0,6544.0,133.0,,,6546.0,89.0,6547.0,133.0,,,6545.5,0.0
2,113400,JAMS,6545.0,88.0,6544.0,136.0,,,6546.0,88.0,6547.0,136.0,,,6545.5,0.0
2,113500,JAMS,6545.0,91.0,6544.0,176.0,,,6546.0,91.0,6547.0,176.0,,,6545.5,0.0
2,113600,JAMS,6545.0,55.0,6544.0,183.0,,,6546.0,55.0,6547.0,183.0,,,6545.5,0.0
2,113700,JAMS,6545.0,72.0,6544.0,138.0,,,6546.0,72.0,6547.0,138.0,,,6545.5,0.0
2,113800,JAMS,6545.0,58.0,6544.0,165.0,,,6546.0,58.0,6547.0,165.0,,,6545.5,0.0
2,113900,JAMS,6544.0,180.0,,,,,6546.0,180.0,,,,,6545.0,0.0
2,114000,JAMS,6544.0,171.0,,,,,6546.0,171.0,,,,,6545.0,0.0
2,114100,JAMS,6544.0,286.0,,,,,6546.0,286.0,,,,,6545.0,0.0
2,114200,JAMS,6545.0,89.0,6544.0,117.0,,,6546.0,89.0,6547.0,117.0,,,6545.5,0.0
2,114300,JAMS,6544.0,176.0,,,,,6546.0,176.0,,,,,6545.0,0.0
2,114400,JAMS,6545.0,73.0,6544.0,125.0,,,6546.0,67.0,6547.0,125.0,,,6545.5,0.0
2,114500,JAMS,6545.0,160.0,,,,,6547.0,160.0,,,,,6546.0,0.0
2,114600,JAMS,6546.0,259.0,,,,,6548.0,259.0,,,,,6547.0,0.0
2,114700,JAMS,6547.0,297.0,,,,,6549.0,297.0,,,,,6548.0,0.0
2,114800,JAMS,6548.0,58.0,6547.0,182.0,,,6549.0,58.0,6550.0,182.0,,,6548.5,0.0
2,114900,JAMS,6549.0,213.0,,,,,6551.0,213.0,,,,,6550.0,0.0
2,115000,JAMS,6549.0,222.0,,,,,6551.0,222.0,,,,,6550.0,0.0
2,115100,JAMS,6551.0,67.0,6550.0,188.0,,,6552.0,67.0,6553.0,188.0,,,6551.5,0.0
2,115200,JAMS,6551.0,88.0,6550.0,196.0,,,6552.0,88.0,6553.0,196.0,,,6551.5,0.0
2,115300,JAMS,6551.0,73.0,6550.0,171.0,,,6552.0,73.0,6553.0,171.0,,,6551.5,0.0
2,115400,JAMS,6550.0,254.0,,,,,6552.0,254.0,,,,,6551.0,0.0
2,115500,JAMS,6551.0,157.0,,,,,6552.0,54.0,6553.0,103.0,,,6551.5,0.0
2,115600,JAMS,6551.0,102.0,6550.0,148.0,,,6552.0,90.0,6553.0,148.0,,,6551.5,0.0
2,115700,JAMS,6551.0,81.0,6550.0,160.0,,,6552.0,81.0,6553.0,160.0,,,6551.5,0.0
2,115800,JAMS,6551.0,197.0,,,,,6552.0,84.0,6553.0,113.0,,,6551.5,0.0
2,115900,JAMS,6551.0,202.0,,,,,6553.0,202.0,,,,,6552.0,0.0
2,116000,JAMS,6552.0,96.0,6551.0,131.0,,,6553.0,96.0,6554.0,131.0,,,6552.5,0.0
2,116100,JAMS,6551.0,264.0,,,,,6553.0,264.0,,,,,6552.0,0.0
2,116200,JAMS,6552.0,89.0,6551.0,118.0,,,6553.0,89.0,6554.0,118.0,,,6552.5,0.0
2,116300,JAMS,6551.0,203.0,,,,,6553.0,203.0,,,,,6552.0,0.0
2,116400,JAMS,6551.0,265.0,,,,,6553.0,265.0,,,,,6552.0,0.0
2,116500,JAMS,6551.0,244.0,,,,,6553.0,244.0,,,,,6552.0,0.0
2,116600,JAMS,6551.0,190.0,,,,,6553.0,190.0,,,,,6552.0,0.0
2,116700,JAMS,6551.0,216.0,,,,,6553.0,216.0,,,,,6552.0,0.0
2,116800,JAMS,6552.0,51.0,6551.0,164.0,,,6553.0,51.0,6554.0,164.0,,,6552.5,0.0
2,116900,JAMS,6552.0,73.0,6551.0,162.0,,,6553.0,235.0,,,,,6552.5,0.0
2,117000,JAMS,6552.0,59.0,6551.0,131.0,,,6553.0,59.0,6554.0,131.0,,,6552.5,0.0
2,117100,JAMS,6552.0,204.0,,,,,6554.0,204.0,,,,,6553.0,0.0
2,117200,JAMS,6552.0,235.0,,,,,6553.0,74.0,6554.0,161.0,,,6552.5,0.0
2,117300,JAMS,6551.0,252.0,,,,,6553.0,252.0,,,,,6552.0,0.0
2,117400,JAMS,6551.0,288.0,,,,,6553.0,288.0,,,,,6552.0,0.0
2,117500,JAMS,6551.0,276.0,,,,,6553.0,276.0,,,,,6552.0,0.0
2,117600,JAMS,6552.0,289.0,,,,,6553.0,97.0,6554.0,192.0,,,6552.5,0.0
2,117700,JAMS,6552.0,249.0,,,,,6553.0,99.0,6554.0,150.0,,,6552.5,0.0
2,117800,JAMS,6552.0,193.0,,,,,6554.0,193.0,,,,,6553.0,0.0
2,117900,JAMS,6552.0,180.0,,,,,6554.0,180.0,,,,,6553.0,0.0
2,118000,JAMS,6552.0,169.0,,,,,6554.0,169.0,,,,,6553.0,0.0
2,118100,JAMS,6552.0,93.0,6551.0,190.0,,,6553.0,93.0,6554.0,190.0,,,6552.5,0.0
2,118200,JAMS,6552.0,63.0,6551.0,125.0,,,6553.0,63.0,6554.0,125.0,,,6552.5,0.0
2,118300,JAMS,6552.0,235.0,,,,,6554.0,235.0,,,,,6553.0,0.0
2,118400,JAMS,6552.0,277.0,,,,,6554.0,286.0,,,,,6553.0,0.0
2,118500,JAMS,6552.0,254.0,,,,,6554.0,254.0,,,,,6553.0,0.0
2,118600,JAMS,6552.0,220.0,,,,,6554.0,220.0,,,,,6553.0,0.0
2,118700,JAMS,6552.0,258.0,,,,,6554.0,258.0,,,,,6553.0,0.0
2,118800,JAMS,6552.0,246.0,,,,,6554.0,246.0,,,,,6553.0,0.0
2,118900,JAMS,6552.0,206.0,,,,,6554.0,206.0,,,,,6553.0,0.0
2,119000,JAMS,6553.0,95.0,6552.0,139.0,,,6554.0,95.0,6555.0,139.0,,,6553.5,0.0
2,119100,JAMS,6553.0,79.0,6552.0,199.0,,,6554.0,79.0,6555.0,199.0,,,6553.5,0.0
2,119200,JAMS,6553.0,229.0,,,,,6555.0,229.0,,,,,6554.0,0.0
2,119300,JAMS,6553.0,229.0,,,,,6555.0,229.0,,,,,6554.0,0.0
2,119400,JAMS,6553.0,224.0,,,,,6555.0,224.0,,,,,6554.0,0.0
2,119500,JAMS,6553.0,74.0,6552.0,188.0,,,6554.0,74.0,6555.0,188.0,,,6553.5,0.0
2,119600,JAMS,6553.0,202.0,,,,,6555.0,202.0,,,,,6554.0,0.0
2,119700,JAMS,6553.0,218.0,,,,,6555.0,218.0,,,,,6554.0,0.0
2,119800,JAMS,6552.0,224.0,,,,,6554.0,224.0,,,,,6553.0,0.0
2,119900,JAMS,6550.0,260.0,,,,,6552.0,260.0,,,,,6551.0,0.0
2,120000,JAMS,6550.0,254.0,,,,,6552.0,254.0,,,,,6551.0,0.0
2,120100,JAMS,6549.0,215.0,,,,,6551.0,215.0,,,,,6550.0,0.0
2,120200,JAMS,6550.0,236.0,,,,,6552.0,236.0,,,,,6551.0,0.0
2,120300,JAMS,6551.0,241.0,,,,,6553.0,241.0,,,,,6552.0,0.0
2,120400,JAMS,6551.0,213.0,,,,,6553.0,213.0,,,,,6552.0,0.0
2,120500,JAMS,6551.0,287.0,,,,,6553.0,287.0,,,,,6552.0,0.0
2,120600,JAMS,6551.0,56.0,6550.0,159.0,,,6552.0,56.0,6553.0,159.0,,,6551.5,0.0
2,120700,JAMS,6550.0,207.0,,,,,6552.0,207.0,,,,,6551.0,0.0
2,120800,JAMS,6550.0,85.0,6549.0,170.0,,,6551.0,85.0,6552.0,170.0,,,6550.5,0.0
2,120900,JAMS,6548.0,247.0,,,,,6550.0,247.0,,,,,6549.0,0.0
2,121000,JAMS,6548.0,208.0,,,,,6550.0,208.0,,,,,6549.0,0.0
2,121100,JAMS,6547.0,237.0,,,,,6549.0,237.0,,,,,6548.0,0.0
2,121200,JAMS,6546.0,246.0,,,,,6548.0,246.0,,,,,6547.0,0.0
2,121300,JAMS,6545.0,175.0,,,,,6547.0,175.0,,,,,6546.0,0.0
2,121400,JAMS,6544.0,196.0,,,,,6546.0,196.0,,,,,6545.0,0.0
2,121500,JAMS,6545.0,89.0,6544.0,133.0,,,6546.0,89.0,6547.0,133.0,,,6545.5,0.0
2,121600,JAMS,6546.0,93.0,6545.0,161.0,,,6547.0,84.0,6548.0,161.0,,,6546.5,0.0
2,121700,JAMS,6547.0,83.0,6546.0,118.0,,,6548.0,201.0,,,,,6547.5,0.0
2,121800,JAMS,6547.0,198.0,,,,,6549.0,198.0,,,,,6548.0,0.0
2,121900,JAMS,6547.0,236.0,,,,,6549.0,236.0,,,,,6548.0,0.0
2,122000,JAMS,6547.0,83.0,6546.0,136.0,,,6548.0,74.0,6549.0,136.0,,,6547.5,0.0
2,122100,JAMS,6547.0,64.0,6546.0,158.0,,,6548.0,64.0,6549.0,158.0,,,6547.5,0.0
2,122200,JAMS,6546.0,68.0,6545.0,101.0,,,6547.0,68.0,6548.0,101.0,,,6546.5,0.0
2,122300,JAMS,6546.0,77.0,6545.0,112.0,,,6547.0,77.0,6548.0,112.0,,,6546.5,0.0
2,122400,JAMS,6545.0,245.0,,,,,6547.0,245.0,,,,,6546.0,0.0
2,122500,JAMS,6545.0,222.0,,,,,6547.0,222.0,,,,,6546.0,0.0
2,122600,JAMS,6545.0,279.0,,,,,6547.0,279.0,,,,,6546.0,0.0
2,122700,JAMS,6546.0,99.0,6545.0,122.0,,,6547.0,99.0,6548.0,122.0,,,6546.5,0.0
2,122800,JAMS,6545.0,223.0,,,,,6547.0,223.0,,,,,6546.0,0.0
2,122900,JAMS,6545.0,187.0,,,,,6546.0,7.0,6547.0,187.0,,,6545.5,0.0
2,123000,JAMS,6546.0,108.0,6545.0,164.0,,,6547.0,98.0,6548.0,164.0,,,6546.5,0.0
2,123100,JAMS,6546.0,93.0,6545.0,181.0,,,6547.0,93.0,6548.0,181.0,,,6546.5,0.0
2,123200,JAMS,6545.0,208.0,,,,,6547.0,208.0,,,,,6546.0,0.0
2,123300,JAMS,6545.0,203.0,,,,,6547.0,203.0,,,,,6546.0,0.0
2,123400,JAMS,6545.0,90.0,6544.0,110.0,,,6546.0,99.0,6547.0,110.0,,,6545.5,0.0
2,123500,JAMS,6545.0,51.0,6544.0,102.0,,,6546.0,51.0,6547.0,102.0,,,6545.5,0.0
2,123600,JAMS,6545.0,76.0,6544.0,109.0,,,6546.0,76.0,6547.0,109.0,,,6545.5,0.0
2,123700,JAMS,6545.0,196.0,,,,,6547.0,196.0,,,,,6546.0,0.0
2,123800,JAMS,6545.0,219.0,,,,,6547.0,219.0,,,,,6546.0,0.0
2,123900,JAMS,6545.0,267.0,,,,,6547.0,267.0,,,,,6546.0,0.0
2,124000,JAMS,6545.0,100.0,6544.0,146.0,,,6546.0,100.0,6547.0,146.0,,,6545.5,0.0
2,124100,JAMS,6545.0,219.0,,,,,6547.0,219.0,,,,,6546.0,0.0
2,124200,JAMS,6545.0,95.0,6544.0,193.0,,,6546.0,288.0,,,,,6545.5,0.0
2,124300,JAMS,6545.0,66.0,6544.0,119.0,,,6546.0,66.0,6547.0,119.0,,,6545.5,0.0
2,124400,JAMS,6544.0,197.0,,,,,6546.0,197.0,,,,,6545.0,0.0
2,124500,JAMS,6546.0,84.0,6545.0,127.0,,,6547.0,211.0,,,,,6546.5,0.0
2,124600,JAMS,6546.0,64.0,6545.0,164.0,,,6547.0,64.0,6548.0,164.0,,,6546.5,0.0
2,124700,JAMS,6545.0,275.0,,,,,6546.0,3.0,6547.0,275.0,,,6545.5,0.0
2,124800,JAMS,6546.0,58.0,6545.0,195.0,,,6547.0,58.0,6548.0,195.0,,,6546.5,0.0
2,124900,JAMS,6546.0,236.0,,,,,6548.0,236.0,,,,,6547.0,0.0
2,125000,JAMS,6548.0,264.0,,,,,6549.0,72.0,6550.0,185.0,,,6548.5,0.0
2,125100,JAMS,6548.0,187.0,,,,,6549.0,71.0,6550.0,116.0,,,6548.5,0.0
2,125200,JAMS,6548.0,207.0,,,,,6550.0,207.0,,,,,6549.0,0.0
2,125300,JAMS,6548.0,200.0,,,,,6550.0,200.0,,,,,6549.0,0.0
2,125400,JAMS,6549.0,96.0,6548.0,140.0,,,6550.0,96.0,6551.0,140.0,,,6549.5,0.0
2,125500,JAMS,6548.0,222.0,,,,,6550.0,222.0,,,,,6549.0,0.0
2,125600,JAMS,6548.0,243.0,,,,,6550.0,243.0,,,,,6549.0,0.0
2,125700,JAMS,6548.0,189.0,,,,,6550.0,189.0,,,,,6549.0,0.0
2,125800,JAMS,6549.0,93.0,6548.0,144.0,,,6550.0,93.0,6551.0,144.0,,,6549.5,0.0
2,125900,JAMS,6548.0,181.0,,,,,6550.0,181.0,,,,,6549.0,0.0
2,126000,JAMS,6549.0,85.0,6548.0,186.0,,,6550.0,85.0,6551.0,186.0,,,6549.5,0.0
2,126100,JAMS,6548.0,237.0,,,,,6550.0,237.0,,,,,6549.0,0.0
2,126200,JAMS,6548.0,231.0,,,,,6550.0,231.0,,,,,6549.0,0.0
2,126300,JAMS,6549.0,53.0,6548.0,192.0,,,6550.0,53.0,6551.0,192.0,,,6549.5,0.0
2,126400,JAMS,6545.0,61.0,6544.0,142.0,,,6546.0,203.0,,,,,6545.5,0.0
2,126500,JAMS,6543.0,200.0,,,,,6545.0,200.0,,,,,6544.0,0.0
2,126600,JAMS,6544.0,6.0,6543.0,192.0,,,6545.0,192.0,,,,,6544.5,0.0
2,126700,JAMS,6543.0,248.0,,,,,6545.0,248.0,,,,,6544.0,0.0
2,126800,JAMS,6544.0,238.0,,,,,6546.0,238.0,,,,,6545.0,0.0
2,126900,JAMS,6544.0,193.0,,,,,6546.0,193.0,,,,,6545.0,0.0
2,127000,JAMS,6545.0,208.0,,,,,6547.0,208.0,,,,,6546.0,0.0
2,127100,JAMS,6545.0,221.0,,,,,6547.0,221.0,,,,,6546.0,0.0
2,127200,JAMS,6545.0,196.0,,,,,6547.0,196.0,,,,,6546.0,0.0
2,127300,JAMS,6545.0,280.0,,,,,6547.0,280.0,,,,,6546.0,0.0
2,127400,JAMS,6545.0,259.0,,,,,6547.0,259.0,,,,,6546.0,0.0
2,127500,JAMS,6545.0,270.0,,,,,6547.0,270.0,,,,,6546.0,0.0
2,127600,JAMS,6545.0,94.0,6544.0,110.0,,,6546.0,94.0,6547.0,110.0,,,6545.5,0.0
2,127700,JAMS,6545.0,257.0,,,,,6547.0,257.0,,,,,6546.0,0.0
2,127800,JAMS,6545.0,240.0,,,,,6547.0,240.0,,,,,6546.0,0.0
2,127900,JAMS,6546.0,54.0,6545.0,157.0,,,6547.0,211.0,,,,,6546.5,0.0
2,128000,JAMS,6545.0,249.0,,,,,6547.0,249.0,,,,,6546.0,0.0
2,128100,JAMS,6545.0,243.0,,,,,6546.0,11.0,6547.0,243.0,,,6545.5,0.0
2,128200,JAMS,6545.0,213.0,,,,,6547.0,213.0,,,,,6546.0,0.0
2,128300,JAMS,6543.0,191.0,,,,,6545.0,191.0,,,,,6544.0,0.0
2,128400,JAMS,6543.0,81.0,6542.0,144.0,,,6544.0,81.0,6545.0,144.0,,,6543.5,0.0
2,128500,JAMS,6543.0,99.0,6542.0,106.0,,,6544.0,99.0,6545.0,106.0,,,6543.5,0.0
2,128600,JAMS,6543.0,72.0,6542.0,110.0,,,6544.0,182.0,,,,,6543.5,0.0
2,128700,JAMS,6541.0,266.0,,,,,6543.0,266.0,,,,,6542.0,0.0
2,128800,JAMS,6540.0,279.0,,,,,6542.0,279.0,,,,,6541.0,0.0
2,128900,JAMS,6540.0,246.0,,,,,6542.0,246.0,,,,,6541.0,0.0
2,129000,JAMS,6541.0,215.0,,,,,6543.0,215.0,,,,,6542.0,0.0
2,129100,JAMS,6541.0,217.0,,,,,6543.0,217.0,,,,,6542.0,0.0
2,129200,JAMS,6541.0,210.0,,,,,6543.0,210.0,,,,,6542.0,0.0
2,129300,JAMS,6541.0,181.0,,,,,6543.0,181.0,,,,,6542.0,0.0
2,129400,JAMS,6541.0,233.0,,,,,6543.0,233.0,,,,,6542.0,0.0
2,129500,JAMS,6541.0,266.0,,,,,6543.0,266.0,,,,,6542.0,0.0
2,129600,JAMS,6541.0,252.0,,,,,6543.0,252.0,,,,,6542.0,0.0
2,129700,JAMS,6541.0,237.0,,,,,6543.0,232.0,,,,,6542.0,0.0
2,129800,JAMS,6540.0,223.0,,,,,6542.0,223.0,,,,,6541.0,0.0
2,129900,JAMS,6540.0,157.0,,,,,6542.0,157.0,,,,,6541.0,0.0
2,130000,JAMS,6540.0,55.0,6539.0,152.0,,,6541.0,55.0,6542.0,152.0,,,6540.5,0.0
2,130100,JAMS,6538.0,297.0,,,,,6540.0,297.0,,,,,6539.0,0.0
2,130200,JAMS,6538.0,258.0,,,,,6540.0,258.0,,,,,6539.0,0.0
2,130300,JAMS,6537.0,238.0,,,,,6539.0,238.0,,,,,6538.0,0.0
2,130400,JAMS,6535.0,212.0,,,,,6537.0,212.0,,,,,6536.0,0.0
2,130500,JAMS,6535.0,257.0,,,,,6537.0,257.0,,,,,6536.0,0.0
2,130600,JAMS,6536.0,62.0,6535.0,136.0,,,6537.0,62.0,6538.0,136.0,,,6536.5,0.0
2,130700,JAMS,6536.0,62.0,6535.0,127.0,,,6537.0,62.0,6538.0,127.0,,,6536.5,0.0
2,130800,JAMS,6535.0,272.0,,,,,6537.0,272.0,,,,,6536.0,0.0
2,130900,JAMS,6535.0,226.0,,,,,6537.0,226.0,,,,,6536.0,0.0
2,131000,JAMS,6534.0,190.0,,,,,6536.0,190.0,,,,,6535.0,0.0
2,131100,JAMS,6534.0,241.0,,,,,6536.0,241.0,,,,,6535.0,0.0
2,131200,JAMS,6535.0,252.0,,,,,6537.0,252.0,,,,,6536.0,0.0
2,131300,JAMS,6536.0,206.0,,,,,6538.0,206.0,,,,,6537.0,0.0
2,131400,JAMS,6536.0,195.0,,,,,6538.0,195.0,,,,,6537.0,0.0
2,131500,JAMS,6536.0,290.0,,,,,6538.0,290.0,,,,,6537.0,0.0
2,131600,JAMS,6538.0,257.0,,,,,6540.0,257.0,,,,,6539.0,0.0
2,131700,JAMS,6537.0,281.0,,,,,6539.0,281.0,,,,,6538.0,0.0
2,131800,JAMS,6537.0,191.0,,,,,6538.0,12.0,6539.0,191.0,,,6537.5,0.0
2,131900,JAMS,6538.0,89.0,6537.0,166.0,,,6539.0,89.0,6540.0,166.0,,,6538.5,0.0
2,132000,JAMS,6538.0,192.0,,,,,6540.0,192.0,,,,,6539.0,0.0
2,132100,JAMS,6538.0,261.0,,,,,6540.0,261.0,,,,,6539.0,0.0
2,132200,JAMS,6538.0,96.0,6537.0,103.0,,,6539.0,96.0,6540.0,103.0,,,6538.5,0.0
2,132300,JAMS,6538.0,65.0,6537.0,168.0,,,6539.0,65.0,6540.0,168.0,,,6538.5,0.0
2,132400,JAMS,6538.0,227.0,,,,,6540.0,218.0,,,,,6539.0,0.0
2,132500,JAMS,6538.0,56.0,6537.0,167.0,,,6539.0,56.0,6540.0,167.0,,,6538.5,0.0
2,132600,JAMS,6538.0,57.0,6537.0,124.0,,,6539.0,181.0,,,,,6538.5,0.0
2,132700,JAMS,6537.0,187.0,,,,,6539.0,187.0,,,,,6538.0,0.0
2,132800,JAMS,6537.0,179.0,,,,,6539.0,179.0,,,,,6538.0,0.0
2,132900,JAMS,6538.0,286.0,,,,,6540.0,286.0,,,,,6539.0,0.0
2,133000,JAMS,6536.0,99.0,6535.0,195.0,,,6537.0,99.0,6538.0,195.0,,,6536.5,0.0
2,133100,JAMS,6536.0,211.0,,,,,6538.0,211.0,,,,,6537.0,0.0
2,133200,JAMS,6536.0,233.0,,,,,6538.0,233.0,,,,,6537.0,0.0
2,133300,JAMS,6536.0,224.0,,,,,6538.0,224.0,,,,,6537.0,0.0
2,133400,JAMS,6536.0,182.0,,,,,6538.0,182.0,,,,,6537.0,0.0
2,133500,JAMS,6537.0,98.0,6536.0,104.0,,,6538.0,98.0,6539.0,104.0,,,6537.5,0.0
2,133600,JAMS,6537.0,194.0,,,,,6539.0,194.0,,,,,6538.0,0.0
2,133700,JAMS,6537.0,273.0,,,,,6538.0,79.0,6539.0,194.0,,,6537.5,0.0
2,133800,JAMS,6537.0,69.0,6536.0,178.0,,,6538.0,69.0,6539.0,178.0,,,6537.5,0.0
2,133900,JAMS,6537.0,179.0,,,,,6539.0,179.0,,,,,6538.0,0.0
2,134000,JAMS,6537.0,84.0,6536.0,129.0,,,6538.0,91.0,6539.0,129.0,,,6537.5,0.0
2,134100,JAMS,6535.0,244.0,,,,,6537.0,244.0,,,,,6536.0,0.0
2,134200,JAMS,6535.0,60.0,6534.0,184.0,,,6536.0,60.0,6537.0,184.0,,,6535.5,0.0
2,134300,JAMS,6535.0,76.0,6534.0,166.0,,,6536.0,76.0,6537.0,166.0,,,6535.5,0.0
2,134400,JAMS,6533.0,199.0,,,,,6535.0,199.0,,,,,6534.0,0.0
2,134500,JAMS,6532.0,204.0,,,,,6534.0,204.0,,,,,6533.0,0.0
2,134600,JAMS,6531.0,224.0,,,,,6533.0,224.0,,,,,6532.0,0.0
2,134700,JAMS,6531.0,243.0,,,,,6533.0,243.0,,,,,6532.0,0.0
2,134800,JAMS,6531.0,253.0,,,,,6533.0,263.0,,,,,6532.0,0.0
2,134900,JAMS,6532.0,9.0,6531.0,243.0,,,6533.0,243.0,,,,,6532.5,0.0
2,135000,JAMS,6531.0,190.0,,,,,6533.0,190.0,,,,,6532.0,0.0
2,135100,JAMS,6533.0,251.0,,,,,6535.0,251.0,,,,,6534.0,0.0
2,135200,JAMS,6533.0,256.0,,,,,6535.0,256.0,,,,,6534.0,0.0
2,135300,JAMS,6534.0,278.0,,,,,6536.0,278.0,,,,,6535.0,0.0
2,135400,JAMS,6534.0,73.0,6533.0,192.0,,,6535.0,73.0,6536.0,192.0,,,6534.5,0.0
2,135500,JAMS,6534.0,60.0,6533.0,156.0,,,6535.0,60.0,6536.0,156.0,,,6534.5,0.0
2,135600,JAMS,6535.0,75.0,6534.0,188.0,,,6536.0,75.0,6537.0,188.0,,,6535.5,0.0
2,135700,JAMS,6534.0,245.0,,,,,6536.0,245.0,,,,,6535.0,0.0
2,135800,JAMS,6534.0,200.0,,,,,6536.0,212.0,,,,,6535.0,0.0
2,135900,JAMS,6534.0,178.0,,,,,6536.0,178.0,,,,,6535.0,0.0
2,136000,JAMS,6534.0,197.0,,,,,6536.0,197.0,,,,,6535.0,0.0
2,136100,JAMS,6534.0,219.0,,,,,6536.0,219.0,,,,,6535.0,0.0
2,136200,JAMS,6534.0,203.0,,,,,6535.0,99.0,6536.0,104.0,,,6534.5,0.0
2,136300,JAMS,6532.0,230.0,,,,,6534.0,230.0,,,,,6533.0,0.0
2,136400,JAMS,6532.0,218.0,,,,,6533.0,95.0,6534.0,123.0,,,6532.5,0.0
2,136500,JAMS,6532.0,161.0,,,,,6534.0,170.0,,,,,6533.0,0.0
2,136600,JAMS,6532.0,54.0,6531.0,134.0,,,6533.0,54.0,6534.0,134.0,,,6532.5,0.0
2,136700,JAMS,6531.0,256.0,,,,,6533.0,248.0,,,,,6532.0,0.0
2,136800,JAMS,6531.0,275.0,,,,,6533.0,275.0,,,,,6532.0,0.0
2,136900,JAMS,6531.0,214.0,,,,,6533.0,214.0,,,,,6532.0,0.0
2,137000,JAMS,6531.0,219.0,,,,,6533.0,212.0,,,,,6532.0,0.0
2,137100,JAMS,6533.0,72.0,6532.0,178.0,,,6534.0,72.0,6535.0,178.0,,,6533.5,0.0
2,137200,JAMS,6534.0,73.0,6533.0,180.0,,,6535.0,73.0,6536.0,180.0,,,6534.5,0.0
2,137300,JAMS,6533.0,258.0,,,,,6535.0,258.0,,,,,6534.0,0.0
2,137400,JAMS,6533.0,233.0,,,,,6535.0,233.0,,,,,6534.0,0.0
2,137500,JAMS,6534.0,79.0,6533.0,193.0,,,6535.0,79.0,6536.0,193.0,,,6534.5,0.0
2,137600,JAMS,6533.0,81.0,6532.0,114.0,,,6534.0,81.0,6535.0,114.0,,,6533.5,0.0
2,137700,JAMS,6532.0,209.0,,,,,6534.0,209.0,,,,,6533.0,0.0
2,137800,JAMS,6532.0,185.0,,,,,6534.0,185.0,,,,,6533.0,0.0
2,137900,JAMS,6532.0,209.0,,,,,6534.0,209.0,,,,,6533.0,0.0
2,138000,JAMS,6533.0,74.0,6532.0,131.0,,,6534.0,74.0,6535.0,131.0,,,6533.5,0.0
2,138100,JAMS,6533.0,259.0,,,,,6535.0,259.0,,,,,6534.0,0.0
2,138200,JAMS,6533.0,73.0,6532.0,130.0,,,6534.0,73.0,6535.0,130.0,,,6533.5,0.0
2,138300,JAMS,6533.0,241.0,,,,,6535.0,241.0,,,,,6534.0,0.0
2,138400,JAMS,6533.0,242.0,,,,,6535.0,242.0,,,,,6534.0,0.0
2,138500,JAMS,6534.0,297.0,,,,,6536.0,297.0,,,,,6535.0,0.0
2,138600,JAMS,6534.0,90.0,6533.0,100.0,,,6535.0,90.0,6536.0,100.0,,,6534.5,0.0
2,138700,JAMS,6534.0,96.0,6533.0,165.0,,,6535.0,96.0,6536.0,165.0,,,6534.5,0.0
2,138800,JAMS,6533.0,216.0,,,,,6534.0,11.0,6535.0,216.0,,,6533.5,0.0
2,138900,JAMS,6534.0,76.0,6533.0,136.0,,,6535.0,76.0,6536.0,136.0,,,6534.5,0.0
2,139000,JAMS,6533.0,196.0,,,,,6535.0,196.0,,,,,6534.0,0.0
2,139100,JAMS,6534.0,89.0,6533.0,153.0,,,6535.0,89.0,6536.0,153.0,,,6534.5,0.0
2,139200,JAMS,6533.0,193.0,,,,,6535.0,193.0,,,,,6534.0,0.0
2,139300,JAMS,6534.0,60.0,6533.0,153.0,,,6535.0,60.0,6536.0,153.0,,,6534.5,0.0
2,139400,JAMS,6535.0,69.0,6534.0,181.0,,,6536.0,62.0,6537.0,181.0,,,6535.5,0.0
2,139500,JAMS,6535.0,220.0,,,,,6537.0,220.0,,,,,6536.0,0.0
2,139600,JAMS,6535.0,271.0,,,,,6537.0,271.0,,,,,6536.0,0.0
2,139700,JAMS,6535.0,203.0,,,,,6537.0,203.0,,,,,6536.0,0.0
2,139800,JAMS,6535.0,64.0,6534.0,122.0,,,6536.0,64.0,6537.0,122.0,,,6535.5,0.0
2,139900,JAMS,6534.0,74.0,6533.0,133.0,,,6535.0,74.0,6536.0,133.0,,,6534.5,0.0
2,140000,JAMS,6534.0,52.0,6533.0,192.0,,,6535.0,52.0,6536.0,192.0,,,6534.5,0.0
2,140100,JAMS,6534.0,76.0,6533.0,111.0,,,6535.0,76.0,6536.0,111.0,,,6534.5,0.0
2,140200,JAMS,6533.0,208.0,,,,,6535.0,208.0,,,,,6534.0,0.0
2,140300,JAMS,6533.0,239.0,,,,,6535.0,239.0,,,,,6534.0,0.0
2,140400,JAMS,6533.0,238.0,,,,,6535.0,238.0,,,,,6534.0,0.0
2,140500,JAMS,6533.0,99.0,6532.0,189.0,,,6534.0,99.0,6535.0,189.0,,,6533.5,0.0
2,140600,JAMS,6532.0,226.0,,,,,6534.0,226.0,,,,,6533.0,0.0
2,140700,JAMS,6532.0,241.0,,,,,6534.0,241.0,,,,,6533.0,0.0
2,140800,JAMS,6533.0,3.0,6532.0,232.0,,,6534.0,232.0,,,,,6533.5,0.0
2,140900,JAMS,6533.0,86.0,6532.0,190.0,,,6534.0,86.0,6535.0,190.0,,,6533.5,0.0
2,141000,JAMS,6534.0,4.0,6533.0,188.0,,,6535.0,188.0,,,,,6534.5,0.0
2,141100,JAMS,6534.0,187.0,,,,,6536.0,187.0,,,,,6535.0,0.0
2,141200,JAMS,6534.0,92.0,6533.0,190.0,,,6535.0,88.0,6536.0,190.0,,,6534.5,0.0
2,141300,JAMS,6534.0,213.0,,,,,6536.0,213.0,,,,,6535.0,0.0
2,141400,JAMS,6534.0,187.0,,,,,6536.0,187.0,,,,,6535.0,0.0
2,141500,JAMS,6535.0,236.0,,,,,6537.0,236.0,,,,,6536.0,0.0
2,141600,JAMS,6535.0,230.0,,,,,6537.0,230.0,,,,,6536.0,0.0
2,141700,JAMS,6535.0,276.0,,,,,6536.0,85.0,6537.0,191.0,,,6535.5,0.0
2,141800,JAMS,6535.0,74.0,6534.0,168.0,,,6536.0,81.0,6537.0,168.0,,,6535.5,0.0
2,141900,JAMS,6534.0,187.0,,,,,6536.0,187.0,,,,,6535.0,0.0
2,142000,JAMS,6534.0,216.0,,,,,6536.0,216.0,,,,,6535.0,0.0
2,142100,JAMS,6534.0,218.0,,,,,6536.0,218.0,,,,,6535.0,0.0
2,142200,JAMS,6533.0,258.0,,,,,6535.0,258.0,,,,,6534.0,0.0
2,142300,JAMS,6535.0,82.0,6534.0,200.0,,,6536.0,282.0,,,,,6535.5,0.0
2,142400,JAMS,6534.0,176.0,,,,,6536.0,176.0,,,,,6535.0,0.0
2,142500,JAMS,6534.0,59.0,6533.0,131.0,,,6535.0,59.0,6536.0,131.0,,,6534.5,0.0
2,142600,JAMS,6532.0,206.0,,,,,6534.0,206.0,,,,,6533.0,0.0
2,142700,JAMS,6533.0,84.0,6532.0,134.0,,,6534.0,84.0,6535.0,134.0,,,6533.5,0.0
2,142800,JAMS,6533.0,207.0,,,,,6535.0,207.0,,,,,6534.0,0.0
2,142900,JAMS,6533.0,198.0,,,,,6535.0,198.0,,,,,6534.0,0.0
2,143000,JAMS,6533.0,66.0,6532.0,104.0,,,6534.0,66.0,6535.0,104.0,,,6533.5,0.0
2,143100,JAMS,6532.0,75.0,6531.0,151.0,,,6533.0,72.0,6534.0,151.0,,,6532.5,0.0
2,143200,JAMS,6531.0,199.0,,,,,6533.0,199.0,,,,,6532.0,0.0
2,143300,JAMS,6531.0,229.0,,,,,6533.0,229.0,,,,,6532.0,0.0
2,143400,JAMS,6532.0,82.0,6531.0,184.0,,,6533.0,82.0,6534.0,184.0,,,6532.5,0.0
2,143500,JAMS,6531.0,64.0,6530.0,101.0,,,6532.0,64.0,6533.0,101.0,,,6531.5,0.0
2,143600,JAMS,6531.0,233.0,,,,,6532.0,9.0,6533.0,233.0,,,6531.5,0.0
2,143700,JAMS,6531.0,205.0,,,,,6533.0,205.0,,,,,6532.0,0.0
2,143800,JAMS,6532.0,74.0,6531.0,195.0,,,6533.0,74.0,6534.0,195.0,,,6532.5,0.0
2,143900,JAMS,6532.0,97.0,6531.0,156.0,,,6533.0,97.0,6534.0,156.0,,,6532.5,0.0
2,144000,JAMS,6531.0,209.0,,,,,6533.0,209.0,,,,,6532.0,0.0
2,144100,JAMS,6531.0,214.0,,,,,6533.0,214.0,,,,,6532.0,0.0
2,144200,JAMS,6531.0,80.0,6530.0,185.0,,,6532.0,80.0,6533.0,185.0,,,6531.5,0.0
2,144300,JAMS,6529.0,238.0,,,,,6531.0,238.0,,,,,6530.0,0.0
2,144400,JAMS,6530.0,55.0,6529.0,113.0,,,6531.0,55.0,6532.0,113.0,,,6530.5,0.0
2,144500,JAMS,6529.0,178.0,,,,,6531.0,178.0,,,,,6530.0,0.0
2,144600,JAMS,6529.0,261.0,,,,,6531.0,261.0,,,,,6530.0,0.0
2,144700,JAMS,6530.0,249.0,,,,,6532.0,249.0,,,,,6531.0,0.0
2,144800,JAMS,6530.0,85.0,6529.0,121.0,,,6531.0,85.0,6532.0,121.0,,,6530.5,0.0
2,144900,JAMS,6529.0,233.0,,,,,6531.0,233.0,,,,,6530.0,0.0
2,145000,JAMS,6529.0,211.0,,,,,6531.0,211.0,,,,,6530.0,0.0
2,145100,JAMS,6529.0,249.0,,,,,6531.0,249.0,,,,,6530.0,0.0
2,145200,JAMS,6529.0,230.0,,,,,6531.0,230.0,,,,,6530.0,0.0
2,145300,JAMS,6529.0,259.0,,,,,6531.0,259.0,,,,,6530.0,0.0
2,145400,JAMS,6530.0,284.0,,,,,6532.0,284.0,,,,,6531.0,0.0
2,145500,JAMS,6530.0,98.0,6529.0,193.0,,,6531.0,98.0,6532.0,193.0,,,6530.5,0.0
2,145600,JAMS,6530.0,230.0,,,,,6532.0,230.0,,,,,6531.0,0.0
2,145700,JAMS,6530.0,97.0,6529.0,143.0,,,6531.0,97.0,6532.0,143.0,,,6530.5,0.0
2,145800,JAMS,6528.0,188.0,,,,,6530.0,188.0,,,,,6529.0,0.0
2,145900,JAMS,6529.0,212.0,,,,,6531.0,218.0,,,,,6530.0,0.0
2,146000,JAMS,6530.0,91.0,6529.0,100.0,,,6531.0,91.0,6532.0,100.0,,,6530.5,0.0
2,146100,JAMS,6529.0,192.0,,,,,6531.0,192.0,,,,,6530.0,0.0
2,146200,JAMS,6529.0,205.0,,,,,6531.0,205.0,,,,,6530.0,0.0
2,146300,JAMS,6529.0,87.0,6528.0,197.0,,,6530.0,87.0,6531.0,197.0,,,6529.5,0.0
2,146400,JAMS,6529.0,56.0,6528.0,147.0,,,6530.0,56.0,6531.0,147.0,,,6529.5,0.0
2,146500,JAMS,6528.0,189.0,,,,,6530.0,189.0,,,,,6529.0,0.0
2,146600,JAMS,6529.0,51.0,6528.0,144.0,,,6530.0,51.0,6531.0,144.0,,,6529.5,0.0
2,146700,JAMS,6529.0,78.0,6528.0,107.0,,,6530.0,70.0,6531.0,107.0,,,6529.5,0.0
2,146800,JAMS,6528.0,262.0,,,,,6530.0,262.0,,,,,6529.0,0.0
2,146900,JAMS,6529.0,93.0,6528.0,154.0,,,6530.0,247.0,,,,,6529.5,0.0
2,147000,JAMS,6528.0,201.0,,,,,6530.0,201.0,,,,,6529.0,0.0
2,147100,JAMS,6528.0,243.0,,,,,6530.0,243.0,,,,,6529.0,0.0
2,147200,JAMS,6528.0,257.0,,,,,6530.0,257.0,,,,,6529.0,0.0
2,147300,JAMS,6529.0,257.0,,,,,6531.0,257.0,,,,,6530.0,0.0
2,147400,JAMS,6530.0,52.0,6529.0,197.0,,,6531.0,249.0,,,,,6530.5,0.0
2,147500,JAMS,6529.0,260.0,,,,,6531.0,260.0,,,,,6530.0,0.0
2,147600,JAMS,6529.0,272.0,,,,,6531.0,272.0,,,,,6530.0,0.0
2,147700,JAMS,6529.0,196.0,,,,,6531.0,196.0,,,,,6530.0,0.0
2,147800,JAMS,6529.0,237.0,,,,,6531.0,237.0,,,,,6530.0,0.0
2,147900,JAMS,6529.0,258.0,,,,,6531.0,258.0,,,,,6530.0,0.0
2,148000,JAMS,6529.0,214.0,,,,,6531.0,214.0,,,,,6530.0,0.0
2,148100,JAMS,6529.0,206.0,,,,,6531.0,206.0,,,,,6530.0,0.0
2,148200,JAMS,6530.0,59.0,6529.0,136.0,,,6531.0,195.0,,,,,6530.5,0.0
2,148300,JAMS,6530.0,83.0,6529.0,165.0,,,6531.0,83.0,6532.0,165.0,,,6530.5,0.0
2,148400,JAMS,6530.0,61.0,6529.0,122.0,,,6531.0,61.0,6532.0,122.0,,,6530.5,0.0
2,148500,JAMS,6529.0,216.0,,,,,6531.0,216.0,,,,,6530.0,0.0
2,148600,JAMS,6529.0,222.0,,,,,6531.0,222.0,,,,,6530.0,0.0
2,148700,JAMS,6529.0,78.0,6528.0,113.0,,,6530.0,78.0,6531.0,113.0,,,6529.5,0.0
2,148800,JAMS,6529.0,59.0,6528.0,145.0,,,6530.0,59.0,6531.0,145.0,,,6529.5,0.0
2,148900,JAMS,6529.0,51.0,6528.0,122.0,,,6530.0,51.0,6531.0,122.0,,,6529.5,0.0
2,149000,JAMS,6528.0,83.0,6527.0,115.0,,,6529.0,83.0,6530.0,115.0,,,6528.5,0.0
2,149100,JAMS,6528.0,98.0,6527.0,160.0,,,6529.0,98.0,6530.0,160.0,,,6528.5,0.0
2,149200,JAMS,6526.0,92.0,6525.0,127.0,,,6527.0,92.0,6528.0,127.0,,,6526.5,0.0
2,149300,JAMS,6525.0,184.0,,,,,6527.0,184.0,,,,,6526.0,0.0
2,149400,JAMS,6525.0,216.0,,,,,6527.0,216.0,,,,,6526.0,0.0
2,149500,JAMS,6524.0,70.0,6523.0,142.0,,,6525.0,70.0,6526.0,142.0,,,6524.5,0.0
2,149600,JAMS,6524.0,281.0,,,,,6526.0,281.0,,,,,6525.0,0.0
2,149700,JAMS,6525.0,262.0,,,,,6527.0,259.0,,,,,6526.0,0.0
2,149800,JAMS,6525.0,211.0,,,,,6527.0,211.0,,,,,6526.0,0.0
2,149900,JAMS,6526.0,76.0,6525.0,187.0,,,6527.0,76.0,6528.0,187.0,,,6526.5,0.0
2,150000,JAMS,6526.0,193.0,,,,,6528.0,193.0,,,,,6527.0,0.0
2,150100,JAMS,6526.0,86.0,6525.0,157.0,,,6527.0,86.0,6528.0,157.0,,,6526.5,0.0
2,150200,JAMS,6526.0,82.0,6525.0,167.0,,,6527.0,82.0,6528.0,167.0,,,6526.5,0.0
2,150300,JAMS,6528.0,229.0,,,,,6530.0,229.0,,,,,6529.0,0.0
2,150400,JAMS,6528.0,263.0,,,,,6530.0,263.0,,,,,6529.0,0.0
2,150500,JAMS,6528.0,92.0,6527.0,120.0,,,6529.0,92.0,6530.0,120.0,,,6528.5,0.0
2,150600,JAMS,6528.0,270.0,,,,,6530.0,270.0,,,,,6529.0,0.0
2,150700,JAMS,6528.0,226.0,,,,,6530.0,226.0,,,,,6529.0,0.0
2,150800,JAMS,6527.0,236.0,,,,,6529.0,239.0,,,,,6528.0,0.0
2,150900,JAMS,6526.0,192.0,,,,,6528.0,192.0,,,,,6527.0,0.0
2,151000,JAMS,6526.0,237.0,,,,,6528.0,237.0,,,,,6527.0,0.0
2,151100,JAMS,6526.0,57.0,6525.0,164.0,,,6527.0,57.0,6528.0,164.0,,,6526.5,0.0
2,151200,JAMS,6525.0,209.0,,,,,6527.0,209.0,,,,,6526.0,0.0
2,151300,JAMS,6525.0,58.0,6524.0,190.0,,,6526.0,58.0,6527.0,190.0,,,6525.5,0.0
2,151400,JAMS,6525.0,204.0,,,,,6527.0,207.0,,,,,6526.0,0.0
2,151500,JAMS,6525.0,244.0,,,,,6527.0,244.0,,,,,6526.0,0.0
2,151600,JAMS,6525.0,236.0,,,,,6527.0,236.0,,,,,6526.0,0.0
2,151700,JAMS,6525.0,79.0,6524.0,161.0,,,6526.0,79.0,6527.0,161.0,,,6525.5,0.0
2,151800,JAMS,6524.0,234.0,,,,,6526.0,234.0,,,,,6525.0,0.0
2,151900,JAMS,6525.0,57.0,6524.0,173.0,,,6526.0,57.0,6527.0,173.0,,,6525.5,0.0
2,152000,JAMS,6525.0,62.0,6524.0,122.0,,,6526.0,62.0,6527.0,122.0,,,6525.5,0.0
2,152100,JAMS,6525.0,204.0,,,,,6527.0,204.0,,,,,6526.0,0.0
2,152200,JAMS,6525.0,69.0,6524.0,126.0,,,6526.0,69.0,6527.0,126.0,,,6525.5,0.0
2,152300,JAMS,6524.0,292.0,,,,,6526.0,292.0,,,,,6525.0,0.0
2,152400,JAMS,6524.0,50.0,6523.0,185.0,,,6525.0,50.0,6526.0,185.0,,,6524.5,0.0
2,152500,JAMS,6524.0,196.0,,,,,6526.0,196.0,,,,,6525.0,0.0
2,152600,JAMS,6524.0,275.0,,,,,6526.0,275.0,,,,,6525.0,0.0
2,152700,JAMS,6522.0,70.0,6521.0,177.0,,,6523.0,70.0,6524.0,177.0,,,6522.5,0.0
2,152800,JAMS,6522.0,99.0,6521.0,177.0,,,6523.0,99.0,6524.0,177.0,,,6522.5,0.0
2,152900,JAMS,6523.0,5.0,6522.0,161.0,,,6524.0,161.0,,,,,6523.5,0.0
