timestamp,buyer,seller,symbol,currency,price,quantity
200,Paris,Caesar,JAMS,SEASHELLS,6520.0,7
1000,Paris,Caesar,JAMS,SEASHELLS,6522.0,4
1200,Caesar,Paris,JAMS,SEASHELLS,6521.0,9
2500,Paris,Caesar,JAMS,SEASHELLS,6522.0,6
2800,Caesar,Paris,JAMS,SEASHELLS,6520.0,9
2900,Caesar,Paris,JAMS,SEASHELLS,6520.0,10
4600,Caesar,Camilla,JAMS,SEASHELLS,6523.0,10
5500,Caesar,Camilla,JAMS,SEASHELLS,6522.0,4
6200,Caesar,Camilla,JAMS,SEASHELLS,6524.0,3
6800,Caesar,Paris,JAMS,SEASHELLS,6525.0,5
7300,Caesar,Paris,JAMS,SEASHELLS,6526.0,8
7500,Paris,Caesar,JAMS,SEASHELLS,6527.0,7
7900,Caesar,Paris,JAMS,SEASHELLS,6526.0,5
8200,Caesar,Paris,JAMS,SEASHELLS,6524.0,5
9300,Caesar,Camilla,JAMS,SEASHELLS,6525.0,9
9900,Paris,Caesar,JAMS,SEASHELLS,6521.0,5
10100,Paris,Caesar,JAMS,SEASHELLS,6519.0,4
10800,Caesar,Paris,JAMS,SEASHELLS,6517.0,8
13000,Caesar,Camilla,JAMS,SEASHELLS,6527.0,8
13300,Paris,Caesar,JAMS,SEASHELLS,6529.0,8
14300,Caesar,Paris,JAMS,SEASHELLS,6529.0,5
14400,Paris,Caesar,JAMS,SEASHELLS,6530.0,6
15200,Paris,Caesar,JAMS,SEASHELLS,6529.0,5
20800,Caesar,Paris,JAMS,SEASHELLS,6532.0,4
22400,Caesar,Paris,JAMS,SEASHELLS,6525.0,9
23100,Paris,Caesar,JAMS,SEASHELLS,6530.0,8
23600,Caesar,Camilla,JAMS,SEASHELLS,6533.0,3
24000,Caesar,Paris,JAMS,SEASHELLS,6533.0,9
24600,Caesar,Paris,JAMS,SEASHELLS,6534.0,8
25800,Paris,Caesar,JAMS,SEASHELLS,6536.0,4
26900,Caesar,Camilla,JAMS,SEASHELLS,6531.0,8
27500,Caesar,Camilla,JAMS,SEASHELLS,6530.0,12
29500,Paris,Caesar,JAMS,SEASHELLS,6536.0,8
30000,Paris,Caesar,JAMS,SEASHELLS,6536.0,8
30100,Paris,Caesar,JAMS,SEASHELLS,6536.0,10
30800,Caesar,Paris,JAMS,SEASHELLS,6531.0,9
30900,Paris,Caesar,JAMS,SEASHELLS,6532.0,6
31000,Caesar,Camilla,JAMS,SEASHELLS,6531.0,9
32400,Caesar,Paris,JAMS,SEASHELLS,6532.0,8
33800,Paris,Caesar,JAMS,SEASHELLS,6533.0,10
35100,Paris,Caesar,JAMS,SEASHELLS,6534.0,8
35200,Paris,Caesar,JAMS,SEASHELLS,6534.0,7
35500,Caesar,Paris,JAMS,SEASHELLS,6532.0,7
35800,Caesar,Camilla,JAMS,SEASHELLS,6531.0,3
35900,Paris,Caesar,JAMS,SEASHELLS,6532.0,5
36000,Caesar,Camilla,JAMS,SEASHELLS,6531.0,3
37300,Caesar,Camilla,JAMS,SEASHELLS,6530.0,9
37800,Caesar,Camilla,JAMS,SEASHELLS,6528.0,4
39400,Caesar,Paris,JAMS,SEASHELLS,6530.0,8
40100,Caesar,Paris,JAMS,SEASHELLS,6534.0,4
40200,Caesar,Paris,JAMS,SEASHELLS,6532.0,8
41200,Caesar,Paris,JAMS,SEASHELLS,6532.0,10
41900,Caesar,Paris,JAMS,SEASHELLS,6529.0,8
42000,Caesar,Camilla,JAMS,SEASHELLS,6529.0,5
43800,Caesar,Paris,JAMS,SEASHELLS,6522.0,10
44800,Caesar,Paris,JAMS,SEASHELLS,6529.0,4
47100,Caesar,Camilla,JAMS,SEASHELLS,6528.0,3
47600,Paris,Caesar,JAMS,SEASHELLS,6530.0,9
48000,Paris,Caesar,JAMS,SEASHELLS,6528.0,10
48200,Caesar,Paris,JAMS,SEASHELLS,6527.0,4
49000,Paris,Caesar,JAMS,SEASHELLS,6527.0,5
49400,Paris,Caesar,JAMS,SEASHELLS,6527.0,8
49500,Caesar,Camilla,JAMS,SEASHELLS,6526.0,6
50000,Paris,Caesar,JAMS,SEASHELLS,6529.0,6
54300,Paris,Caesar,JAMS,SEASHELLS,6540.0,6
54500,Caesar,Camilla,JAMS,SEASHELLS,6540.0,12
55000,Paris,Caesar,JAMS,SEASHELLS,6540.0,8
55100,Caesar,Paris,JAMS,SEASHELLS,6539.0,9
55400,Paris,Caesar,JAMS,SEASHELLS,6540.0,5
56900,Caesar,Camilla,JAMS,SEASHELLS,6531.0,5
58600,Caesar,Paris,JAMS,SEASHELLS,6529.0,6
58700,Paris,Caesar,JAMS,SEASHELLS,6531.0,4
58800,Paris,Caesar,JAMS,SEASHELLS,6530.0,8
59700,Caesar,Paris,JAMS,SEASHELLS,6529.0,8
60300,Paris,Caesar,JAMS,SEASHELLS,6535.0,9
61200,Paris,Caesar,JAMS,SEASHELLS,6539.0,4
61300,Paris,Caesar,JAMS,SEASHELLS,6539.0,10
61500,Caesar,Paris,JAMS,SEASHELLS,6537.0,9
61600,Caesar,Paris,JAMS,SEASHELLS,6538.0,4
62000,Paris,Caesar,JAMS,SEASHELLS,6542.0,10
64400,Caesar,Camilla,JAMS,SEASHELLS,6535.0,6
65300,Caesar,Paris,JAMS,SEASHELLS,6537.0,10
67900,Caesar,Camilla,JAMS,SEASHELLS,6540.0,10
68200,Paris,Caesar,JAMS,SEASHELLS,6542.0,4
71200,Caesar,Paris,JAMS,SEASHELLS,6543.0,7
72700,Paris,Caesar,JAMS,SEASHELLS,6544.0,7
73100,Caesar,Paris,JAMS,SEASHELLS,6542.0,8
73600,Caesar,Paris,JAMS,SEASHELLS,6544.0,8
76000,Caesar,Paris,JAMS,SEASHELLS,6542.0,6
78200,Caesar,Camilla,JAMS,SEASHELLS,6539.0,7
80900,Caesar,Paris,JAMS,SEASHELLS,6537.0,7
81900,Caesar,Camilla,JAMS,SEASHELLS,6536.0,6
82800,Caesar,Paris,JAMS,SEASHELLS,6536.0,7
83500,Caesar,Paris,JAMS,SEASHELLS,6534.0,8
83900,Caesar,Paris,JAMS,SEASHELLS,6534.0,5
85200,Caesar,Paris,JAMS,SEASHELLS,6535.0,9
85600,Paris,Caesar,JAMS,SEASHELLS,6537.0,8
86000,Paris,Caesar,JAMS,SEASHELLS,6534.0,4
86400,Paris,Caesar,JAMS,SEASHELLS,6532.0,8
86500,Caesar,Paris,JAMS,SEASHELLS,6530.0,4
86700,Caesar,Paris,JAMS,SEASHELLS,6531.0,5
87300,Caesar,Camilla,JAMS,SEASHELLS,6533.0,11
87300,Caesar,Paris,JAMS,SEASHELLS,6533.0,5
87400,Caesar,Paris,JAMS,SEASHELLS,6534.0,7
87800,Caesar,Paris,JAMS,SEASHELLS,6535.0,7
88000,Caesar,Camilla,JAMS,SEASHELLS,6535.0,3
88600,Caesar,Camilla,JAMS,SEASHELLS,6536.0,3
89100,Paris,Caesar,JAMS,SEASHELLS,6537.0,6
89900,Caesar,Paris,JAMS,SEASHELLS,6534.0,4
90500,Caesar,Camilla,JAMS,SEASHELLS,6532.0,7
90700,Caesar,Camilla,JAMS,SEASHELLS,6532.0,4
91200,Paris,Camilla,JAMS,SEASHELLS,6533.0,8
91600,Paris,Caesar,JAMS,SEASHELLS,6538.0,7
91900,Paris,Caesar,JAMS,SEASHELLS,6538.0,6
92400,Caesar,Paris,JAMS,SEASHELLS,6536.0,7
93900,Caesar,Camilla,JAMS,SEASHELLS,6538.0,10
94100,Paris,Caesar,JAMS,SEASHELLS,6539.0,9
94600,Caesar,Paris,JAMS,SEASHELLS,6537.0,6
95500,Paris,Caesar,JAMS,SEASHELLS,6538.0,8
95600,Paris,Caesar,JAMS,SEASHELLS,6538.0,4
95800,Caesar,Paris,JAMS,SEASHELLS,6536.0,7
96400,Paris,Caesar,JAMS,SEASHELLS,6540.0,5
97400,Caesar,Paris,JAMS,SEASHELLS,6537.0,9
98000,Caesar,Paris,JAMS,SEASHELLS,6541.0,9
99200,Paris,Caesar,JAMS,SEASHELLS,6547.0,5
99300,Caesar,Camilla,JAMS,SEASHELLS,6545.0,4
101300,Caesar,Paris,JAMS,SEASHELLS,6541.0,5
103100,Caesar,Paris,JAMS,SEASHELLS,6545.0,5
105400,Caesar,Paris,JAMS,SEASHELLS,6544.0,9
106000,Caesar,Paris,JAMS,SEASHELLS,6545.0,6
107100,Paris,Caesar,JAMS,SEASHELLS,6547.0,8
109400,Camilla,Paris,JAMS,SEASHELLS,6545.0,9
109900,Paris,Caesar,JAMS,SEASHELLS,6546.0,5
110000,Paris,Caesar,JAMS,SEASHELLS,6546.0,4
111800,Paris,Caesar,JAMS,SEASHELLS,6545.0,6
113100,Paris,Caesar,JAMS,SEASHELLS,6543.0,4
115500,Paris,Caesar,JAMS,SEASHELLS,6552.0,4
117000,Paris,Caesar,JAMS,SEASHELLS,6553.0,7
118400,Caesar,Camilla,JAMS,SEASHELLS,6552.0,9
119900,Caesar,Paris,JAMS,SEASHELLS,6550.0,10
120400,Caesar,Paris,JAMS,SEASHELLS,6551.0,5
121300,Caesar,Paris,JAMS,SEASHELLS,6545.0,6
123400,Caesar,Camilla,JAMS,SEASHELLS,6545.0,9
123700,Caesar,Paris,JAMS,SEASHELLS,6545.0,9
124400,Caesar,Paris,JAMS,SEASHELLS,6544.0,9
127200,Caesar,Paris,JAMS,SEASHELLS,6545.0,10
127300,Caesar,Paris,JAMS,SEASHELLS,6545.0,9
128300,Caesar,Paris,JAMS,SEASHELLS,6543.0,5
130500,Caesar,Paris,JAMS,SEASHELLS,6535.0,5
133000,Caesar,Paris,JAMS,SEASHELLS,6536.0,8
133100,Caesar,Paris,JAMS,SEASHELLS,6536.0,5
134000,Caesar,Camilla,JAMS,SEASHELLS,6537.0,7
134800,Caesar,Camilla,JAMS,SEASHELLS,6531.0,10
135500,Caesar,Paris,JAMS,SEASHELLS,6534.0,6
135800,Caesar,Camilla,JAMS,SEASHELLS,6534.0,12
135800,Caesar,Paris,JAMS,SEASHELLS,6534.0,9
136500,Caesar,Camilla,JAMS,SEASHELLS,6532.0,9
137100,Caesar,Paris,JAMS,SEASHELLS,6533.0,6
138400,Caesar,Paris,JAMS,SEASHELLS,6533.0,5
139500,Caesar,Paris,JAMS,SEASHELLS,6535.0,5
139600,Paris,Caesar,JAMS,SEASHELLS,6537.0,9
140400,Caesar,Paris,JAMS,SEASHELLS,6533.0,9
141100,Caesar,Paris,JAMS,SEASHELLS,6534.0,6
141800,Caesar,Camilla,JAMS,SEASHELLS,6535.0,7
142200,Caesar,Paris,JAMS,SEASHELLS,6533.0,10
143700,Paris,Caesar,JAMS,SEASHELLS,6533.0,5
143900,Paris,Caesar,JAMS,SEASHELLS,6533.0,8
145900,Caesar,Camilla,JAMS,SEASHELLS,6529.0,6
146000,Paris,Caesar,JAMS,SEASHELLS,6531.0,10
146200,Caesar,Paris,JAMS,SEASHELLS,6529.0,10
146300,Paris,Caesar,JAMS,SEASHELLS,6530.0,5
149400,Caesar,Paris,JAMS,SEASHELLS,6525.0,7
150800,Caesar,Camilla,JAMS,SEASHELLS,6527.0,3
151400,Caesar,Camilla,JAMS,SEASHELLS,6525.0,3
153100,Caesar,Camilla,JAMS,SEASHELLS,6522.0,9
153200,Paris,Camilla,JAMS,SEASHELLS,6522.0,5
153300,Caesar,Paris,JAMS,SEASHELLS,6521.0,8
154100,Caesar,Camilla,JAMS,SEASHELLS,6521.0,10
154600,Caesar,Camilla,JAMS,SEASHELLS,6520.0,12
156100,Caesar,Paris,JAMS,SEASHELLS,6520.0,8
156500,Paris,Caesar,JAMS,SEASHELLS,6522.0,7
156600,Caesar,Camilla,JAMS,SEASHELLS,6520.0,11
156800,Caesar,Paris,JAMS,SEASHELLS,6520.0,9
157500,Caesar,Paris,JAMS,SEASHELLS,6517.0,5
157800,Caesar,Camilla,JAMS,SEASHELLS,6515.0,4
158600,Paris,Caesar,JAMS,SEASHELLS,6515.0,4
158800,Caesar,Camilla,JAMS,SEASHELLS,6514.0,8
158900,Paris,Caesar,JAMS,SEASHELLS,6515.0,5
161200,Paris,Caesar,JAMS,SEASHELLS,6515.0,8
163100,Paris,Caesar,JAMS,SEASHELLS,6514.0,10
163800,Paris,Caesar,JAMS,SEASHELLS,6511.0,8
165000,Caesar,Paris,JAMS,SEASHELLS,6505.0,8
165100,Paris,Caesar,JAMS,SEASHELLS,6507.0,4
166700,Paris,Caesar,JAMS,SEASHELLS,6508.0,6
167000,Paris,Caesar,JAMS,SEASHELLS,6508.0,10
167100,Caesar,Camilla,JAMS,SEASHELLS,6507.0,8
168700,Caesar,Paris,JAMS,SEASHELLS,6505.0,8
170000,Caesar,Camilla,JAMS,SEASHELLS,6506.0,4
170800,Paris,Caesar,JAMS,SEASHELLS,6507.0,10
171700,Paris,Caesar,JAMS,SEASHELLS,6507.0,4
173300,Caesar,Paris,JAMS,SEASHELLS,6506.0,7
174400,Caesar,Paris,JAMS,SEASHELLS,6508.0,8
175200,Caesar,Camilla,JAMS,SEASHELLS,6510.0,7
177900,Paris,Caesar,JAMS,SEASHELLS,6514.0,7
179800,Paris,Caesar,JAMS,SEASHELLS,6509.0,8
181400,Paris,Caesar,JAMS,SEASHELLS,6508.0,5
182100,Caesar,Camilla,JAMS,SEASHELLS,6506.0,10
182600,Paris,Caesar,JAMS,SEASHELLS,6507.0,6
184400,Caesar,Paris,JAMS,SEASHELLS,6505.0,6
184500,Caesar,Paris,JAMS,SEASHELLS,6505.0,7
184600,Caesar,Camilla,JAMS,SEASHELLS,6504.0,11
184600,Paris,Caesar,JAMS,SEASHELLS,6506.0,4
184900,Caesar,Paris,JAMS,SEASHELLS,6504.0,8
185900,Caesar,Paris,JAMS,SEASHELLS,6504.0,8
186200,Caesar,Camilla,JAMS,SEASHELLS,6507.0,5
186300,Paris,Caesar,JAMS,SEASHELLS,6509.0,5
186500,Caesar,Paris,JAMS,SEASHELLS,6509.0,7
187100,Caesar,Paris,JAMS,SEASHELLS,6507.0,9
188500,Paris,Caesar,JAMS,SEASHELLS,6516.0,4
188900,Caesar,Camilla,JAMS,SEASHELLS,6511.0,4
189600,Paris,Caesar,JAMS,SEASHELLS,6514.0,5
191400,Caesar,Paris,JAMS,SEASHELLS,6509.0,5
191700,Caesar,Camilla,JAMS,SEASHELLS,6509.0,10
191700,Caesar,Paris,JAMS,SEASHELLS,6509.0,8
193200,Paris,Caesar,JAMS,SEASHELLS,6514.0,6
194400,Caesar,Paris,JAMS,SEASHELLS,6512.0,7
194500,Paris,Caesar,JAMS,SEASHELLS,6513.0,6
194900,Paris,Caesar,JAMS,SEASHELLS,6513.0,7
195200,Caesar,Paris,JAMS,SEASHELLS,6511.0,7
196100,Caesar,Camilla,JAMS,SEASHELLS,6510.0,10
196100,Caesar,Paris,JAMS,SEASHELLS,6510.0,5
196800,Caesar,Camilla,JAMS,SEASHELLS,6510.0,6
197900,Caesar,Camilla,JAMS,SEASHELLS,6508.0,11
198400,Paris,Caesar,JAMS,SEASHELLS,6510.0,4
199100,Paris,Caesar,JAMS,SEASHELLS,6510.0,8
200200,Caesar,Camilla,JAMS,SEASHELLS,6507.0,5
201300,Paris,Caesar,JAMS,SEASHELLS,6506.0,5
202000,Camilla,Paris,JAMS,SEASHELLS,6505.0,5
202900,Paris,Caesar,JAMS,SEASHELLS,6508.0,9
204400,Paris,Caesar,JAMS,SEASHELLS,6506.0,8
206100,Caesar,Paris,JAMS,SEASHELLS,6504.0,4
207200,Caesar,Camilla,JAMS,SEASHELLS,6504.0,3
208500,Paris,Caesar,JAMS,SEASHELLS,6507.0,6
209500,Caesar,Paris,JAMS,SEASHELLS,6507.0,7
209600,Caesar,Camilla,JAMS,SEASHELLS,6507.0,11
209700,Paris,Caesar,JAMS,SEASHELLS,6509.0,5
211100,Caesar,Camilla,JAMS,SEASHELLS,6505.0,6
211800,Caesar,Camilla,JAMS,SEASHELLS,6505.0,5
213400,Paris,Caesar,JAMS,SEASHELLS,6504.0,5
214800,Caesar,Paris,JAMS,SEASHELLS,6503.0,7
215100,Caesar,Camilla,JAMS,SEASHELLS,6504.0,5
215300,Paris,Caesar,JAMS,SEASHELLS,6507.0,8
216700,Caesar,Paris,JAMS,SEASHELLS,6502.0,10
218900,Caesar,Paris,JAMS,SEASHELLS,6502.0,8
219100,Caesar,Camilla,JAMS,SEASHELLS,6502.0,4
220200,Paris,Caesar,JAMS,SEASHELLS,6507.0,5
222400,Caesar,Camilla,JAMS,SEASHELLS,6505.0,6
223100,Caesar,Paris,JAMS,SEASHELLS,6504.0,5
223400,Caesar,Paris,JAMS,SEASHELLS,6504.0,7
223900,Paris,Caesar,JAMS,SEASHELLS,6505.0,10
225200,Caesar,Camilla,JAMS,SEASHELLS,6505.0,3
226300,Caesar,Paris,JAMS,SEASHELLS,6503.0,9
226700,Caesar,Camilla,JAMS,SEASHELLS,6503.0,3
230200,Caesar,Camilla,JAMS,SEASHELLS,6501.0,5
231200,Paris,Caesar,JAMS,SEASHELLS,6503.0,9
232300,Paris,Caesar,JAMS,SEASHELLS,6503.0,4
232500,Paris,Caesar,JAMS,SEASHELLS,6502.0,4
232700,Caesar,Paris,JAMS,SEASHELLS,6499.0,5
234800,Caesar,Camilla,JAMS,SEASHELLS,6497.0,3
234900,Paris,Caesar,JAMS,SEASHELLS,6499.0,4
235100,Caesar,Camilla,JAMS,SEASHELLS,6497.0,10
235600,Paris,Caesar,JAMS,SEASHELLS,6499.0,4
236600,Paris,Caesar,JAMS,SEASHELLS,6502.0,8
236900,Caesar,Camilla,JAMS,SEASHELLS,6499.0,11
238700,Paris,Caesar,JAMS,SEASHELLS,6500.0,4
241000,Caesar,Camilla,JAMS,SEASHELLS,6498.0,11
241000,Paris,Caesar,JAMS,SEASHELLS,6500.0,10
241900,Caesar,Paris,JAMS,SEASHELLS,6498.0,4
242700,Paris,Caesar,JAMS,SEASHELLS,6500.0,5
243000,Paris,Caesar,JAMS,SEASHELLS,6500.0,5
243100,Paris,Caesar,JAMS,SEASHELLS,6500.0,4
243500,Caesar,Camilla,JAMS,SEASHELLS,6498.0,5
244000,Paris,Caesar,JAMS,SEASHELLS,6499.0,10
244200,Caesar,Camilla,JAMS,SEASHELLS,6497.0,5
244600,Caesar,Camilla,JAMS,SEASHELLS,6496.0,3
245200,Caesar,Camilla,JAMS,SEASHELLS,6497.0,8
245300,Paris,Caesar,JAMS,SEASHELLS,6499.0,10
245700,Paris,Caesar,JAMS,SEASHELLS,6498.0,9
247200,Caesar,Camilla,JAMS,SEASHELLS,6496.0,5
247400,Caesar,Paris,JAMS,SEASHELLS,6496.0,7
248800,Caesar,Camilla,JAMS,SEASHELLS,6493.0,10
249900,Caesar,Paris,JAMS,SEASHELLS,6494.0,5
250500,Caesar,Paris,JAMS,SEASHELLS,6493.0,9
251200,Caesar,Camilla,JAMS,SEASHELLS,6493.0,11
251300,Caesar,Camilla,JAMS,SEASHELLS,6494.0,5
251600,Caesar,Camilla,JAMS,SEASHELLS,6495.0,11
251600,Caesar,Paris,JAMS,SEASHELLS,6495.0,4
252400,Caesar,Camilla,JAMS,SEASHELLS,6496.0,3
252600,Paris,Caesar,JAMS,SEASHELLS,6497.0,4
254300,Caesar,Paris,JAMS,SEASHELLS,6493.0,6
257400,Caesar,Camilla,JAMS,SEASHELLS,6496.0,10
257700,Caesar,Camilla,JAMS,SEASHELLS,6496.0,4
259300,Caesar,Camilla,JAMS,SEASHELLS,6498.0,12
261300,Caesar,Camilla,JAMS,SEASHELLS,6496.0,12
261400,Caesar,Camilla,JAMS,SEASHELLS,6496.0,8
262200,Caesar,Paris,JAMS,SEASHELLS,6496.0,6
262300,Caesar,Camilla,JAMS,SEASHELLS,6497.0,11
262700,Paris,Caesar,JAMS,SEASHELLS,6498.0,6
263000,Caesar,Paris,JAMS,SEASHELLS,6496.0,9
264900,Caesar,Paris,JAMS,SEASHELLS,6496.0,6
266000,Caesar,Camilla,JAMS,SEASHELLS,6497.0,9
267300,Paris,Caesar,JAMS,SEASHELLS,6497.0,9
268300,Caesar,Camilla,JAMS,SEASHELLS,6493.0,9
268600,Caesar,Paris,JAMS,SEASHELLS,6493.0,5
269100,Caesar,Camilla,JAMS,SEASHELLS,6493.0,6
269400,Caesar,Camilla,JAMS,SEASHELLS,6493.0,8
269500,Paris,Caesar,JAMS,SEASHELLS,6493.0,10
270100,Caesar,Paris,JAMS,SEASHELLS,6489.0,7
270300,Caesar,Camilla,JAMS,SEASHELLS,6489.0,4
270300,Paris,Caesar,JAMS,SEASHELLS,6491.0,8
270700,Caesar,Camilla,JAMS,SEASHELLS,6489.0,6
270700,Paris,Caesar,JAMS,SEASHELLS,6490.0,5
271000,Paris,Caesar,JAMS,SEASHELLS,6490.0,7
271600,Paris,Caesar,JAMS,SEASHELLS,6486.0,7
273100,Paris,Caesar,JAMS,SEASHELLS,6489.0,4
273400,Paris,Caesar,JAMS,SEASHELLS,6489.0,7
274800,Paris,Caesar,JAMS,SEASHELLS,6489.0,6
277100,Caesar,Camilla,JAMS,SEASHELLS,6488.0,11
278500,Caesar,Camilla,JAMS,SEASHELLS,6491.0,12
280700,Paris,Caesar,JAMS,SEASHELLS,6496.0,6
280800,Caesar,Camilla,JAMS,SEASHELLS,6495.0,11
282000,Caesar,Camilla,JAMS,SEASHELLS,6493.0,4
282300,Paris,Caesar,JAMS,SEASHELLS,6492.0,4
282600,Paris,Caesar,JAMS,SEASHELLS,6493.0,6
283500,Caesar,Paris,JAMS,SEASHELLS,6491.0,6
283900,Caesar,Paris,JAMS,SEASHELLS,6491.0,6
284400,Caesar,Paris,JAMS,SEASHELLS,6491.0,10
285200,Paris,Caesar,JAMS,SEASHELLS,6493.0,5
285500,Caesar,Camilla,JAMS,SEASHELLS,6493.0,3
285600,Caesar,Paris,JAMS,SEASHELLS,6492.0,8
287100,Caesar,Paris,JAMS,SEASHELLS,6492.0,8
288800,Paris,Caesar,JAMS,SEASHELLS,6497.0,9
288900,Caesar,Camilla,JAMS,SEASHELLS,6495.0,4
291100,Caesar,Camilla,JAMS,SEASHELLS,6495.0,8
291300,Caesar,Paris,JAMS,SEASHELLS,6494.0,8
292100,Caesar,Camilla,JAMS,SEASHELLS,6496.0,7
292400,Paris,Caesar,JAMS,SEASHELLS,6497.0,9
294000,Paris,Caesar,JAMS,SEASHELLS,6502.0,8
294600,Caesar,Paris,JAMS,SEASHELLS,6501.0,5
295000,Caesar,Paris,JAMS,SEASHELLS,6502.0,7
295700,Paris,Caesar,JAMS,SEASHELLS,6504.0,4
295800,Caesar,Camilla,JAMS,SEASHELLS,6503.0,3
297800,Paris,Caesar,JAMS,SEASHELLS,6505.0,7
298400,Caesar,Paris,JAMS,SEASHELLS,6504.0,7
301400,Paris,Caesar,JAMS,SEASHELLS,6505.0,9
302800,Caesar,Camilla,JAMS,SEASHELLS,6502.0,7
303600,Caesar,Camilla,JAMS,SEASHELLS,6500.0,5
304400,Caesar,Paris,JAMS,SEASHELLS,6499.0,4
305900,Paris,Caesar,JAMS,SEASHELLS,6502.0,10
306200,Caesar,Camilla,JAMS,SEASHELLS,6500.0,3
306900,Caesar,Camilla,JAMS,SEASHELLS,6502.0,10
307100,Paris,Caesar,JAMS,SEASHELLS,6503.0,6
308400,Caesar,Paris,JAMS,SEASHELLS,6499.0,8
308800,Caesar,Paris,JAMS,SEASHELLS,6499.0,4
310800,Caesar,Paris,JAMS,SEASHELLS,6499.0,9
312400,Paris,Caesar,JAMS,SEASHELLS,6498.0,6
313000,Paris,Caesar,JAMS,SEASHELLS,6497.0,8
316300,Caesar,Paris,JAMS,SEASHELLS,6494.0,7
316900,Caesar,Camilla,JAMS,SEASHELLS,6496.0,7
318800,Paris,Caesar,JAMS,SEASHELLS,6496.0,6
320500,Caesar,Paris,JAMS,SEASHELLS,6493.0,4
321000,Caesar,Camilla,JAMS,SEASHELLS,6493.0,9
322000,Paris,Caesar,JAMS,SEASHELLS,6495.0,9
322300,Caesar,Paris,JAMS,SEASHELLS,6493.0,8
322900,Paris,Caesar,JAMS,SEASHELLS,6497.0,6
323400,Paris,Caesar,JAMS,SEASHELLS,6496.0,7
324000,Caesar,Paris,JAMS,SEASHELLS,6494.0,9
326200,Paris,Caesar,JAMS,SEASHELLS,6492.0,10
327000,Caesar,Camilla,JAMS,SEASHELLS,6491.0,10
327100,Caesar,Camilla,JAMS,SEASHELLS,6491.0,12
327200,Caesar,Camilla,JAMS,SEASHELLS,6491.0,9
327200,Paris,Caesar,JAMS,SEASHELLS,6493.0,8
328200,Paris,Caesar,JAMS,SEASHELLS,6493.0,7
328600,Paris,Caesar,JAMS,SEASHELLS,6493.0,8
328700,Paris,Caesar,JAMS,SEASHELLS,6493.0,8
329600,Caesar,Paris,JAMS,SEASHELLS,6491.0,10
330400,Caesar,Camilla,JAMS,SEASHELLS,6490.0,5
330500,Caesar,Camilla,JAMS,SEASHELLS,6490.0,7
330900,Paris,Caesar,JAMS,SEASHELLS,6492.0,4
331500,Paris,Caesar,JAMS,SEASHELLS,6494.0,8
331700,Caesar,Camilla,JAMS,SEASHELLS,6496.0,6
332200,Caesar,Paris,JAMS,SEASHELLS,6497.0,8
333000,Paris,Caesar,JAMS,SEASHELLS,6499.0,7
333500,Caesar,Camilla,JAMS,SEASHELLS,6499.0,8
333600,Paris,Caesar,JAMS,SEASHELLS,6499.0,6
334200,Caesar,Paris,JAMS,SEASHELLS,6497.0,8
334700,Caesar,Camilla,JAMS,SEASHELLS,6496.0,3
335300,Paris,Caesar,JAMS,SEASHELLS,6498.0,5
335500,Caesar,Paris,JAMS,SEASHELLS,6497.0,9
337300,Caesar,Camilla,JAMS,SEASHELLS,6494.0,7
338300,Caesar,Paris,JAMS,SEASHELLS,6494.0,7
338500,Caesar,Paris,JAMS,SEASHELLS,6493.0,4
340400,Caesar,Camilla,JAMS,SEASHELLS,6492.0,7
341200,Caesar,Paris,JAMS,SEASHELLS,6494.0,6
341300,Caesar,Camilla,JAMS,SEASHELLS,6494.0,4
342900,Caesar,Camilla,JAMS,SEASHELLS,6493.0,4
343500,Caesar,Camilla,JAMS,SEASHELLS,6493.0,8
343600,Caesar,Paris,JAMS,SEASHELLS,6492.0,6
343900,Caesar,Paris,JAMS,SEASHELLS,6492.0,6
344700,Paris,Caesar,JAMS,SEASHELLS,6491.0,5
345900,Caesar,Camilla,JAMS,SEASHELLS,6490.0,10
347300,Paris,Caesar,JAMS,SEASHELLS,6490.0,6
347400,Paris,Caesar,JAMS,SEASHELLS,6489.0,5
348600,Paris,Caesar,JAMS,SEASHELLS,6490.0,7
348700,Caesar,Camilla,JAMS,SEASHELLS,6489.0,11
348800,Caesar,Camilla,JAMS,SEASHELLS,6489.0,9
349500,Caesar,Paris,JAMS,SEASHELLS,6488.0,4
350500,Caesar,Paris,JAMS,SEASHELLS,6486.0,8
351600,Caesar,Camilla,JAMS,SEASHELLS,6484.0,10
353500,Caesar,Camilla,JAMS,SEASHELLS,6481.0,11
354000,Caesar,Camilla,JAMS,SEASHELLS,6481.0,6
355700,Caesar,Camilla,JAMS,SEASHELLS,6480.0,5
356900,Caesar,Camilla,JAMS,SEASHELLS,6479.0,9
357300,Paris,Caesar,JAMS,SEASHELLS,6481.0,7
357700,Caesar,Paris,JAMS,SEASHELLS,6479.0,4
358700,Paris,Caesar,JAMS,SEASHELLS,6482.0,8
358800,Caesar,Paris,JAMS,SEASHELLS,6481.0,10
361800,Caesar,Paris,JAMS,SEASHELLS,6483.0,6
362200,Caesar,Paris,JAMS,SEASHELLS,6480.0,8
362500,Caesar,Paris,JAMS,SEASHELLS,6480.0,10
364000,Paris,Caesar,JAMS,SEASHELLS,6481.0,5
364400,Caesar,Paris,JAMS,SEASHELLS,6478.0,10
364800,Caesar,Camilla,JAMS,SEASHELLS,6477.0,6
365700,Paris,Caesar,JAMS,SEASHELLS,6481.0,5
365800,Caesar,Camilla,JAMS,SEASHELLS,6480.0,8
366700,Paris,Caesar,JAMS,SEASHELLS,6481.0,6
366900,Caesar,Paris,JAMS,SEASHELLS,6479.0,4
367400,Caesar,Camilla,JAMS,SEASHELLS,6479.0,10
367700,Caesar,Paris,JAMS,SEASHELLS,6478.0,9
369100,Paris,Caesar,JAMS,SEASHELLS,6481.0,4
369400,Paris,Caesar,JAMS,SEASHELLS,6481.0,5
369500,Paris,Caesar,JAMS,SEASHELLS,6481.0,6
369900,Paris,Caesar,JAMS,SEASHELLS,6481.0,7
370000,Caesar,Paris,JAMS,SEASHELLS,6479.0,7
370300,Caesar,Paris,JAMS,SEASHELLS,6480.0,7
370500,Caesar,Camilla,JAMS,SEASHELLS,6481.0,6
370500,Paris,Caesar,JAMS,SEASHELLS,6483.0,8
372400,Paris,Camilla,JAMS,SEASHELLS,6478.0,5
372800,Caesar,Paris,JAMS,SEASHELLS,6477.0,8
373400,Paris,Caesar,JAMS,SEASHELLS,6480.0,6
375100,Caesar,Paris,JAMS,SEASHELLS,6476.0,10
377300,Caesar,Camilla,JAMS,SEASHELLS,6478.0,6
378700,Paris,Caesar,JAMS,SEASHELLS,6481.0,5
380100,Paris,Caesar,JAMS,SEASHELLS,6483.0,8
381400,Caesar,Paris,JAMS,SEASHELLS,6482.0,6
382300,Paris,Caesar,JAMS,SEASHELLS,6485.0,9
382500,Caesar,Camilla,JAMS,SEASHELLS,6483.0,11
383800,Caesar,Paris,JAMS,SEASHELLS,6483.0,10
384300,Paris,Caesar,JAMS,SEASHELLS,6485.0,8
384500,Caesar,Paris,JAMS,SEASHELLS,6483.0,6
386400,Caesar,Paris,JAMS,SEASHELLS,6482.0,5
387000,Paris,Caesar,JAMS,SEASHELLS,6484.0,4
387100,Caesar,Camilla,JAMS,SEASHELLS,6483.0,9
387200,Caesar,Camilla,JAMS,SEASHELLS,6483.0,3
388300,Caesar,Camilla,JAMS,SEASHELLS,6481.0,8
388500,Caesar,Paris,JAMS,SEASHELLS,6481.0,8
388600,Caesar,Paris,JAMS,SEASHELLS,6481.0,6
389500,Caesar,Paris,JAMS,SEASHELLS,6479.0,4
389700,Caesar,Camilla,JAMS,SEASHELLS,6479.0,10
390300,Caesar,Paris,JAMS,SEASHELLS,6479.0,9
391000,Caesar,Paris,JAMS,SEASHELLS,6478.0,7
391100,Caesar,Paris,JAMS,SEASHELLS,6478.0,9
391900,Caesar,Paris,JAMS,SEASHELLS,6479.0,7
394100,Paris,Caesar,JAMS,SEASHELLS,6483.0,4
394700,Caesar,Camilla,JAMS,SEASHELLS,6482.0,8
395200,Caesar,Paris,JAMS,SEASHELLS,6482.0,7
397200,Caesar,Camilla,JAMS,SEASHELLS,6484.0,9
398100,Paris,Caesar,JAMS,SEASHELLS,6485.0,4
398300,Caesar,Camilla,JAMS,SEASHELLS,6484.0,11
398400,Paris,Caesar,JAMS,SEASHELLS,6485.0,6
398500,Caesar,Paris,JAMS,SEASHELLS,6484.0,7
399400,Caesar,Camilla,JAMS,SEASHELLS,6484.0,11
399500,Caesar,Paris,JAMS,SEASHELLS,6484.0,6
400000,Paris,Caesar,JAMS,SEASHELLS,6485.0,8
400200,Paris,Caesar,JAMS,SEASHELLS,6485.0,10
401000,Paris,Caesar,JAMS,SEASHELLS,6483.0,9
402200,Caesar,Paris,JAMS,SEASHELLS,6482.0,10
402700,Caesar,Paris,JAMS,SEASHELLS,6483.0,7
407300,Caesar,Paris,JAMS,SEASHELLS,6486.0,7
408300,Caesar,Camilla,JAMS,SEASHELLS,6485.0,11
408500,Caesar,Paris,JAMS,SEASHELLS,6484.0,5
408600,Caesar,Paris,JAMS,SEASHELLS,6484.0,8
409500,Caesar,Paris,JAMS,SEASHELLS,6484.0,10
410700,Caesar,Paris,JAMS,SEASHELLS,6484.0,5
411000,Paris,Caesar,JAMS,SEASHELLS,6486.0,10
411100,Caesar,Paris,JAMS,SEASHELLS,6484.0,10
411400,Paris,Caesar,JAMS,SEASHELLS,6486.0,5
411500,Caesar,Camilla,JAMS,SEASHELLS,6485.0,5
411700,Paris,Caesar,JAMS,SEASHELLS,6486.0,10
412600,Paris,Caesar,JAMS,SEASHELLS,6483.0,10
413000,Caesar,Paris,JAMS,SEASHELLS,6480.0,8
413700,Paris,Caesar,JAMS,SEASHELLS,6481.0,9
415200,Paris,Caesar,JAMS,SEASHELLS,6481.0,7
416000,Caesar,Paris,JAMS,SEASHELLS,6478.0,7
416200,Paris,Caesar,JAMS,SEASHELLS,6479.0,6
416500,Caesar,Camilla,JAMS,SEASHELLS,6476.0,10
417500,Caesar,Paris,JAMS,SEASHELLS,6478.0,8
418100,Caesar,Camilla,JAMS,SEASHELLS,6481.0,11
419900,Caesar,Paris,JAMS,SEASHELLS,6480.0,4
420200,Caesar,Paris,JAMS,SEASHELLS,6479.0,6
421200,Caesar,Camilla,JAMS,SEASHELLS,6479.0,9
421300,Caesar,Paris,JAMS,SEASHELLS,6479.0,5
422100,Caesar,Paris,JAMS,SEASHELLS,6480.0,4
423100,Paris,Caesar,JAMS,SEASHELLS,6481.0,5
423600,Caesar,Camilla,JAMS,SEASHELLS,6478.0,12
424300,Caesar,Paris,JAMS,SEASHELLS,6478.0,4
425200,Paris,Caesar,JAMS,SEASHELLS,6479.0,8
425400,Paris,Caesar,JAMS,SEASHELLS,6479.0,5
425800,Caesar,Camilla,JAMS,SEASHELLS,6478.0,4
426200,Paris,Caesar,JAMS,SEASHELLS,6479.0,5
426300,Caesar,Paris,JAMS,SEASHELLS,6477.0,10
427600,Caesar,Paris,JAMS,SEASHELLS,6477.0,4
427800,Paris,Caesar,JAMS,SEASHELLS,6479.0,5
430000,Caesar,Paris,JAMS,SEASHELLS,6477.0,4
432200,Caesar,Camilla,JAMS,SEASHELLS,6483.0,11
432500,Caesar,Paris,JAMS,SEASHELLS,6482.0,4
432800,Caesar,Camilla,JAMS,SEASHELLS,6482.0,10
434200,Caesar,Camilla,JAMS,SEASHELLS,6482.0,6
436500,Paris,Caesar,JAMS,SEASHELLS,6482.0,10
438000,Caesar,Paris,JAMS,SEASHELLS,6481.0,7
438300,Caesar,Camilla,JAMS,SEASHELLS,6480.0,12
438700,Caesar,Camilla,JAMS,SEASHELLS,6480.0,6
438800,Caesar,Camilla,JAMS,SEASHELLS,6480.0,11
441300,Caesar,Paris,JAMS,SEASHELLS,6477.0,8
441700,Caesar,Camilla,JAMS,SEASHELLS,6477.0,9
442800,Paris,Caesar,JAMS,SEASHELLS,6479.0,7
443900,Paris,Caesar,JAMS,SEASHELLS,6480.0,5
444200,Caesar,Paris,JAMS,SEASHELLS,6478.0,4
445600,Caesar,Camilla,JAMS,SEASHELLS,6479.0,8
448800,Paris,Caesar,JAMS,SEASHELLS,6483.0,7
453300,Caesar,Camilla,JAMS,SEASHELLS,6480.0,10
453900,Caesar,Camilla,JAMS,SEASHELLS,6480.0,10
454100,Caesar,Paris,JAMS,SEASHELLS,6480.0,4
454600,Caesar,Paris,JAMS,SEASHELLS,6479.0,9
455300,Caesar,Paris,JAMS,SEASHELLS,6478.0,5
455800,Caesar,Camilla,JAMS,SEASHELLS,6478.0,6
459600,Caesar,Paris,JAMS,SEASHELLS,6476.0,7
459700,Paris,Caesar,JAMS,SEASHELLS,6478.0,4
460100,Caesar,Camilla,JAMS,SEASHELLS,6476.0,7
460400,Paris,Caesar,JAMS,SEASHELLS,6477.0,6
460700,Caesar,Paris,JAMS,SEASHELLS,6476.0,9
461300,Caesar,Paris,JAMS,SEASHELLS,6475.0,7
461800,Paris,Caesar,JAMS,SEASHELLS,6477.0,8
463000,Paris,Caesar,JAMS,SEASHELLS,6476.0,6
463200,Caesar,Camilla,JAMS,SEASHELLS,6474.0,4
463900,Caesar,Paris,JAMS,SEASHELLS,6473.0,7
464200,Caesar,Camilla,JAMS,SEASHELLS,6474.0,3
467300,Caesar,Paris,JAMS,SEASHELLS,6473.0,4
468300,Caesar,Paris,JAMS,SEASHELLS,6473.0,10
468400,Paris,Caesar,JAMS,SEASHELLS,6474.0,6
469100,Paris,Caesar,JAMS,SEASHELLS,6475.0,4
469200,Paris,Caesar,JAMS,SEASHELLS,6475.0,8
469500,Camilla,Paris,JAMS,SEASHELLS,6474.0,6
470200,Caesar,Camilla,JAMS,SEASHELLS,6474.0,12
470900,Paris,Caesar,JAMS,SEASHELLS,6476.0,5
471700,Paris,Caesar,JAMS,SEASHELLS,6475.0,7
474100,Caesar,Paris,JAMS,SEASHELLS,6472.0,9
475100,Paris,Caesar,JAMS,SEASHELLS,6472.0,7
475400,Caesar,Paris,JAMS,SEASHELLS,6471.0,8
476100,Caesar,Paris,JAMS,SEASHELLS,6471.0,10
476300,Caesar,Paris,JAMS,SEASHELLS,6471.0,5
477000,Caesar,Paris,JAMS,SEASHELLS,6471.0,10
477500,Caesar,Paris,JAMS,SEASHELLS,6472.0,10
477600,Caesar,Paris,JAMS,SEASHELLS,6473.0,4
477800,Caesar,Paris,JAMS,SEASHELLS,6473.0,7
479400,Paris,Caesar,JAMS,SEASHELLS,6476.0,4
480300,Caesar,Camilla,JAMS,SEASHELLS,6474.0,10
480700,Caesar,Camilla,JAMS,SEASHELLS,6474.0,11
486400,Caesar,Camilla,JAMS,SEASHELLS,6471.0,6
487400,Paris,Caesar,JAMS,SEASHELLS,6472.0,9
488100,Caesar,Camilla,JAMS,SEASHELLS,6472.0,4
488200,Caesar,Paris,JAMS,SEASHELLS,6472.0,5
489000,Caesar,Camilla,JAMS,SEASHELLS,6473.0,7
489300,Caesar,Paris,JAMS,SEASHELLS,6473.0,8
489700,Caesar,Camilla,JAMS,SEASHELLS,6474.0,4
489700,Caesar,Paris,JAMS,SEASHELLS,6474.0,10
489900,Caesar,Camilla,JAMS,SEASHELLS,6474.0,4
491100,Paris,Caesar,JAMS,SEASHELLS,6475.0,8
491400,Caesar,Paris,JAMS,SEASHELLS,6474.0,6
492400,Paris,Caesar,JAMS,SEASHELLS,6478.0,9
492800,Paris,Caesar,JAMS,SEASHELLS,6479.0,8
493500,Caesar,Camilla,JAMS,SEASHELLS,6478.0,5
493800,Caesar,Camilla,JAMS,SEASHELLS,6476.0,9
494000,Paris,Caesar,JAMS,SEASHELLS,6477.0,5
495900,Caesar,Paris,JAMS,SEASHELLS,6474.0,4
496100,Paris,Caesar,JAMS,SEASHELLS,6475.0,6
496400,Paris,Caesar,JAMS,SEASHELLS,6477.0,10
497500,Caesar,Camilla,JAMS,SEASHELLS,6474.0,9
498000,Caesar,Paris,JAMS,SEASHELLS,6474.0,10
501000,Paris,Caesar,JAMS,SEASHELLS,6472.0,5
501700,Caesar,Paris,JAMS,SEASHELLS,6470.0,4
502800,Caesar,Paris,JAMS,SEASHELLS,6470.0,5
504500,Paris,Caesar,JAMS,SEASHELLS,6472.0,5
505600,Caesar,Paris,JAMS,SEASHELLS,6472.0,6
506000,Paris,Caesar,JAMS,SEASHELLS,6473.0,10
506100,Paris,Caesar,JAMS,SEASHELLS,6473.0,6
508400,Paris,Caesar,JAMS,SEASHELLS,6475.0,10
508600,Paris,Caesar,JAMS,SEASHELLS,6477.0,4
510300,Caesar,Paris,JAMS,SEASHELLS,6473.0,6
510500,Paris,Caesar,JAMS,SEASHELLS,6475.0,5
512100,Paris,Caesar,JAMS,SEASHELLS,6475.0,10
513100,Paris,Caesar,JAMS,SEASHELLS,6473.0,4
517700,Paris,Caesar,JAMS,SEASHELLS,6475.0,10
518200,Caesar,Camilla,JAMS,SEASHELLS,6473.0,5
520900,Paris,Caesar,JAMS,SEASHELLS,6474.0,10
522000,Caesar,Paris,JAMS,SEASHELLS,6473.0,7
522800,Caesar,Paris,JAMS,SEASHELLS,6472.0,10
524300,Caesar,Camilla,JAMS,SEASHELLS,6473.0,11
524400,Caesar,Camilla,JAMS,SEASHELLS,6473.0,3
524600,Paris,Caesar,JAMS,SEASHELLS,6475.0,6
524700,Paris,Caesar,JAMS,SEASHELLS,6475.0,5
524900,Caesar,Camilla,JAMS,SEASHELLS,6474.0,8
525000,Caesar,Camilla,JAMS,SEASHELLS,6475.0,12
525900,Paris,Caesar,JAMS,SEASHELLS,6479.0,10
526100,Caesar,Paris,JAMS,SEASHELLS,6476.0,5
527200,Paris,Caesar,JAMS,SEASHELLS,6478.0,10
528700,Paris,Caesar,JAMS,SEASHELLS,6478.0,5
528800,Caesar,Camilla,JAMS,SEASHELLS,6477.0,4
528900,Caesar,Paris,JAMS,SEASHELLS,6477.0,5
529100,Paris,Caesar,JAMS,SEASHELLS,6479.0,9
529700,Caesar,Camilla,JAMS,SEASHELLS,6478.0,5
530300,Caesar,Paris,JAMS,SEASHELLS,6477.0,5
531800,Caesar,Paris,JAMS,SEASHELLS,6478.0,9
533600,Caesar,Paris,JAMS,SEASHELLS,6478.0,6
533900,Paris,Caesar,JAMS,SEASHELLS,6480.0,7
534800,Caesar,Camilla,JAMS,SEASHELLS,6480.0,4
539400,Paris,Caesar,JAMS,SEASHELLS,6484.0,4
540800,Paris,Caesar,JAMS,SEASHELLS,6486.0,9
541200,Paris,Caesar,JAMS,SEASHELLS,6486.0,9
541900,Paris,Caesar,JAMS,SEASHELLS,6486.0,6
542600,Caesar,Camilla,JAMS,SEASHELLS,6484.0,4
542900,Paris,Caesar,JAMS,SEASHELLS,6485.0,9
543700,Paris,Caesar,JAMS,SEASHELLS,6486.0,9
544100,Caesar,Camilla,JAMS,SEASHELLS,6485.0,3
545400,Caesar,Camilla,JAMS,SEASHELLS,6487.0,6
546200,Caesar,Camilla,JAMS,SEASHELLS,6487.0,5
547100,Caesar,Paris,JAMS,SEASHELLS,6487.0,9
548100,Paris,Caesar,JAMS,SEASHELLS,6489.0,4
548400,Caesar,Paris,JAMS,SEASHELLS,6487.0,4
550500,Caesar,Camilla,JAMS,SEASHELLS,6491.0,11
553700,Paris,Caesar,JAMS,SEASHELLS,6492.0,5
555800,Caesar,Camilla,JAMS,SEASHELLS,6487.0,5
555900,Caesar,Paris,JAMS,SEASHELLS,6487.0,6
557000,Paris,Caesar,JAMS,SEASHELLS,6489.0,9
557100,Caesar,Paris,JAMS,SEASHELLS,6488.0,7
557700,Caesar,Paris,JAMS,SEASHELLS,6490.0,6
557800,Paris,Caesar,JAMS,SEASHELLS,6493.0,10
559300,Paris,Caesar,JAMS,SEASHELLS,6495.0,10
559800,Caesar,Paris,JAMS,SEASHELLS,6493.0,4
560200,Caesar,Camilla,JAMS,SEASHELLS,6491.0,5
560800,Caesar,Paris,JAMS,SEASHELLS,6489.0,5
561800,Paris,Camilla,JAMS,SEASHELLS,6490.0,4
562200,Caesar,Paris,JAMS,SEASHELLS,6491.0,4
562300,Caesar,Camilla,JAMS,SEASHELLS,6491.0,11
563400,Caesar,Paris,JAMS,SEASHELLS,6490.0,8
564000,Paris,Caesar,JAMS,SEASHELLS,6490.0,9
564400,Paris,Caesar,JAMS,SEASHELLS,6490.0,6
564800,Caesar,Paris,JAMS,SEASHELLS,6488.0,9
566000,Caesar,Camilla,JAMS,SEASHELLS,6489.0,7
566100,Caesar,Camilla,JAMS,SEASHELLS,6489.0,3
566200,Caesar,Camilla,JAMS,SEASHELLS,6489.0,10
566400,Caesar,Camilla,JAMS,SEASHELLS,6489.0,5
566600,Paris,Caesar,JAMS,SEASHELLS,6491.0,9
567700,Paris,Caesar,JAMS,SEASHELLS,6490.0,5
568400,Caesar,Camilla,JAMS,SEASHELLS,6488.0,12
571000,Paris,Caesar,JAMS,SEASHELLS,6486.0,9
571200,Caesar,Paris,JAMS,SEASHELLS,6485.0,7
571600,Caesar,Camilla,JAMS,SEASHELLS,6485.0,3
572700,Caesar,Camilla,JAMS,SEASHELLS,6484.0,3
573700,Paris,Caesar,JAMS,SEASHELLS,6485.0,8
575300,Paris,Caesar,JAMS,SEASHELLS,6484.0,6
575900,Paris,Caesar,JAMS,SEASHELLS,6484.0,5
577200,Caesar,Paris,JAMS,SEASHELLS,6481.0,9
577500,Caesar,Camilla,JAMS,SEASHELLS,6481.0,6
577800,Caesar,Camilla,JAMS,SEASHELLS,6482.0,5
577900,Caesar,Paris,JAMS,SEASHELLS,6482.0,6
579100,Caesar,Camilla,JAMS,SEASHELLS,6484.0,11
579600,Caesar,Paris,JAMS,SEASHELLS,6485.0,6
579900,Caesar,Camilla,JAMS,SEASHELLS,6486.0,8
580200,Caesar,Paris,JAMS,SEASHELLS,6486.0,5
580400,Caesar,Camilla,JAMS,SEASHELLS,6486.0,9
581300,Caesar,Camilla,JAMS,SEASHELLS,6488.0,10
582100,Caesar,Camilla,JAMS,SEASHELLS,6489.0,9
582300,Caesar,Paris,JAMS,SEASHELLS,6489.0,7
583800,Caesar,Camilla,JAMS,SEASHELLS,6493.0,3
585500,Caesar,Camilla,JAMS,SEASHELLS,6495.0,4
587000,Caesar,Camilla,JAMS,SEASHELLS,6495.0,3
587000,Paris,Caesar,JAMS,SEASHELLS,6497.0,5
587100,Caesar,Camilla,JAMS,SEASHELLS,6496.0,9
591400,Paris,Caesar,JAMS,SEASHELLS,6499.0,10
591700,Caesar,Paris,JAMS,SEASHELLS,6498.0,10
594600,Caesar,Paris,JAMS,SEASHELLS,6496.0,4
595100,Caesar,Camilla,JAMS,SEASHELLS,6498.0,3
595500,Caesar,Camilla,JAMS,SEASHELLS,6497.0,8
596500,Paris,Caesar,JAMS,SEASHELLS,6500.0,4
597500,Paris,Caesar,JAMS,SEASHELLS,6502.0,8
598400,Paris,Caesar,JAMS,SEASHELLS,6502.0,4
599300,Caesar,Paris,JAMS,SEASHELLS,6500.0,7
600000,Caesar,Camilla,JAMS,SEASHELLS,6499.0,4
602300,Caesar,Paris,JAMS,SEASHELLS,6495.0,8
606200,Caesar,Camilla,JAMS,SEASHELLS,6498.0,3
606500,Caesar,Camilla,JAMS,SEASHELLS,6498.0,12
608600,Caesar,Camilla,JAMS,SEASHELLS,6498.0,5
609500,Caesar,Camilla,JAMS,SEASHELLS,6499.0,8
609600,Caesar,Camilla,JAMS,SEASHELLS,6499.0,10
609600,Caesar,Paris,JAMS,SEASHELLS,6499.0,6
610200,Caesar,Paris,JAMS,SEASHELLS,6497.0,8
615100,Paris,Caesar,JAMS,SEASHELLS,6504.0,9
615300,Paris,Caesar,JAMS,SEASHELLS,6504.0,9
615800,Paris,Caesar,JAMS,SEASHELLS,6506.0,8
616500,Caesar,Camilla,JAMS,SEASHELLS,6505.0,9
616800,Caesar,Camilla,JAMS,SEASHELLS,6505.0,6
617100,Paris,Caesar,JAMS,SEASHELLS,6507.0,7
620000,Caesar,Paris,JAMS,SEASHELLS,6505.0,4
623000,Caesar,Paris,JAMS,SEASHELLS,6506.0,5
623700,Paris,Caesar,JAMS,SEASHELLS,6507.0,5
624100,Caesar,Camilla,JAMS,SEASHELLS,6505.0,5
625000,Caesar,Camilla,JAMS,SEASHELLS,6505.0,3
625000,Paris,Caesar,JAMS,SEASHELLS,6507.0,5
625400,Paris,Caesar,JAMS,SEASHELLS,6506.0,6
626300,Caesar,Camilla,JAMS,SEASHELLS,6505.0,3
627000,Caesar,Paris,JAMS,SEASHELLS,6505.0,10
628800,Paris,Caesar,JAMS,SEASHELLS,6511.0,7
629600,Camilla,Paris,JAMS,SEASHELLS,6508.0,8
630400,Caesar,Paris,JAMS,SEASHELLS,6506.0,7
631700,Caesar,Camilla,JAMS,SEASHELLS,6504.0,9
632300,Caesar,Camilla,JAMS,SEASHELLS,6503.0,6
634100,Paris,Caesar,JAMS,SEASHELLS,6505.0,7
635500,Caesar,Paris,JAMS,SEASHELLS,6503.0,7
635600,Paris,Caesar,JAMS,SEASHELLS,6504.0,8
636600,Caesar,Camilla,JAMS,SEASHELLS,6501.0,3
637000,Paris,Caesar,JAMS,SEASHELLS,6503.0,4
639300,Caesar,Camilla,JAMS,SEASHELLS,6499.0,11
640300,Paris,Caesar,JAMS,SEASHELLS,6499.0,5
641100,Caesar,Camilla,JAMS,SEASHELLS,6498.0,10
641600,Caesar,Paris,JAMS,SEASHELLS,6497.0,10
642600,Caesar,Camilla,JAMS,SEASHELLS,6498.0,6
642600,Caesar,Paris,JAMS,SEASHELLS,6498.0,7
644600,Caesar,Paris,JAMS,SEASHELLS,6501.0,10
646100,Caesar,Paris,JAMS,SEASHELLS,6501.0,8
648800,Caesar,Paris,JAMS,SEASHELLS,6498.0,8
649700,Caesar,Paris,JAMS,SEASHELLS,6498.0,10
652300,Caesar,Camilla,JAMS,SEASHELLS,6502.0,6
652400,Caesar,Paris,JAMS,SEASHELLS,6502.0,4
652600,Camilla,Paris,JAMS,SEASHELLS,6504.0,3
652700,Caesar,Camilla,JAMS,SEASHELLS,6503.0,7
654400,Paris,Caesar,JAMS,SEASHELLS,6505.0,10
655700,Caesar,Camilla,JAMS,SEASHELLS,6503.0,12
657000,Paris,Caesar,JAMS,SEASHELLS,6504.0,8
657500,Paris,Caesar,JAMS,SEASHELLS,6505.0,4
657600,Caesar,Camilla,JAMS,SEASHELLS,6503.0,10
657800,Paris,Caesar,JAMS,SEASHELLS,6504.0,8
658200,Paris,Caesar,JAMS,SEASHELLS,6504.0,7
658500,Caesar,Paris,JAMS,SEASHELLS,6504.0,4
660000,Caesar,Paris,JAMS,SEASHELLS,6506.0,8
660700,Paris,Caesar,JAMS,SEASHELLS,6508.0,6
661200,Caesar,Paris,JAMS,SEASHELLS,6507.0,10
661500,Paris,Caesar,JAMS,SEASHELLS,6509.0,7
663400,Caesar,Camilla,JAMS,SEASHELLS,6508.0,8
665200,Caesar,Camilla,JAMS,SEASHELLS,6508.0,7
665600,Paris,Caesar,JAMS,SEASHELLS,6509.0,9
666600,Paris,Caesar,JAMS,SEASHELLS,6510.0,8
666900,Caesar,Camilla,JAMS,SEASHELLS,6508.0,12
667100,Caesar,Camilla,JAMS,SEASHELLS,6507.0,7
668100,Caesar,Paris,JAMS,SEASHELLS,6508.0,7
668700,Caesar,Camilla,JAMS,SEASHELLS,6509.0,8
670400,Paris,Caesar,JAMS,SEASHELLS,6510.0,6
671300,Caesar,Paris,JAMS,SEASHELLS,6508.0,4
671400,Paris,Caesar,JAMS,SEASHELLS,6510.0,5
672100,Paris,Caesar,JAMS,SEASHELLS,6510.0,5
672200,Paris,Caesar,JAMS,SEASHELLS,6510.0,8
672600,Caesar,Paris,JAMS,SEASHELLS,6509.0,10
674300,Paris,Caesar,JAMS,SEASHELLS,6513.0,5
675800,Caesar,Paris,JAMS,SEASHELLS,6511.0,8
676300,Caesar,Paris,JAMS,SEASHELLS,6510.0,5
676800,Caesar,Camilla,JAMS,SEASHELLS,6510.0,12
677200,Caesar,Paris,JAMS,SEASHELLS,6511.0,6
677600,Caesar,Camilla,JAMS,SEASHELLS,6511.0,6
681000,Caesar,Camilla,JAMS,SEASHELLS,6512.0,5
681500,Caesar,Camilla,JAMS,SEASHELLS,6512.0,11
682600,Caesar,Paris,JAMS,SEASHELLS,6512.0,8
683200,Caesar,Paris,JAMS,SEASHELLS,6512.0,5
683900,Caesar,Paris,JAMS,SEASHELLS,6513.0,5
684400,Caesar,Paris,JAMS,SEASHELLS,6514.0,9
684600,Caesar,Camilla,JAMS,SEASHELLS,6515.0,6
685200,Caesar,Paris,JAMS,SEASHELLS,6517.0,9
685300,Caesar,Camilla,JAMS,SEASHELLS,6517.0,8
687000,Caesar,Camilla,JAMS,SEASHELLS,6520.0,3
687100,Caesar,Paris,JAMS,SEASHELLS,6520.0,9
687300,Caesar,Paris,JAMS,SEASHELLS,6520.0,4
688000,Paris,Caesar,JAMS,SEASHELLS,6522.0,5
688200,Caesar,Camilla,JAMS,SEASHELLS,6520.0,7
688600,Caesar,Camilla,JAMS,SEASHELLS,6521.0,10
689400,Paris,Caesar,JAMS,SEASHELLS,6519.0,8
689900,Paris,Caesar,JAMS,SEASHELLS,6518.0,5
691700,Caesar,Paris,JAMS,SEASHELLS,6516.0,4
692000,Caesar,Paris,JAMS,SEASHELLS,6516.0,6
692700,Paris,Caesar,JAMS,SEASHELLS,6518.0,4
693200,Paris,Caesar,JAMS,SEASHELLS,6518.0,8
693400,Caesar,Paris,JAMS,SEASHELLS,6517.0,6
696000,Paris,Caesar,JAMS,SEASHELLS,6519.0,5
697100,Caesar,Camilla,JAMS,SEASHELLS,6518.0,3
698200,Paris,Caesar,JAMS,SEASHELLS,6516.0,6
698900,Paris,Caesar,JAMS,SEASHELLS,6516.0,4
703900,Paris,Caesar,JAMS,SEASHELLS,6520.0,5
705300,Caesar,Paris,JAMS,SEASHELLS,6519.0,7
705400,Caesar,Camilla,JAMS,SEASHELLS,6519.0,5
705600,Caesar,Paris,JAMS,SEASHELLS,6518.0,9
705900,Caesar,Paris,JAMS,SEASHELLS,6518.0,5
706200,Paris,Caesar,JAMS,SEASHELLS,6520.0,5
706900,Paris,Caesar,JAMS,SEASHELLS,6521.0,7
708100,Paris,Caesar,JAMS,SEASHELLS,6521.0,8
708600,Caesar,Paris,JAMS,SEASHELLS,6519.0,5
709700,Caesar,Paris,JAMS,SEASHELLS,6519.0,6
710300,Paris,Caesar,JAMS,SEASHELLS,6521.0,6
710500,Paris,Camilla,JAMS,SEASHELLS,6520.0,7
710800,Camilla,Paris,JAMS,SEASHELLS,6520.0,4
713300,Caesar,Paris,JAMS,SEASHELLS,6518.0,10
714200,Caesar,Paris,JAMS,SEASHELLS,6518.0,4
715200,Caesar,Paris,JAMS,SEASHELLS,6517.0,6
716000,Paris,Caesar,JAMS,SEASHELLS,6518.0,8
716500,Paris,Caesar,JAMS,SEASHELLS,6517.0,4
717600,Paris,Caesar,JAMS,SEASHELLS,6517.0,9
718100,Caesar,Camilla,JAMS,SEASHELLS,6517.0,4
718100,Paris,Caesar,JAMS,SEASHELLS,6518.0,8
719900,Caesar,Camilla,JAMS,SEASHELLS,6517.0,9
722000,Caesar,Paris,JAMS,SEASHELLS,6515.0,4
722300,Caesar,Camilla,JAMS,SEASHELLS,6516.0,11
723600,Paris,Caesar,JAMS,SEASHELLS,6518.0,6
724200,Paris,Caesar,JAMS,SEASHELLS,6518.0,6
724800,Paris,Caesar,JAMS,SEASHELLS,6518.0,9
725000,Caesar,Paris,JAMS,SEASHELLS,6517.0,5
726300,Caesar,Camilla,JAMS,SEASHELLS,6516.0,8
726300,Paris,Caesar,JAMS,SEASHELLS,6518.0,8
726800,Caesar,Paris,JAMS,SEASHELLS,6516.0,5
728500,Caesar,Paris,JAMS,SEASHELLS,6515.0,6
729100,Paris,Caesar,JAMS,SEASHELLS,6516.0,6
729600,Caesar,Paris,JAMS,SEASHELLS,6514.0,9
731500,Caesar,Paris,JAMS,SEASHELLS,6511.0,6
731800,Paris,Caesar,JAMS,SEASHELLS,6513.0,7
733800,Caesar,Camilla,JAMS,SEASHELLS,6509.0,5
735200,Caesar,Paris,JAMS,SEASHELLS,6508.0,4
735400,Caesar,Camilla,JAMS,SEASHELLS,6508.0,8
735800,Caesar,Camilla,JAMS,SEASHELLS,6509.0,6
736000,Caesar,Paris,JAMS,SEASHELLS,6509.0,5
736100,Paris,Caesar,JAMS,SEASHELLS,6512.0,6
736200,Caesar,Paris,JAMS,SEASHELLS,6510.0,5
736400,Caesar,Camilla,JAMS,SEASHELLS,6510.0,4
736400,Paris,Caesar,JAMS,SEASHELLS,6512.0,10
736900,Caesar,Paris,JAMS,SEASHELLS,6510.0,7
737400,Paris,Caesar,JAMS,SEASHELLS,6512.0,4
737500,Caesar,Camilla,JAMS,SEASHELLS,6510.0,4
739900,Caesar,Camilla,JAMS,SEASHELLS,6512.0,3
743700,Caesar,Paris,JAMS,SEASHELLS,6511.0,9
744000,Caesar,Camilla,JAMS,SEASHELLS,6511.0,5
745000,Caesar,Paris,JAMS,SEASHELLS,6509.0,7
746200,Paris,Caesar,JAMS,SEASHELLS,6513.0,7
746600,Caesar,Paris,JAMS,SEASHELLS,6511.0,5
747200,Caesar,Paris,JAMS,SEASHELLS,6511.0,8
748000,Caesar,Camilla,JAMS,SEASHELLS,6512.0,11
748300,Paris,Caesar,JAMS,SEASHELLS,6514.0,6
748700,Caesar,Paris,JAMS,SEASHELLS,6512.0,7
748900,Paris,Caesar,JAMS,SEASHELLS,6514.0,7
749600,Caesar,Camilla,JAMS,SEASHELLS,6512.0,8
750600,Paris,Caesar,JAMS,SEASHELLS,6513.0,4
750700,Caesar,Camilla,JAMS,SEASHELLS,6511.0,11
751100,Caesar,Camilla,JAMS,SEASHELLS,6511.0,11
753000,Paris,Caesar,JAMS,SEASHELLS,6511.0,10
753500,Caesar,Paris,JAMS,SEASHELLS,6509.0,4
754200,Caesar,Camilla,JAMS,SEASHELLS,6508.0,3
755000,Caesar,Camilla,JAMS,SEASHELLS,6509.0,5
755000,Caesar,Paris,JAMS,SEASHELLS,6509.0,8
755300,Paris,Caesar,JAMS,SEASHELLS,6510.0,9
755400,Caesar,Camilla,JAMS,SEASHELLS,6508.0,7
758600,Paris,Caesar,JAMS,SEASHELLS,6509.0,10
758800,Caesar,Paris,JAMS,SEASHELLS,6507.0,8
760600,Caesar,Paris,JAMS,SEASHELLS,6507.0,8
762800,Caesar,Paris,JAMS,SEASHELLS,6510.0,9
764700,Caesar,Paris,JAMS,SEASHELLS,6511.0,10
765800,Caesar,Paris,JAMS,SEASHELLS,6511.0,6
766300,Paris,Caesar,JAMS,SEASHELLS,6513.0,6
767000,Paris,Caesar,JAMS,SEASHELLS,6513.0,4
767400,Paris,Caesar,JAMS,SEASHELLS,6513.0,10
767600,Caesar,Paris,JAMS,SEASHELLS,6512.0,4
768500,Paris,Caesar,JAMS,SEASHELLS,6512.0,6
768700,Caesar,Paris,JAMS,SEASHELLS,6511.0,4
769100,Caesar,Camilla,JAMS,SEASHELLS,6510.0,11
769300,Caesar,Camilla,JAMS,SEASHELLS,6510.0,9
769400,Caesar,Camilla,JAMS,SEASHELLS,6510.0,9
770200,Caesar,Paris,JAMS,SEASHELLS,6509.0,8
771800,Caesar,Camilla,JAMS,SEASHELLS,6510.0,12
772300,Caesar,Camilla,JAMS,SEASHELLS,6510.0,4
772300,Caesar,Paris,JAMS,SEASHELLS,6510.0,10
776700,Paris,Caesar,JAMS,SEASHELLS,6508.0,5
777100,Caesar,Camilla,JAMS,SEASHELLS,6506.0,4
777700,Caesar,Paris,JAMS,SEASHELLS,6506.0,8
778200,Paris,Caesar,JAMS,SEASHELLS,6506.0,5
779200,Caesar,Paris,JAMS,SEASHELLS,6504.0,6
780400,Paris,Caesar,JAMS,SEASHELLS,6506.0,4
780800,Caesar,Camilla,JAMS,SEASHELLS,6505.0,4
781500,Paris,Caesar,JAMS,SEASHELLS,6505.0,6
782600,Caesar,Paris,JAMS,SEASHELLS,6502.0,5
783300,Paris,Caesar,JAMS,SEASHELLS,6505.0,6
783500,Paris,Caesar,JAMS,SEASHELLS,6507.0,6
785000,Caesar,Camilla,JAMS,SEASHELLS,6502.0,12
785500,Caesar,Paris,JAMS,SEASHELLS,6501.0,8
786900,Caesar,Paris,JAMS,SEASHELLS,6501.0,4
787100,Paris,Caesar,JAMS,SEASHELLS,6503.0,6
787300,Paris,Caesar,JAMS,SEASHELLS,6503.0,8
787700,Caesar,Paris,JAMS,SEASHELLS,6502.0,6
788700,Paris,Caesar,JAMS,SEASHELLS,6504.0,7
790000,Caesar,Camilla,JAMS,SEASHELLS,6504.0,3
790500,Caesar,Paris,JAMS,SEASHELLS,6504.0,10
790600,Paris,Caesar,JAMS,SEASHELLS,6505.0,7
791100,Paris,Caesar,JAMS,SEASHELLS,6504.0,7
791200,Caesar,Paris,JAMS,SEASHELLS,6502.0,8
792000,Paris,Caesar,JAMS,SEASHELLS,6505.0,10
793000,Caesar,Paris,JAMS,SEASHELLS,6503.0,10
793500,Caesar,Paris,JAMS,SEASHELLS,6503.0,8
794700,Paris,Caesar,JAMS,SEASHELLS,6504.0,6
795300,Paris,Caesar,JAMS,SEASHELLS,6506.0,7
795800,Paris,Caesar,JAMS,SEASHELLS,6506.0,6
796800,Caesar,Camilla,JAMS,SEASHELLS,6506.0,9
798300,Paris,Caesar,JAMS,SEASHELLS,6506.0,7
799500,Caesar,Paris,JAMS,SEASHELLS,6504.0,8
799600,Paris,Caesar,JAMS,SEASHELLS,6506.0,7
800400,Paris,Caesar,JAMS,SEASHELLS,6505.0,9
801200,Paris,Caesar,JAMS,SEASHELLS,6504.0,8
802200,Caesar,Paris,JAMS,SEASHELLS,6505.0,8
802300,Caesar,Paris,JAMS,SEASHELLS,6506.0,10
803700,Paris,Caesar,JAMS,SEASHELLS,6507.0,7
805000,Caesar,Paris,JAMS,SEASHELLS,6505.0,9
807400,Caesar,Camilla,JAMS,SEASHELLS,6507.0,7
809900,Paris,Caesar,JAMS,SEASHELLS,6506.0,5
810000,Paris,Caesar,JAMS,SEASHELLS,6506.0,7
811700,Paris,Caesar,JAMS,SEASHELLS,6506.0,4
813300,Paris,Caesar,JAMS,SEASHELLS,6508.0,5
814300,Paris,Caesar,JAMS,SEASHELLS,6510.0,10
814500,Paris,Caesar,JAMS,SEASHELLS,6509.0,5
814700,Paris,Caesar,JAMS,SEASHELLS,6509.0,10
815000,Caesar,Camilla,JAMS,SEASHELLS,6510.0,6
815000,Caesar,Paris,JAMS,SEASHELLS,6510.0,7
815200,Caesar,Paris,JAMS,SEASHELLS,6510.0,8
815900,Caesar,Camilla,JAMS,SEASHELLS,6511.0,4
816700,Caesar,Camilla,JAMS,SEASHELLS,6511.0,4
816800,Caesar,Paris,JAMS,SEASHELLS,6510.0,5
817200,Caesar,Camilla,JAMS,SEASHELLS,6511.0,9
817800,Paris,Caesar,JAMS,SEASHELLS,6513.0,5
818300,Caesar,Paris,JAMS,SEASHELLS,6511.0,9
818900,Paris,Caesar,JAMS,SEASHELLS,6513.0,6
819400,Caesar,Paris,JAMS,SEASHELLS,6513.0,6
819800,Paris,Caesar,JAMS,SEASHELLS,6517.0,4
821900,Caesar,Camilla,JAMS,SEASHELLS,6514.0,3
822800,Caesar,Camilla,JAMS,SEASHELLS,6515.0,6
823200,Paris,Caesar,JAMS,SEASHELLS,6517.0,5
823900,Caesar,Paris,JAMS,SEASHELLS,6515.0,6
824200,Paris,Caesar,JAMS,SEASHELLS,6517.0,7
824700,Paris,Caesar,JAMS,SEASHELLS,6517.0,10
825800,Caesar,Camilla,JAMS,SEASHELLS,6516.0,11
827100,Paris,Caesar,JAMS,SEASHELLS,6518.0,5
827900,Caesar,Camilla,JAMS,SEASHELLS,6516.0,12
828100,Caesar,Camilla,JAMS,SEASHELLS,6515.0,10
830100,Caesar,Camilla,JAMS,SEASHELLS,6511.0,7
830100,Paris,Caesar,JAMS,SEASHELLS,6513.0,7
830400,Caesar,Camilla,JAMS,SEASHELLS,6511.0,9
834700,Caesar,Paris,JAMS,SEASHELLS,6515.0,8
835500,Caesar,Camilla,JAMS,SEASHELLS,6515.0,11
836000,Caesar,Paris,JAMS,SEASHELLS,6515.0,4
836100,Paris,Caesar,JAMS,SEASHELLS,6517.0,9
836600,Caesar,Camilla,JAMS,SEASHELLS,6516.0,11
836700,Caesar,Paris,JAMS,SEASHELLS,6516.0,9
837800,Paris,Caesar,JAMS,SEASHELLS,6515.0,5
838200,Paris,Caesar,JAMS,SEASHELLS,6516.0,9
839700,Caesar,Camilla,JAMS,SEASHELLS,6515.0,6
839900,Caesar,Paris,JAMS,SEASHELLS,6514.0,10
840900,Caesar,Paris,JAMS,SEASHELLS,6514.0,10
842100,Paris,Caesar,JAMS,SEASHELLS,6517.0,10
842500,Caesar,Paris,JAMS,SEASHELLS,6514.0,10
843900,Caesar,Paris,JAMS,SEASHELLS,6515.0,6
844400,Caesar,Paris,JAMS,SEASHELLS,6516.0,6
845700,Caesar,Camilla,JAMS,SEASHELLS,6513.0,10
846400,Caesar,Paris,JAMS,SEASHELLS,6513.0,8
847200,Paris,Caesar,JAMS,SEASHELLS,6510.0,5
849600,Caesar,Paris,JAMS,SEASHELLS,6505.0,7
853600,Paris,Caesar,JAMS,SEASHELLS,6510.0,10
855100,Caesar,Camilla,JAMS,SEASHELLS,6509.0,3
857000,Caesar,Paris,JAMS,SEASHELLS,6508.0,4
857400,Caesar,Paris,JAMS,SEASHELLS,6507.0,10
857700,Paris,Caesar,JAMS,SEASHELLS,6509.0,10
857900,Caesar,Paris,JAMS,SEASHELLS,6507.0,5
858800,Paris,Caesar,JAMS,SEASHELLS,6509.0,5
859200,Caesar,Camilla,JAMS,SEASHELLS,6507.0,6
860700,Paris,Caesar,JAMS,SEASHELLS,6510.0,8
860800,Paris,Caesar,JAMS,SEASHELLS,6510.0,6
863500,Paris,Caesar,JAMS,SEASHELLS,6510.0,5
863900,Caesar,Camilla,JAMS,SEASHELLS,6508.0,8
864900,Caesar,Paris,JAMS,SEASHELLS,6509.0,10
865100,Caesar,Paris,JAMS,SEASHELLS,6509.0,10
865700,Caesar,Paris,JAMS,SEASHELLS,6509.0,5
866000,Paris,Caesar,JAMS,SEASHELLS,6511.0,9
866300,Caesar,Paris,JAMS,SEASHELLS,6509.0,6
867000,Caesar,Camilla,JAMS,SEASHELLS,6510.0,10
867400,Caesar,Paris,JAMS,SEASHELLS,6510.0,7
867700,Paris,Caesar,JAMS,SEASHELLS,6510.0,8
867900,Caesar,Paris,JAMS,SEASHELLS,6508.0,8
868900,Paris,Caesar,JAMS,SEASHELLS,6509.0,5
869100,Paris,Caesar,JAMS,SEASHELLS,6510.0,8
869400,Paris,Caesar,JAMS,SEASHELLS,6510.0,6
870700,Paris,Caesar,JAMS,SEASHELLS,6511.0,7
871900,Caesar,Paris,JAMS,SEASHELLS,6509.0,8
872000,Caesar,Camilla,JAMS,SEASHELLS,6509.0,8
873100,Paris,Camilla,JAMS,SEASHELLS,6509.0,7
873600,Paris,Caesar,JAMS,SEASHELLS,6511.0,8
875200,Paris,Caesar,JAMS,SEASHELLS,6512.0,7
875400,Caesar,Paris,JAMS,SEASHELLS,6510.0,7
876900,Caesar,Paris,JAMS,SEASHELLS,6511.0,9
877000,Paris,Caesar,JAMS,SEASHELLS,6513.0,10
878500,Caesar,Camilla,JAMS,SEASHELLS,6512.0,10
878500,Paris,Caesar,JAMS,SEASHELLS,6514.0,9
880000,Paris,Camilla,JAMS,SEASHELLS,6511.0,9
880800,Paris,Caesar,JAMS,SEASHELLS,6512.0,8
880900,Paris,Caesar,JAMS,SEASHELLS,6512.0,10
881000,Caesar,Camilla,JAMS,SEASHELLS,6510.0,9
881600,Caesar,Camilla,JAMS,SEASHELLS,6510.0,5
881600,Paris,Caesar,JAMS,SEASHELLS,6511.0,6
881800,Caesar,Paris,JAMS,SEASHELLS,6510.0,9
883400,Caesar,Camilla,JAMS,SEASHELLS,6511.0,11
884300,Caesar,Paris,JAMS,SEASHELLS,6510.0,4
885000,Caesar,Paris,JAMS,SEASHELLS,6510.0,6
885300,Caesar,Paris,JAMS,SEASHELLS,6510.0,9
886000,Paris,Caesar,JAMS,SEASHELLS,6512.0,4
888600,Paris,Caesar,JAMS,SEASHELLS,6519.0,10
889300,Caesar,Paris,JAMS,SEASHELLS,6517.0,9
889500,Paris,Caesar,JAMS,SEASHELLS,6518.0,10
889800,Caesar,Paris,JAMS,SEASHELLS,6516.0,10
890000,Caesar,Paris,JAMS,SEASHELLS,6515.0,8
890100,Caesar,Camilla,JAMS,SEASHELLS,6514.0,4
891400,Paris,Caesar,JAMS,SEASHELLS,6516.0,4
891700,Paris,Caesar,JAMS,SEASHELLS,6516.0,6
892100,Caesar,Paris,JAMS,SEASHELLS,6515.0,6
892700,Caesar,Camilla,JAMS,SEASHELLS,6516.0,12
892800,Caesar,Camilla,JAMS,SEASHELLS,6516.0,9
894900,Caesar,Camilla,JAMS,SEASHELLS,6516.0,12
895500,Caesar,Paris,JAMS,SEASHELLS,6516.0,8
897000,Caesar,Paris,JAMS,SEASHELLS,6516.0,7
897100,Caesar,Paris,JAMS,SEASHELLS,6517.0,8
897200,Paris,Caesar,JAMS,SEASHELLS,6519.0,6
897800,Caesar,Camilla,JAMS,SEASHELLS,6518.0,3
900200,Caesar,Camilla,JAMS,SEASHELLS,6516.0,8
901500,Caesar,Paris,JAMS,SEASHELLS,6516.0,4
904700,Paris,Caesar,JAMS,SEASHELLS,6518.0,6
905100,Caesar,Paris,JAMS,SEASHELLS,6517.0,7
905300,Caesar,Paris,JAMS,SEASHELLS,6517.0,7
905400,Caesar,Camilla,JAMS,SEASHELLS,6517.0,4
906100,Caesar,Paris,JAMS,SEASHELLS,6517.0,4
906700,Caesar,Camilla,JAMS,SEASHELLS,6519.0,7
909600,Caesar,Paris,JAMS,SEASHELLS,6517.0,9
910100,Caesar,Paris,JAMS,SEASHELLS,6517.0,9
911200,Paris,Caesar,JAMS,SEASHELLS,6519.0,10
911600,Paris,Caesar,JAMS,SEASHELLS,6518.0,8
913300,Caesar,Paris,JAMS,SEASHELLS,6515.0,5
913600,Paris,Caesar,JAMS,SEASHELLS,6517.0,9
914600,Caesar,Camilla,JAMS,SEASHELLS,6515.0,4
915200,Caesar,Paris,JAMS,SEASHELLS,6515.0,5
916200,Caesar,Paris,JAMS,SEASHELLS,6517.0,9
916300,Caesar,Camilla,JAMS,SEASHELLS,6517.0,3
916700,Caesar,Camilla,JAMS,SEASHELLS,6517.0,3
916900,Caesar,Camilla,JAMS,SEASHELLS,6517.0,6
917000,Caesar,Paris,JAMS,SEASHELLS,6517.0,10
919400,Paris,Caesar,JAMS,SEASHELLS,6520.0,10
919500,Caesar,Camilla,JAMS,SEASHELLS,6518.0,10
924600,Caesar,Paris,JAMS,SEASHELLS,6522.0,7
924700,Paris,Caesar,JAMS,SEASHELLS,6525.0,8
925400,Paris,Caesar,JAMS,SEASHELLS,6523.0,5
927100,Caesar,Paris,JAMS,SEASHELLS,6522.0,4
927700,Caesar,Paris,JAMS,SEASHELLS,6521.0,7
928000,Caesar,Camilla,JAMS,SEASHELLS,6520.0,11
928200,Caesar,Paris,JAMS,SEASHELLS,6519.0,6
928400,Paris,Caesar,JAMS,SEASHELLS,6521.0,6
929400,Caesar,Paris,JAMS,SEASHELLS,6516.0,7
929800,Paris,Caesar,JAMS,SEASHELLS,6518.0,9
930700,Caesar,Paris,JAMS,SEASHELLS,6517.0,8
930800,Caesar,Camilla,JAMS,SEASHELLS,6517.0,6
931500,Caesar,Camilla,JAMS,SEASHELLS,6516.0,7
934400,Caesar,Paris,JAMS,SEASHELLS,6518.0,7
934900,Caesar,Camilla,JAMS,SEASHELLS,6519.0,8
936200,Caesar,Camilla,JAMS,SEASHELLS,6520.0,3
936400,Caesar,Paris,JAMS,SEASHELLS,6520.0,9
936500,Caesar,Paris,JAMS,SEASHELLS,6520.0,8
937400,Caesar,Paris,JAMS,SEASHELLS,6519.0,6
937600,Paris,Caesar,JAMS,SEASHELLS,6521.0,9
938000,Caesar,Camilla,JAMS,SEASHELLS,6519.0,5
938600,Caesar,Paris,JAMS,SEASHELLS,6517.0,7
938700,Caesar,Paris,JAMS,SEASHELLS,6517.0,4
942900,Caesar,Camilla,JAMS,SEASHELLS,6516.0,3
943300,Caesar,Camilla,JAMS,SEASHELLS,6517.0,10
945200,Caesar,Camilla,JAMS,SEASHELLS,6518.0,7
945900,Caesar,Camilla,JAMS,SEASHELLS,6517.0,3
947400,Paris,Caesar,JAMS,SEASHELLS,6517.0,9
950100,Caesar,Paris,JAMS,SEASHELLS,6518.0,5
951200,Caesar,Camilla,JAMS,SEASHELLS,6518.0,10
951700,Caesar,Camilla,JAMS,SEASHELLS,6518.0,11
952500,Caesar,Paris,JAMS,SEASHELLS,6516.0,5
953700,Caesar,Camilla,JAMS,SEASHELLS,6518.0,12
955100,Caesar,Camilla,JAMS,SEASHELLS,6521.0,11
958500,Caesar,Paris,JAMS,SEASHELLS,6524.0,9
958800,Paris,Caesar,JAMS,SEASHELLS,6526.0,6
958900,Caesar,Paris,JAMS,SEASHELLS,6524.0,6
959400,Caesar,Camilla,JAMS,SEASHELLS,6525.0,4
961200,Paris,Caesar,JAMS,SEASHELLS,6527.0,4
961400,Caesar,Camilla,JAMS,SEASHELLS,6525.0,12
961400,Paris,Caesar,JAMS,SEASHELLS,6527.0,8
962100,Caesar,Camilla,JAMS,SEASHELLS,6523.0,7
962400,Caesar,Camilla,JAMS,SEASHELLS,6523.0,9
963100,Caesar,Camilla,JAMS,SEASHELLS,6523.0,8
964200,Caesar,Camilla,JAMS,SEASHELLS,6523.0,7
964500,Paris,Caesar,JAMS,SEASHELLS,6525.0,8
966100,Paris,Camilla,JAMS,SEASHELLS,6524.0,6
966500,Caesar,Camilla,JAMS,SEASHELLS,6523.0,11
967300,Caesar,Camilla,JAMS,SEASHELLS,6523.0,12
970900,Caesar,Paris,JAMS,SEASHELLS,6530.0,7
972600,Caesar,Camilla,JAMS,SEASHELLS,6531.0,3
973200,Caesar,Camilla,JAMS,SEASHELLS,6530.0,3
973900,Paris,Caesar,JAMS,SEASHELLS,6532.0,10
974600,Paris,Caesar,JAMS,SEASHELLS,6533.0,4
975100,Caesar,Paris,JAMS,SEASHELLS,6530.0,9
976100,Paris,Caesar,JAMS,SEASHELLS,6532.0,8
976800,Caesar,Paris,JAMS,SEASHELLS,6529.0,7
977400,Paris,Caesar,JAMS,SEASHELLS,6530.0,10
977800,Caesar,Camilla,JAMS,SEASHELLS,6528.0,3
979900,Paris,Camilla,JAMS,SEASHELLS,6529.0,4
981500,Caesar,Camilla,JAMS,SEASHELLS,6528.0,6
983100,Caesar,Camilla,JAMS,SEASHELLS,6528.0,3
983300,Caesar,Camilla,JAMS,SEASHELLS,6528.0,10
986400,Paris,Caesar,JAMS,SEASHELLS,6529.0,8
986600,Paris,Caesar,JAMS,SEASHELLS,6529.0,7
986700,Caesar,Paris,JAMS,SEASHELLS,6527.0,8
986900,Camilla,Paris,JAMS,SEASHELLS,6528.0,7
987400,Paris,Caesar,JAMS,SEASHELLS,6529.0,9
987900,Caesar,Camilla,JAMS,SEASHELLS,6527.0,4
988800,Caesar,Paris,JAMS,SEASHELLS,6527.0,6
989000,Caesar,Paris,JAMS,SEASHELLS,6527.0,6
990000,Caesar,Camilla,JAMS,SEASHELLS,6525.0,12
991000,Paris,Caesar,JAMS,SEASHELLS,6526.0,6
991400,Caesar,Camilla,JAMS,SEASHELLS,6525.0,3
992600,Caesar,Camilla,JAMS,SEASHELLS,6525.0,6
992800,Caesar,Paris,JAMS,SEASHELLS,6525.0,8
993000,Caesar,Camilla,JAMS,SEASHELLS,6525.0,8
994300,Caesar,Paris,JAMS,SEASHELLS,6524.0,10
994500,Caesar,Paris,JAMS,SEASHELLS,6524.0,7
995400,Paris,Caesar,JAMS,SEASHELLS,6526.0,4
995500,Caesar,Paris,JAMS,SEASHELLS,6525.0,9
997200,Paris,Caesar,JAMS,SEASHELLS,6525.0,6
997700,Paris,Caesar,JAMS,SEASHELLS,6526.0,5
998400,Paris,Caesar,JAMS,SEASHELLS,6527.0,4
1000000,Caesar,Paris,JAMS,SEASHELLS,6522.0,6
1000300,Paris,Caesar,JAMS,SEASHELLS,6523.0,10
1000900,Paris,Caesar,JAMS,SEASHELLS,6523.0,9
1001100,Paris,Caesar,JAMS,SEASHELLS,6523.0,5
1002000,Paris,Caesar,JAMS,SEASHELLS,6519.0,4
1002500,Caesar,Paris,JAMS,SEASHELLS,6516.0,9
1002700,Caesar,Camilla,JAMS,SEASHELLS,6516.0,5
1002700,Paris,Caesar,JAMS,SEASHELLS,6518.0,9
1004700,Caesar,Camilla,JAMS,SEASHELLS,6515.0,6
1008800,Caesar,Camilla,JAMS,SEASHELLS,6512.0,4
1011600,Paris,Caesar,JAMS,SEASHELLS,6515.0,8
1012000,Caesar,Paris,JAMS,SEASHELLS,6514.0,7
1014500,Caesar,Camilla,JAMS,SEASHELLS,6515.0,3
1016100,Caesar,Paris,JAMS,SEASHELLS,6514.0,9
1017300,Caesar,Camilla,JAMS,SEASHELLS,6514.0,11
1017700,Paris,Camilla,JAMS,SEASHELLS,6514.0,8
1018000,Caesar,Paris,JAMS,SEASHELLS,6512.0,8
1018300,Caesar,Paris,JAMS,SEASHELLS,6512.0,8
1019100,Paris,Caesar,JAMS,SEASHELLS,6515.0,5
1019200,Paris,Camilla,JAMS,SEASHELLS,6514.0,3
1020500,Caesar,Paris,JAMS,SEASHELLS,6514.0,10
1020700,Paris,Caesar,JAMS,SEASHELLS,6515.0,6
1021300,Caesar,Paris,JAMS,SEASHELLS,6513.0,5
1022900,Paris,Caesar,JAMS,SEASHELLS,6512.0,9
1023900,Caesar,Paris,JAMS,SEASHELLS,6510.0,6
1024200,Caesar,Paris,JAMS,SEASHELLS,6512.0,5
1025300,Caesar,Paris,JAMS,SEASHELLS,6511.0,8
1025500,Paris,Caesar,JAMS,SEASHELLS,6513.0,4
1026200,Caesar,Camilla,JAMS,SEASHELLS,6512.0,12
1026500,Caesar,Camilla,JAMS,SEASHELLS,6512.0,6
1026800,Caesar,Paris,JAMS,SEASHELLS,6514.0,7
1027300,Caesar,Paris,JAMS,SEASHELLS,6516.0,8
1027500,Caesar,Camilla,JAMS,SEASHELLS,6515.0,4
1029200,Caesar,Camilla,JAMS,SEASHELLS,6516.0,6
1030400,Paris,Caesar,JAMS,SEASHELLS,6518.0,9
1030900,Caesar,Paris,JAMS,SEASHELLS,6515.0,10
1033300,Caesar,Paris,JAMS,SEASHELLS,6514.0,4
1033400,Caesar,Paris,JAMS,SEASHELLS,6513.0,4
1034400,Caesar,Camilla,JAMS,SEASHELLS,6514.0,5
1034400,Caesar,Paris,JAMS,SEASHELLS,6514.0,4
1034800,Caesar,Camilla,JAMS,SEASHELLS,6514.0,11
1036800,Caesar,Camilla,JAMS,SEASHELLS,6513.0,4
1037400,Paris,Caesar,JAMS,SEASHELLS,6515.0,4
1037600,Paris,Caesar,JAMS,SEASHELLS,6515.0,6
1040400,Caesar,Paris,JAMS,SEASHELLS,6513.0,6
1040800,Paris,Caesar,JAMS,SEASHELLS,6515.0,5
1040900,Caesar,Paris,JAMS,SEASHELLS,6514.0,9
1041100,Caesar,Paris,JAMS,SEASHELLS,6514.0,9
1042600,Paris,Caesar,JAMS,SEASHELLS,6516.0,8
1042700,Caesar,Paris,JAMS,SEASHELLS,6514.0,4
1044600,Caesar,Camilla,JAMS,SEASHELLS,6516.0,5
1044700,Caesar,Paris,JAMS,SEASHELLS,6515.0,6
1045300,Paris,Caesar,JAMS,SEASHELLS,6517.0,4
1045500,Paris,Caesar,JAMS,SEASHELLS,6517.0,6
1049000,Paris,Caesar,JAMS,SEASHELLS,6519.0,9
1049100,Caesar,Camilla,JAMS,SEASHELLS,6518.0,9
1049300,Caesar,Camilla,JAMS,SEASHELLS,6518.0,12
1050400,Caesar,Paris,JAMS,SEASHELLS,6521.0,7
1050900,Caesar,Camilla,JAMS,SEASHELLS,6522.0,7
1050900,Caesar,Paris,JAMS,SEASHELLS,6522.0,4
1053100,Caesar,Paris,JAMS,SEASHELLS,6523.0,4
1053900,Paris,Caesar,JAMS,SEASHELLS,6524.0,5
1055400,Paris,Caesar,JAMS,SEASHELLS,6521.0,5
1055500,Paris,Caesar,JAMS,SEASHELLS,6521.0,9
1055600,Caesar,Paris,JAMS,SEASHELLS,6520.0,8
1055800,Paris,Caesar,JAMS,SEASHELLS,6522.0,5
1056500,Caesar,Paris,JAMS,SEASHELLS,6520.0,5
1057000,Caesar,Camilla,JAMS,SEASHELLS,6522.0,4
1057000,Paris,Caesar,JAMS,SEASHELLS,6524.0,8
1058600,Paris,Caesar,JAMS,SEASHELLS,6525.0,8
1059300,Caesar,Camilla,JAMS,SEASHELLS,6524.0,10
1059600,Caesar,Paris,JAMS,SEASHELLS,6524.0,6
1059900,Caesar,Paris,JAMS,SEASHELLS,6524.0,7
1060400,Caesar,Camilla,JAMS,SEASHELLS,6524.0,4
1060400,Paris,Caesar,JAMS,SEASHELLS,6526.0,10
1060600,Paris,Caesar,JAMS,SEASHELLS,6526.0,6
1060900,Caesar,Camilla,JAMS,SEASHELLS,6524.0,6
1061900,Paris,Caesar,JAMS,SEASHELLS,6524.0,8
1062800,Camilla,Paris,JAMS,SEASHELLS,6522.0,7
1063800,Caesar,Camilla,JAMS,SEASHELLS,6520.0,4
1064000,Caesar,Paris,JAMS,SEASHELLS,6519.0,10
1064400,Caesar,Camilla,JAMS,SEASHELLS,6519.0,5
1065900,Caesar,Camilla,JAMS,SEASHELLS,6520.0,10
1067400,Paris,Caesar,JAMS,SEASHELLS,6523.0,8
1068900,Caesar,Paris,JAMS,SEASHELLS,6520.0,10
1071300,Caesar,Paris,JAMS,SEASHELLS,6519.0,6
1074600,Caesar,Paris,JAMS,SEASHELLS,6517.0,8
1075900,Paris,Caesar,JAMS,SEASHELLS,6517.0,5
1078800,Caesar,Camilla,JAMS,SEASHELLS,6517.0,11
1079700,Caesar,Camilla,JAMS,SEASHELLS,6517.0,5
1080800,Caesar,Camilla,JAMS,SEASHELLS,6518.0,4
1081000,Caesar,Paris,JAMS,SEASHELLS,6518.0,6
1082000,Caesar,Camilla,JAMS,SEASHELLS,6517.0,7
1082200,Caesar,Paris,JAMS,SEASHELLS,6516.0,10
1083200,Caesar,Paris,JAMS,SEASHELLS,6516.0,6
1083400,Caesar,Camilla,JAMS,SEASHELLS,6516.0,8
1083600,Caesar,Paris,JAMS,SEASHELLS,6517.0,6
1085900,Caesar,Camilla,JAMS,SEASHELLS,6515.0,5
1086300,Caesar,Paris,JAMS,SEASHELLS,6515.0,6
1087400,Paris,Caesar,JAMS,SEASHELLS,6516.0,8
1088700,Caesar,Camilla,JAMS,SEASHELLS,6514.0,8
1089200,Caesar,Paris,JAMS,SEASHELLS,6514.0,10
1089600,Caesar,Camilla,JAMS,SEASHELLS,6514.0,8
1090800,Caesar,Camilla,JAMS,SEASHELLS,6516.0,8
1092000,Caesar,Camilla,JAMS,SEASHELLS,6516.0,4
1093600,Caesar,Camilla,JAMS,SEASHELLS,6516.0,3
1094500,Paris,Caesar,JAMS,SEASHELLS,6516.0,8
1094600,Paris,Caesar,JAMS,SEASHELLS,6516.0,4
1094800,Paris,Caesar,JAMS,SEASHELLS,6516.0,10
1097500,Paris,Caesar,JAMS,SEASHELLS,6518.0,10
1098600,Caesar,Camilla,JAMS,SEASHELLS,6516.0,10
1099500,Caesar,Paris,JAMS,SEASHELLS,6516.0,8
1100800,Paris,Caesar,JAMS,SEASHELLS,6517.0,5
1102100,Caesar,Camilla,JAMS,SEASHELLS,6516.0,6
1103900,Caesar,Camilla,JAMS,SEASHELLS,6518.0,9
1104300,Caesar,Camilla,JAMS,SEASHELLS,6519.0,8
1104400,Caesar,Paris,JAMS,SEASHELLS,6519.0,4
1104800,Paris,Caesar,JAMS,SEASHELLS,6520.0,4
1106100,Paris,Caesar,JAMS,SEASHELLS,6519.0,10
1107900,Paris,Caesar,JAMS,SEASHELLS,6519.0,8
1108000,Caesar,Paris,JAMS,SEASHELLS,6517.0,4
1108600,Paris,Caesar,JAMS,SEASHELLS,6519.0,6
1109400,Paris,Caesar,JAMS,SEASHELLS,6519.0,8
1109500,Caesar,Camilla,JAMS,SEASHELLS,6518.0,3
1112700,Caesar,Camilla,JAMS,SEASHELLS,6518.0,3
1112900,Caesar,Paris,JAMS,SEASHELLS,6518.0,9
1113200,Paris,Caesar,JAMS,SEASHELLS,6520.0,8
1113500,Paris,Caesar,JAMS,SEASHELLS,6520.0,5
1115600,Caesar,Paris,JAMS,SEASHELLS,6519.0,5
1115700,Caesar,Camilla,JAMS,SEASHELLS,6519.0,11
1115800,Paris,Caesar,JAMS,SEASHELLS,6521.0,9
1116000,Paris,Caesar,JAMS,SEASHELLS,6521.0,4
1116100,Caesar,Paris,JAMS,SEASHELLS,6519.0,9
1117200,Paris,Caesar,JAMS,SEASHELLS,6521.0,5
1117300,Paris,Caesar,JAMS,SEASHELLS,6521.0,8
1118100,Paris,Caesar,JAMS,SEASHELLS,6521.0,4
1119100,Paris,Caesar,JAMS,SEASHELLS,6521.0,6
1119600,Caesar,Paris,JAMS,SEASHELLS,6519.0,9
1119700,Caesar,Paris,JAMS,SEASHELLS,6518.0,6
1120600,Caesar,Camilla,JAMS,SEASHELLS,6519.0,3
1121000,Caesar,Paris,JAMS,SEASHELLS,6519.0,8
1121200,Caesar,Camilla,JAMS,SEASHELLS,6519.0,3
1122300,Caesar,Camilla,JAMS,SEASHELLS,6519.0,4
1123100,Caesar,Paris,JAMS,SEASHELLS,6518.0,7
1123300,Caesar,Paris,JAMS,SEASHELLS,6519.0,7
1124600,Caesar,Paris,JAMS,SEASHELLS,6518.0,4
1125200,Caesar,Paris,JAMS,SEASHELLS,6519.0,6
1126900,Caesar,Camilla,JAMS,SEASHELLS,6520.0,5
1127100,Caesar,Paris,JAMS,SEASHELLS,6520.0,8
1127200,Caesar,Paris,JAMS,SEASHELLS,6520.0,8
1128600,Paris,Caesar,JAMS,SEASHELLS,6520.0,10
1128900,Caesar,Paris,JAMS,SEASHELLS,6517.0,10
1130200,Caesar,Paris,JAMS,SEASHELLS,6516.0,5
1131300,Caesar,Paris,JAMS,SEASHELLS,6516.0,7
1131900,Caesar,Paris,JAMS,SEASHELLS,6517.0,4
1133200,Caesar,Paris,JAMS,SEASHELLS,6517.0,10
1134000,Caesar,Camilla,JAMS,SEASHELLS,6516.0,12
1134800,Caesar,Camilla,JAMS,SEASHELLS,6516.0,6
1135000,Caesar,Camilla,JAMS,SEASHELLS,6516.0,5
1135300,Paris,Caesar,JAMS,SEASHELLS,6518.0,8
1135600,Caesar,Camilla,JAMS,SEASHELLS,6516.0,4
1136900,Paris,Caesar,JAMS,SEASHELLS,6520.0,5
1137300,Caesar,Camilla,JAMS,SEASHELLS,6518.0,12
1137700,Caesar,Camilla,JAMS,SEASHELLS,6518.0,3
1137800,Caesar,Camilla,JAMS,SEASHELLS,6518.0,12
1139500,Caesar,Paris,JAMS,SEASHELLS,6518.0,5
1140400,Paris,Caesar,JAMS,SEASHELLS,6519.0,6
1141500,Caesar,Camilla,JAMS,SEASHELLS,6518.0,8
1141500,Paris,Caesar,JAMS,SEASHELLS,6519.0,4
1143800,Caesar,Camilla,JAMS,SEASHELLS,6520.0,12
1145600,Caesar,Paris,JAMS,SEASHELLS,6522.0,10
1145700,Caesar,Paris,JAMS,SEASHELLS,6522.0,6
1146300,Caesar,Paris,JAMS,SEASHELLS,6520.0,10
1148000,Caesar,Paris,JAMS,SEASHELLS,6520.0,10
1148600,Caesar,Paris,JAMS,SEASHELLS,6521.0,4
1149600,Caesar,Paris,JAMS,SEASHELLS,6520.0,10
1152100,Paris,Caesar,JAMS,SEASHELLS,6525.0,4
1152300,Paris,Caesar,JAMS,SEASHELLS,6526.0,7
1152700,Paris,Caesar,JAMS,SEASHELLS,6526.0,5
1153400,Caesar,Paris,JAMS,SEASHELLS,6526.0,8
1153700,Caesar,Paris,JAMS,SEASHELLS,6526.0,8
1153900,Paris,Caesar,JAMS,SEASHELLS,6528.0,6
1154100,Paris,Caesar,JAMS,SEASHELLS,6528.0,8
1154300,Caesar,Camilla,JAMS,SEASHELLS,6527.0,5
1154300,Paris,Caesar,JAMS,SEASHELLS,6528.0,10
1157400,Caesar,Paris,JAMS,SEASHELLS,6527.0,5
1157600,Caesar,Camilla,JAMS,SEASHELLS,6528.0,8
1157600,Paris,Caesar,JAMS,SEASHELLS,6529.0,4
1159400,Paris,Caesar,JAMS,SEASHELLS,6528.0,6
1160800,Caesar,Paris,JAMS,SEASHELLS,6524.0,4
1161700,Paris,Caesar,JAMS,SEASHELLS,6526.0,4
1161800,Paris,Caesar,JAMS,SEASHELLS,6526.0,4
1163500,Caesar,Camilla,JAMS,SEASHELLS,6524.0,4
1163700,Caesar,Camilla,JAMS,SEASHELLS,6524.0,3
1165300,Caesar,Camilla,JAMS,SEASHELLS,6526.0,7
1165900,Paris,Caesar,JAMS,SEASHELLS,6528.0,5
1166400,Caesar,Paris,JAMS,SEASHELLS,6528.0,10
1167900,Paris,Caesar,JAMS,SEASHELLS,6530.0,8
1169100,Caesar,Paris,JAMS,SEASHELLS,6529.0,7
1170200,Paris,Caesar,JAMS,SEASHELLS,6530.0,10
1171000,Paris,Caesar,JAMS,SEASHELLS,6529.0,7
1171100,Caesar,Paris,JAMS,SEASHELLS,6528.0,10
1173100,Paris,Caesar,JAMS,SEASHELLS,6531.0,8
1173200,Paris,Caesar,JAMS,SEASHELLS,6531.0,7
1173500,Paris,Caesar,JAMS,SEASHELLS,6531.0,5
1173600,Caesar,Paris,JAMS,SEASHELLS,6530.0,8
1174100,Paris,Caesar,JAMS,SEASHELLS,6530.0,8
1174300,Caesar,Paris,JAMS,SEASHELLS,6530.0,5
1174600,Caesar,Paris,JAMS,SEASHELLS,6530.0,10
1174700,Paris,Caesar,JAMS,SEASHELLS,6532.0,6
1177600,Paris,Caesar,JAMS,SEASHELLS,6533.0,7
1179800,Camilla,Paris,JAMS,SEASHELLS,6530.0,7
1180500,Paris,Caesar,JAMS,SEASHELLS,6531.0,6
1181100,Caesar,Paris,JAMS,SEASHELLS,6530.0,5
1182400,Caesar,Paris,JAMS,SEASHELLS,6529.0,9
1183600,Caesar,Paris,JAMS,SEASHELLS,6528.0,8
1184600,Paris,Caesar,JAMS,SEASHELLS,6529.0,8
1185100,Caesar,Camilla,JAMS,SEASHELLS,6528.0,6
1186100,Paris,Caesar,JAMS,SEASHELLS,6529.0,8
1187700,Caesar,Paris,JAMS,SEASHELLS,6527.0,10
1189400,Paris,Caesar,JAMS,SEASHELLS,6526.0,7
1189800,Caesar,Paris,JAMS,SEASHELLS,6525.0,8
1190200,Caesar,Paris,JAMS,SEASHELLS,6525.0,4
1191100,Paris,Caesar,JAMS,SEASHELLS,6526.0,10
1191500,Paris,Caesar,JAMS,SEASHELLS,6526.0,5
1191800,Caesar,Paris,JAMS,SEASHELLS,6524.0,8
1192800,Caesar,Camilla,JAMS,SEASHELLS,6524.0,3
1193300,Paris,Caesar,JAMS,SEASHELLS,6526.0,9
1194000,Caesar,Paris,JAMS,SEASHELLS,6524.0,4
1194300,Caesar,Paris,JAMS,SEASHELLS,6523.0,8
1195900,Caesar,Camilla,JAMS,SEASHELLS,6523.0,5
1196700,Caesar,Paris,JAMS,SEASHELLS,6523.0,5
1197100,Caesar,Paris,JAMS,SEASHELLS,6522.0,6
1197200,Caesar,Paris,JAMS,SEASHELLS,6523.0,7
1197900,Caesar,Paris,JAMS,SEASHELLS,6523.0,6
1198800,Caesar,Paris,JAMS,SEASHELLS,6523.0,6
1199400,Caesar,Paris,JAMS,SEASHELLS,6523.0,8
1200300,Caesar,Camilla,JAMS,SEASHELLS,6522.0,12
1201300,Paris,Caesar,JAMS,SEASHELLS,6525.0,10
1201400,Caesar,Camilla,JAMS,SEASHELLS,6523.0,6
1202900,Caesar,Camilla,JAMS,SEASHELLS,6524.0,5
1203200,Caesar,Camilla,JAMS,SEASHELLS,6524.0,6
1205300,Caesar,Camilla,JAMS,SEASHELLS,6526.0,6
1205500,Paris,Caesar,JAMS,SEASHELLS,6528.0,4
1206000,Caesar,Paris,JAMS,SEASHELLS,6527.0,6
1206200,Caesar,Paris,JAMS,SEASHELLS,6527.0,8
1209000,Paris,Caesar,JAMS,SEASHELLS,6528.0,9
1211800,Caesar,Paris,JAMS,SEASHELLS,6524.0,7
1211900,Caesar,Camilla,JAMS,SEASHELLS,6524.0,9
1212200,Caesar,Paris,JAMS,SEASHELLS,6520.0,8
1213700,Caesar,Paris,JAMS,SEASHELLS,6519.0,5
1214400,Paris,Caesar,JAMS,SEASHELLS,6521.0,6
1217100,Caesar,Paris,JAMS,SEASHELLS,6519.0,9
1219300,Paris,Caesar,JAMS,SEASHELLS,6523.0,7
1220100,Caesar,Paris,JAMS,SEASHELLS,6521.0,5
1220500,Caesar,Camilla,JAMS,SEASHELLS,6522.0,5
1223900,Paris,Caesar,JAMS,SEASHELLS,6521.0,10
1224300,Caesar,Paris,JAMS,SEASHELLS,6519.0,8
1224400,Caesar,Camilla,JAMS,SEASHELLS,6520.0,12
1224700,Caesar,Paris,JAMS,SEASHELLS,6519.0,7
1225300,Caesar,Camilla,JAMS,SEASHELLS,6518.0,5
1225400,Caesar,Paris,JAMS,SEASHELLS,6518.0,8
1227400,Caesar,Paris,JAMS,SEASHELLS,6516.0,10
1227800,Caesar,Camilla,JAMS,SEASHELLS,6515.0,9
1231800,Caesar,Camilla,JAMS,SEASHELLS,6518.0,3
1232700,Paris,Caesar,JAMS,SEASHELLS,6520.0,5
1233200,Paris,Caesar,JAMS,SEASHELLS,6520.0,8
1235800,Paris,Caesar,JAMS,SEASHELLS,6517.0,8
1236600,Caesar,Camilla,JAMS,SEASHELLS,6515.0,7
1237000,Caesar,Paris,JAMS,SEASHELLS,6514.0,4
1237200,Caesar,Paris,JAMS,SEASHELLS,6514.0,4
1238900,Caesar,Paris,JAMS,SEASHELLS,6512.0,10
1239200,Caesar,Camilla,JAMS,SEASHELLS,6513.0,11
1240200,Paris,Caesar,JAMS,SEASHELLS,6516.0,8
1240600,Paris,Caesar,JAMS,SEASHELLS,6517.0,9
1240700,Caesar,Paris,JAMS,SEASHELLS,6515.0,4
1240800,Caesar,Paris,JAMS,SEASHELLS,6515.0,6
1244500,Caesar,Paris,JAMS,SEASHELLS,6513.0,8
1245200,Paris,Caesar,JAMS,SEASHELLS,6515.0,7
1245900,Paris,Caesar,JAMS,SEASHELLS,6515.0,6
1246200,Caesar,Paris,JAMS,SEASHELLS,6513.0,6
1247300,Caesar,Paris,JAMS,SEASHELLS,6515.0,8
1247500,Caesar,Camilla,JAMS,SEASHELLS,6516.0,9
1247600,Caesar,Camilla,JAMS,SEASHELLS,6516.0,3
1247700,Caesar,Camilla,JAMS,SEASHELLS,6516.0,3
1249300,Caesar,Paris,JAMS,SEASHELLS,6515.0,8
1250000,Paris,Caesar,JAMS,SEASHELLS,6515.0,10
1250100,Caesar,Camilla,JAMS,SEASHELLS,6514.0,6
1250300,Caesar,Paris,JAMS,SEASHELLS,6514.0,4
1250800,Caesar,Paris,JAMS,SEASHELLS,6513.0,5
1252500,Paris,Caesar,JAMS,SEASHELLS,6513.0,8
1252800,Paris,Caesar,JAMS,SEASHELLS,6513.0,10
1253000,Caesar,Paris,JAMS,SEASHELLS,6511.0,6
1253700,Paris,Caesar,JAMS,SEASHELLS,6514.0,10
1254600,Paris,Caesar,JAMS,SEASHELLS,6514.0,7
1254700,Caesar,Paris,JAMS,SEASHELLS,6512.0,10
1255100,Paris,Caesar,JAMS,SEASHELLS,6512.0,4
1256300,Caesar,Paris,JAMS,SEASHELLS,6509.0,10
1256700,Caesar,Paris,JAMS,SEASHELLS,6508.0,5
1258900,Caesar,Camilla,JAMS,SEASHELLS,6510.0,12
1259200,Caesar,Paris,JAMS,SEASHELLS,6510.0,7
1259500,Caesar,Paris,JAMS,SEASHELLS,6510.0,9
1260600,Caesar,Paris,JAMS,SEASHELLS,6509.0,10
1261700,Caesar,Camilla,JAMS,SEASHELLS,6510.0,8
1261900,Caesar,Camilla,JAMS,SEASHELLS,6510.0,11
1264400,Caesar,Camilla,JAMS,SEASHELLS,6513.0,8
1267700,Caesar,Camilla,JAMS,SEASHELLS,6510.0,11
1267900,Caesar,Paris,JAMS,SEASHELLS,6509.0,7
1271600,Paris,Caesar,JAMS,SEASHELLS,6513.0,7
1272500,Caesar,Paris,JAMS,SEASHELLS,6512.0,4
1272800,Caesar,Paris,JAMS,SEASHELLS,6512.0,10
1273300,Caesar,Paris,JAMS,SEASHELLS,6513.0,8
1275900,Caesar,Paris,JAMS,SEASHELLS,6515.0,7
1278200,Paris,Caesar,JAMS,SEASHELLS,6516.0,4
1279500,Caesar,Camilla,JAMS,SEASHELLS,6515.0,5
1279600,Caesar,Paris,JAMS,SEASHELLS,6515.0,5
1279800,Caesar,Camilla,JAMS,SEASHELLS,6515.0,6
1280400,Caesar,Camilla,JAMS,SEASHELLS,6516.0,10
1281500,Caesar,Camilla,JAMS,SEASHELLS,6517.0,4
1283100,Paris,Caesar,JAMS,SEASHELLS,6518.0,9
1284000,Caesar,Camilla,JAMS,SEASHELLS,6517.0,3
1284600,Paris,Caesar,JAMS,SEASHELLS,6518.0,8
1284700,Caesar,Camilla,JAMS,SEASHELLS,6517.0,11
1285200,Caesar,Paris,JAMS,SEASHELLS,6516.0,6
1286300,Caesar,Paris,JAMS,SEASHELLS,6517.0,5
1287300,Caesar,Paris,JAMS,SEASHELLS,6517.0,5
1287700,Caesar,Paris,JAMS,SEASHELLS,6517.0,10
1288900,Caesar,Camilla,JAMS,SEASHELLS,6518.0,6
1289700,Caesar,Paris,JAMS,SEASHELLS,6519.0,5
1291600,Caesar,Paris,JAMS,SEASHELLS,6517.0,9
1291700,Caesar,Paris,JAMS,SEASHELLS,6518.0,8
1292200,Caesar,Camilla,JAMS,SEASHELLS,6518.0,6
1292400,Caesar,Paris,JAMS,SEASHELLS,6518.0,8
1293600,Caesar,Camilla,JAMS,SEASHELLS,6519.0,7
1294800,Caesar,Camilla,JAMS,SEASHELLS,6518.0,6
1294800,Paris,Caesar,JAMS,SEASHELLS,6520.0,7
1295400,Paris,Caesar,JAMS,SEASHELLS,6518.0,5
1298000,Caesar,Camilla,JAMS,SEASHELLS,6515.0,12
1298200,Caesar,Paris,JAMS,SEASHELLS,6515.0,10
1299800,Caesar,Camilla,JAMS,SEASHELLS,6516.0,9
1299900,Paris,Caesar,JAMS,SEASHELLS,6518.0,7
1300200,Paris,Caesar,JAMS,SEASHELLS,6518.0,10
1301400,Paris,Caesar,JAMS,SEASHELLS,6518.0,8
1302500,Paris,Caesar,JAMS,SEASHELLS,6520.0,7
1302700,Caesar,Paris,JAMS,SEASHELLS,6519.0,10
1302800,Paris,Caesar,JAMS,SEASHELLS,6521.0,8
1303300,Caesar,Paris,JAMS,SEASHELLS,6519.0,10
1304700,Caesar,Camilla,JAMS,SEASHELLS,6522.0,9
1305500,Paris,Caesar,JAMS,SEASHELLS,6522.0,7
1306400,Caesar,Paris,JAMS,SEASHELLS,6519.0,9
1308700,Caesar,Paris,JAMS,SEASHELLS,6520.0,6
1309000,Paris,Caesar,JAMS,SEASHELLS,6522.0,9
1310300,Caesar,Paris,JAMS,SEASHELLS,6522.0,5
1311300,Caesar,Paris,JAMS,SEASHELLS,6522.0,8
1311600,Caesar,Paris,JAMS,SEASHELLS,6522.0,6
1312200,Caesar,Paris,JAMS,SEASHELLS,6523.0,10
1313700,Caesar,Camilla,JAMS,SEASHELLS,6525.0,4
1315600,Caesar,Paris,JAMS,SEASHELLS,6524.0,7
1318300,Paris,Caesar,JAMS,SEASHELLS,6529.0,8
1318800,Paris,Caesar,JAMS,SEASHELLS,6528.0,4
1320400,Caesar,Paris,JAMS,SEASHELLS,6526.0,4
1320500,Paris,Caesar,JAMS,SEASHELLS,6527.0,10
1321400,Caesar,Paris,JAMS,SEASHELLS,6525.0,4
1321700,Paris,Caesar,JAMS,SEASHELLS,6527.0,5
1321900,Paris,Caesar,JAMS,SEASHELLS,6527.0,5
1323100,Caesar,Camilla,JAMS,SEASHELLS,6526.0,3
1323400,Caesar,Camilla,JAMS,SEASHELLS,6526.0,5
1324500,Caesar,Paris,JAMS,SEASHELLS,6526.0,10
1324700,Paris,Caesar,JAMS,SEASHELLS,6527.0,6
1325400,Paris,Caesar,JAMS,SEASHELLS,6529.0,10
1328200,Caesar,Paris,JAMS,SEASHELLS,6526.0,5
1328600,Caesar,Paris,JAMS,SEASHELLS,6526.0,8
1329600,Caesar,Paris,JAMS,SEASHELLS,6525.0,6
1330400,Caesar,Paris,JAMS,SEASHELLS,6526.0,5
1330500,Caesar,Camilla,JAMS,SEASHELLS,6526.0,11
1330600,Paris,Camilla,JAMS,SEASHELLS,6527.0,5
1330700,Paris,Caesar,JAMS,SEASHELLS,6528.0,4
1331000,Caesar,Camilla,JAMS,SEASHELLS,6527.0,5
1331500,Caesar,Paris,JAMS,SEASHELLS,6526.0,8
1331800,Caesar,Paris,JAMS,SEASHELLS,6526.0,5
1332400,Paris,Caesar,JAMS,SEASHELLS,6528.0,4
1333900,Paris,Caesar,JAMS,SEASHELLS,6528.0,8
1334200,Caesar,Camilla,JAMS,SEASHELLS,6526.0,7
1334400,Paris,Caesar,JAMS,SEASHELLS,6527.0,5
1334700,Caesar,Paris,JAMS,SEASHELLS,6525.0,9
1335000,Caesar,Paris,JAMS,SEASHELLS,6525.0,7
1335700,Caesar,Camilla,JAMS,SEASHELLS,6523.0,6
1337900,Caesar,Paris,JAMS,SEASHELLS,6522.0,10
1338000,Caesar,Paris,JAMS,SEASHELLS,6522.0,8
1338500,Paris,Caesar,JAMS,SEASHELLS,6523.0,5
1338800,Caesar,Paris,JAMS,SEASHELLS,6520.0,5
1339100,Caesar,Paris,JAMS,SEASHELLS,6520.0,4
1339300,Caesar,Paris,JAMS,SEASHELLS,6520.0,7
1342300,Paris,Caesar,JAMS,SEASHELLS,6521.0,10
1342400,Caesar,Camilla,JAMS,SEASHELLS,6518.0,12
1342700,Paris,Caesar,JAMS,SEASHELLS,6520.0,9
1343000,Caesar,Paris,JAMS,SEASHELLS,6518.0,4
1344400,Caesar,Paris,JAMS,SEASHELLS,6519.0,9
1346000,Caesar,Paris,JAMS,SEASHELLS,6518.0,10
1347700,Paris,Caesar,JAMS,SEASHELLS,6521.0,7
1348000,Paris,Caesar,JAMS,SEASHELLS,6520.0,10
1349300,Paris,Caesar,JAMS,SEASHELLS,6519.0,4
1350000,Paris,Caesar,JAMS,SEASHELLS,6518.0,6
1352600,Paris,Caesar,JAMS,SEASHELLS,6475.0,8
1354800,Paris,Caesar,JAMS,SEASHELLS,6483.0,8
1357300,Caesar,Camilla,JAMS,SEASHELLS,6483.0,7
1357400,Paris,Caesar,JAMS,SEASHELLS,6487.0,4
1357700,Paris,Caesar,JAMS,SEASHELLS,6487.0,10
1357800,Paris,Caesar,JAMS,SEASHELLS,6486.0,10
1357900,Caesar,Paris,JAMS,SEASHELLS,6486.0,8
1358300,Caesar,Camilla,JAMS,SEASHELLS,6484.0,3
1362000,Paris,Caesar,JAMS,SEASHELLS,6476.0,6
1363000,Caesar,Camilla,JAMS,SEASHELLS,6479.0,12
1363200,Paris,Caesar,JAMS,SEASHELLS,6483.0,9
1364100,Paris,Caesar,JAMS,SEASHELLS,6486.0,5
1365100,Caesar,Paris,JAMS,SEASHELLS,6488.0,10
1365500,Paris,Caesar,JAMS,SEASHELLS,6486.0,5
1365800,Caesar,Paris,JAMS,SEASHELLS,6481.0,9
1368000,Caesar,Camilla,JAMS,SEASHELLS,6495.0,10
1368100,Caesar,Paris,JAMS,SEASHELLS,6494.0,7
1368600,Caesar,Paris,JAMS,SEASHELLS,6489.0,8
1368800,Caesar,Camilla,JAMS,SEASHELLS,6490.0,10
1370400,Caesar,Paris,JAMS,SEASHELLS,6494.0,8
1373800,Paris,Caesar,JAMS,SEASHELLS,6499.0,7
1373900,Paris,Caesar,JAMS,SEASHELLS,6499.0,7
1374600,Caesar,Paris,JAMS,SEASHELLS,6490.0,5
1374800,Caesar,Paris,JAMS,SEASHELLS,6491.0,9
1375200,Caesar,Camilla,JAMS,SEASHELLS,6491.0,6
1376900,Caesar,Paris,JAMS,SEASHELLS,6495.0,7
1377000,Caesar,Camilla,JAMS,SEASHELLS,6495.0,6
1377700,Caesar,Camilla,JAMS,SEASHELLS,6502.0,4
1378000,Caesar,Camilla,JAMS,SEASHELLS,6497.0,10
1378500,Paris,Caesar,JAMS,SEASHELLS,6503.0,5
1379400,Paris,Caesar,JAMS,SEASHELLS,6502.0,10
1380400,Caesar,Paris,JAMS,SEASHELLS,6499.0,5
1382500,Caesar,Camilla,JAMS,SEASHELLS,6497.0,12
1384300,Caesar,Camilla,JAMS,SEASHELLS,6506.0,10
1384600,Caesar,Camilla,JAMS,SEASHELLS,6503.0,4
1385000,Paris,Caesar,JAMS,SEASHELLS,6509.0,9
1385400,Caesar,Camilla,JAMS,SEASHELLS,6504.0,3
1385900,Paris,Caesar,JAMS,SEASHELLS,6505.0,10
1386500,Paris,Caesar,JAMS,SEASHELLS,6502.0,4
1386800,Paris,Caesar,JAMS,SEASHELLS,6502.0,7
1387500,Paris,Caesar,JAMS,SEASHELLS,6500.0,4
1387700,Paris,Caesar,JAMS,SEASHELLS,6500.0,7
1387900,Caesar,Paris,JAMS,SEASHELLS,6499.0,8
1388100,Caesar,Camilla,JAMS,SEASHELLS,6499.0,4
1389300,Paris,Caesar,JAMS,SEASHELLS,6502.0,4
1389900,Paris,Caesar,JAMS,SEASHELLS,6503.0,6
1390000,Caesar,Paris,JAMS,SEASHELLS,6501.0,8
1390600,Caesar,Camilla,JAMS,SEASHELLS,6500.0,9
1391300,Caesar,Camilla,JAMS,SEASHELLS,6502.0,12
1392400,Paris,Caesar,JAMS,SEASHELLS,6504.0,8
1393200,Caesar,Paris,JAMS,SEASHELLS,6505.0,5
1393300,Paris,Caesar,JAMS,SEASHELLS,6508.0,4
1395400,Caesar,Paris,JAMS,SEASHELLS,6496.0,7
1397100,Paris,Caesar,JAMS,SEASHELLS,6493.0,8
1397400,Caesar,Camilla,JAMS,SEASHELLS,6491.0,4
1397400,Paris,Caesar,JAMS,SEASHELLS,6493.0,5
1397900,Caesar,Paris,JAMS,SEASHELLS,6491.0,5
1398000,Paris,Caesar,JAMS,SEASHELLS,6493.0,7
1398600,Paris,Caesar,JAMS,SEASHELLS,6491.0,10
1400200,Paris,Caesar,JAMS,SEASHELLS,6485.0,7
1401300,Caesar,Paris,JAMS,SEASHELLS,6483.0,9
1401800,Paris,Caesar,JAMS,SEASHELLS,6483.0,5
1402200,Caesar,Camilla,JAMS,SEASHELLS,6482.0,7
1402300,Paris,Caesar,JAMS,SEASHELLS,6484.0,5
1402800,Caesar,Camilla,JAMS,SEASHELLS,6482.0,9
1402900,Paris,Caesar,JAMS,SEASHELLS,6484.0,5
1405100,Caesar,Camilla,JAMS,SEASHELLS,6484.0,4
1405500,Paris,Caesar,JAMS,SEASHELLS,6487.0,6
1405900,Caesar,Camilla,JAMS,SEASHELLS,6487.0,3
1405900,Caesar,Paris,JAMS,SEASHELLS,6487.0,5
1406300,Caesar,Camilla,JAMS,SEASHELLS,6485.0,6
1407100,Caesar,Camilla,JAMS,SEASHELLS,6489.0,4
1409000,Paris,Caesar,JAMS,SEASHELLS,6492.0,6
1409100,Caesar,Paris,JAMS,SEASHELLS,6490.0,10
1409200,Caesar,Paris,JAMS,SEASHELLS,6495.0,8
1409600,Caesar,Camilla,JAMS,SEASHELLS,6495.0,6
1411200,Caesar,Paris,JAMS,SEASHELLS,6497.0,4
1411900,Caesar,Paris,JAMS,SEASHELLS,6502.0,5
1412700,Caesar,Paris,JAMS,SEASHELLS,6504.0,8
1413100,Caesar,Paris,JAMS,SEASHELLS,6503.0,5
1413200,Caesar,Camilla,JAMS,SEASHELLS,6504.0,10
1414900,Paris,Caesar,JAMS,SEASHELLS,6499.0,10
1415600,Camilla,Paris,JAMS,SEASHELLS,6498.0,6
1419200,Caesar,Camilla,JAMS,SEASHELLS,6500.0,3
1419200,Caesar,Paris,JAMS,SEASHELLS,6500.0,9
1419400,Caesar,Paris,JAMS,SEASHELLS,6498.0,4
1421200,Caesar,Paris,JAMS,SEASHELLS,6495.0,10
1421400,Caesar,Paris,JAMS,SEASHELLS,6496.0,10
1421800,Paris,Caesar,JAMS,SEASHELLS,6498.0,5
1423200,Paris,Caesar,JAMS,SEASHELLS,6495.0,7
1424600,Caesar,Paris,JAMS,SEASHELLS,6497.0,5
1425500,Paris,Caesar,JAMS,SEASHELLS,6499.0,4
1425900,Caesar,Paris,JAMS,SEASHELLS,6500.0,8
1426600,Caesar,Paris,JAMS,SEASHELLS,6501.0,4
1432500,Caesar,Paris,JAMS,SEASHELLS,6509.0,6
1433100,Paris,Caesar,JAMS,SEASHELLS,6511.0,6
1435800,Caesar,Paris,JAMS,SEASHELLS,6514.0,5
1436800,Paris,Caesar,JAMS,SEASHELLS,6511.0,8
1438800,Paris,Caesar,JAMS,SEASHELLS,6505.0,6
1439300,Caesar,Paris,JAMS,SEASHELLS,6502.0,5
1440200,Caesar,Camilla,JAMS,SEASHELLS,6503.0,11
1440200,Caesar,Paris,JAMS,SEASHELLS,6503.0,7
1441400,Caesar,Camilla,JAMS,SEASHELLS,6504.0,7
1442800,Paris,Caesar,JAMS,SEASHELLS,6514.0,9
1443800,Caesar,Paris,JAMS,SEASHELLS,6507.0,4
1444300,Caesar,Paris,JAMS,SEASHELLS,6508.0,8
1445200,Caesar,Camilla,JAMS,SEASHELLS,6506.0,8
1445500,Paris,Caesar,JAMS,SEASHELLS,6507.0,5
1445600,Paris,Caesar,JAMS,SEASHELLS,6507.0,5
1445900,Caesar,Camilla,JAMS,SEASHELLS,6506.0,8
1446600,Caesar,Camilla,JAMS,SEASHELLS,6506.0,12
1447500,Caesar,Paris,JAMS,SEASHELLS,6508.0,4
1447600,Caesar,Camilla,JAMS,SEASHELLS,6508.0,5
1448900,Caesar,Paris,JAMS,SEASHELLS,6512.0,7
1449700,Caesar,Camilla,JAMS,SEASHELLS,6510.0,7
1449900,Caesar,Camilla,JAMS,SEASHELLS,6510.0,9
1450300,Paris,Caesar,JAMS,SEASHELLS,6509.0,7
1450500,Paris,Caesar,JAMS,SEASHELLS,6507.0,5
1451400,Caesar,Camilla,JAMS,SEASHELLS,6501.0,10
1452200,Paris,Caesar,JAMS,SEASHELLS,6501.0,4
1453800,Caesar,Paris,JAMS,SEASHELLS,6494.0,5
1454700,Paris,Caesar,JAMS,SEASHELLS,6498.0,9
1455500,Paris,Camilla,JAMS,SEASHELLS,6496.0,7
1455800,Caesar,Paris,JAMS,SEASHELLS,6495.0,7
1456600,Caesar,Paris,JAMS,SEASHELLS,6497.0,10
1456800,Caesar,Camilla,JAMS,SEASHELLS,6499.0,11
1456800,Caesar,Paris,JAMS,SEASHELLS,6499.0,5
1457900,Paris,Caesar,JAMS,SEASHELLS,6501.0,6
1458800,Paris,Caesar,JAMS,SEASHELLS,6501.0,7
1459400,Paris,Caesar,JAMS,SEASHELLS,6502.0,4
1459600,Caesar,Camilla,JAMS,SEASHELLS,6502.0,3
1459600,Paris,Caesar,JAMS,SEASHELLS,6503.0,9
1459700,Paris,Caesar,JAMS,SEASHELLS,6503.0,8
1460000,Caesar,Paris,JAMS,SEASHELLS,6504.0,7
1461200,Caesar,Paris,JAMS,SEASHELLS,6508.0,7
1462200,Caesar,Paris,JAMS,SEASHELLS,6504.0,4
1464500,Caesar,Paris,JAMS,SEASHELLS,6505.0,4
1464900,Caesar,Paris,JAMS,SEASHELLS,6505.0,9
1468500,Caesar,Paris,JAMS,SEASHELLS,6510.0,4
1468600,Caesar,Paris,JAMS,SEASHELLS,6511.0,9
1468800,Caesar,Camilla,JAMS,SEASHELLS,6513.0,7
1469300,Paris,Caesar,JAMS,SEASHELLS,6514.0,7
1469500,Caesar,Camilla,JAMS,SEASHELLS,6512.0,8
1470000,Caesar,Paris,JAMS,SEASHELLS,6514.0,5
1470200,Caesar,Paris,JAMS,SEASHELLS,6514.0,8
1470500,Paris,Caesar,JAMS,SEASHELLS,6514.0,7
1471000,Caesar,Paris,JAMS,SEASHELLS,6512.0,9
1471600,Caesar,Paris,JAMS,SEASHELLS,6513.0,10
1472100,Paris,Caesar,JAMS,SEASHELLS,6517.0,6
1472400,Caesar,Paris,JAMS,SEASHELLS,6515.0,6
1473000,Caesar,Paris,JAMS,SEASHELLS,6514.0,5
1473200,Caesar,Paris,JAMS,SEASHELLS,6515.0,7
1474100,Paris,Caesar,JAMS,SEASHELLS,6520.0,8
1474200,Paris,Caesar,JAMS,SEASHELLS,6520.0,6
1474300,Caesar,Paris,JAMS,SEASHELLS,6519.0,10
1474500,Caesar,Camilla,JAMS,SEASHELLS,6519.0,11
1475100,Paris,Caesar,JAMS,SEASHELLS,6522.0,6
1475200,Caesar,Paris,JAMS,SEASHELLS,6520.0,5
1475700,Caesar,Paris,JAMS,SEASHELLS,6522.0,5
1475800,Paris,Caesar,JAMS,SEASHELLS,6524.0,9
1476300,Caesar,Paris,JAMS,SEASHELLS,6522.0,8
1477500,Caesar,Paris,JAMS,SEASHELLS,6532.0,10
1478000,Caesar,Paris,JAMS,SEASHELLS,6533.0,6
1478400,Caesar,Paris,JAMS,SEASHELLS,6529.0,4
1479900,Caesar,Camilla,JAMS,SEASHELLS,6530.0,8
1479900,Caesar,Paris,JAMS,SEASHELLS,6530.0,9
1480700,Paris,Caesar,JAMS,SEASHELLS,6539.0,6
1481100,Caesar,Camilla,JAMS,SEASHELLS,6535.0,7
1481700,Caesar,Camilla,JAMS,SEASHELLS,6536.0,4
1482500,Caesar,Camilla,JAMS,SEASHELLS,6536.0,4
1482500,Paris,Caesar,JAMS,SEASHELLS,6538.0,9
1482700,Caesar,Paris,JAMS,SEASHELLS,6536.0,7
1485100,Paris,Caesar,JAMS,SEASHELLS,6541.0,5
1485400,Caesar,Paris,JAMS,SEASHELLS,6537.0,10
1486000,Paris,Caesar,JAMS,SEASHELLS,6541.0,5
1486100,Caesar,Camilla,JAMS,SEASHELLS,6539.0,7
1486500,Paris,Caesar,JAMS,SEASHELLS,6538.0,5
1488900,Caesar,Paris,JAMS,SEASHELLS,6531.0,9
1489100,Caesar,Paris,JAMS,SEASHELLS,6530.0,10
1489900,Camilla,Paris,JAMS,SEASHELLS,6527.0,5
1491400,Paris,Caesar,JAMS,SEASHELLS,6522.0,4
1492500,Caesar,Camilla,JAMS,SEASHELLS,6519.0,5
1492500,Caesar,Paris,JAMS,SEASHELLS,6519.0,6
1494700,Paris,Caesar,JAMS,SEASHELLS,6531.0,10
1496900,Caesar,Camilla,JAMS,SEASHELLS,6523.0,4
1497300,Paris,Caesar,JAMS,SEASHELLS,6521.0,4
1497400,Caesar,Paris,JAMS,SEASHELLS,6518.0,10
1497700,Caesar,Paris,JAMS,SEASHELLS,6518.0,6
1498100,Caesar,Camilla,JAMS,SEASHELLS,6520.0,10
1498200,Caesar,Camilla,JAMS,SEASHELLS,6521.0,10
1500000,Caesar,Paris,JAMS,SEASHELLS,6518.0,4
1502200,Caesar,Camilla,JAMS,SEASHELLS,6514.0,4
1502600,Caesar,Paris,JAMS,SEASHELLS,6514.0,4
1502700,Caesar,Camilla,JAMS,SEASHELLS,6515.0,5
1503200,Caesar,Paris,JAMS,SEASHELLS,6515.0,6
1504400,Caesar,Paris,JAMS,SEASHELLS,6513.0,7
1504900,Caesar,Camilla,JAMS,SEASHELLS,6515.0,4
1505500,Paris,Caesar,JAMS,SEASHELLS,6514.0,7
1505800,Caesar,Paris,JAMS,SEASHELLS,6513.0,6
1506400,Paris,Caesar,JAMS,SEASHELLS,6515.0,6
1507600,Caesar,Camilla,JAMS,SEASHELLS,6512.0,5
1508400,Paris,Caesar,JAMS,SEASHELLS,6514.0,4
1508500,Paris,Caesar,JAMS,SEASHELLS,6514.0,4
1508600,Caesar,Paris,JAMS,SEASHELLS,6512.0,8
1510600,Caesar,Paris,JAMS,SEASHELLS,6512.0,4
1511300,Caesar,Paris,JAMS,SEASHELLS,6513.0,8
1511400,Caesar,Paris,JAMS,SEASHELLS,6512.0,8
1512600,Caesar,Camilla,JAMS,SEASHELLS,6510.0,11
1515100,Caesar,Camilla,JAMS,SEASHELLS,6512.0,12
1516800,Paris,Caesar,JAMS,SEASHELLS,6512.0,10
1517100,Paris,Caesar,JAMS,SEASHELLS,6511.0,8
1517600,Caesar,Paris,JAMS,SEASHELLS,6507.0,8
1519000,Caesar,Camilla,JAMS,SEASHELLS,6507.0,5
1520300,Caesar,Camilla,JAMS,SEASHELLS,6509.0,5
1521800,Caesar,Camilla,JAMS,SEASHELLS,6507.0,11
1522600,Paris,Caesar,JAMS,SEASHELLS,6507.0,4
1524600,Paris,Caesar,JAMS,SEASHELLS,6508.0,9
1524700,Caesar,Paris,JAMS,SEASHELLS,6506.0,7
1525200,Caesar,Paris,JAMS,SEASHELLS,6506.0,8
1525300,Caesar,Camilla,JAMS,SEASHELLS,6506.0,12
1525400,Caesar,Camilla,JAMS,SEASHELLS,6506.0,7
1526900,Caesar,Camilla,JAMS,SEASHELLS,6503.0,4
1528200,Paris,Caesar,JAMS,SEASHELLS,6499.0,6
1528700,Paris,Caesar,JAMS,SEASHELLS,6499.0,7
1529500,Caesar,Paris,JAMS,SEASHELLS,6493.0,7
1530100,Caesar,Paris,JAMS,SEASHELLS,6492.0,9
1531700,Paris,Caesar,JAMS,SEASHELLS,6492.0,8
1532000,Caesar,Paris,JAMS,SEASHELLS,6491.0,7
1532300,Caesar,Camilla,JAMS,SEASHELLS,6492.0,3
1533000,Paris,Caesar,JAMS,SEASHELLS,6496.0,10
1533100,Caesar,Camilla,JAMS,SEASHELLS,6494.0,3
1533300,Paris,Caesar,JAMS,SEASHELLS,6495.0,8
1533600,Caesar,Camilla,JAMS,SEASHELLS,6495.0,4
1533800,Paris,Caesar,JAMS,SEASHELLS,6497.0,7
1534900,Caesar,Camilla,JAMS,SEASHELLS,6495.0,8
1535600,Caesar,Paris,JAMS,SEASHELLS,6497.0,4
1536800,Caesar,Camilla,JAMS,SEASHELLS,6497.0,7
1537300,Caesar,Paris,JAMS,SEASHELLS,6497.0,8
1537400,Caesar,Camilla,JAMS,SEASHELLS,6498.0,3
1539300,Caesar,Paris,JAMS,SEASHELLS,6500.0,4
1539400,Caesar,Camilla,JAMS,SEASHELLS,6503.0,12
1540500,Paris,Caesar,JAMS,SEASHELLS,6501.0,9
1542200,Paris,Caesar,JAMS,SEASHELLS,6500.0,10
1542700,Caesar,Camilla,JAMS,SEASHELLS,6498.0,4
1542900,Caesar,Camilla,JAMS,SEASHELLS,6498.0,10
1543600,Paris,Caesar,JAMS,SEASHELLS,6500.0,4
1544500,Caesar,Camilla,JAMS,SEASHELLS,6501.0,4
1545100,Caesar,Camilla,JAMS,SEASHELLS,6501.0,9
1545300,Caesar,Camilla,JAMS,SEASHELLS,6501.0,10
1546600,Caesar,Paris,JAMS,SEASHELLS,6504.0,4
1547500,Caesar,Paris,JAMS,SEASHELLS,6505.0,4
1548500,Caesar,Camilla,JAMS,SEASHELLS,6507.0,4
1548800,Paris,Caesar,JAMS,SEASHELLS,6509.0,7
1551000,Caesar,Camilla,JAMS,SEASHELLS,6510.0,6
1552700,Caesar,Camilla,JAMS,SEASHELLS,6515.0,6
1552800,Paris,Caesar,JAMS,SEASHELLS,6517.0,6
1553000,Paris,Caesar,JAMS,SEASHELLS,6516.0,5
1553200,Paris,Caesar,JAMS,SEASHELLS,6513.0,8
1554000,Paris,Caesar,JAMS,SEASHELLS,6515.0,10
1555500,Caesar,Camilla,JAMS,SEASHELLS,6511.0,3
1557300,Caesar,Camilla,JAMS,SEASHELLS,6510.0,11
1558000,Caesar,Paris,JAMS,SEASHELLS,6508.0,9
1559100,Caesar,Paris,JAMS,SEASHELLS,6514.0,8
1560100,Caesar,Paris,JAMS,SEASHELLS,6514.0,5
1562400,Paris,Caesar,JAMS,SEASHELLS,6512.0,10
1563000,Paris,Caesar,JAMS,SEASHELLS,6510.0,5
1563600,Paris,Caesar,JAMS,SEASHELLS,6509.0,5
1563900,Caesar,Camilla,JAMS,SEASHELLS,6507.0,4
1564200,Caesar,Paris,JAMS,SEASHELLS,6506.0,10
1566200,Caesar,Camilla,JAMS,SEASHELLS,6503.0,4
1566700,Caesar,Paris,JAMS,SEASHELLS,6503.0,6
1567500,Paris,Caesar,JAMS,SEASHELLS,6503.0,7
1568100,Paris,Camilla,JAMS,SEASHELLS,6502.0,7
1568400,Caesar,Camilla,JAMS,SEASHELLS,6500.0,10
1568600,Paris,Camilla,JAMS,SEASHELLS,6501.0,6
1568800,Paris,Caesar,JAMS,SEASHELLS,6504.0,10
1569900,Caesar,Camilla,JAMS,SEASHELLS,6503.0,12
1572300,Caesar,Camilla,JAMS,SEASHELLS,6504.0,3
1572500,Caesar,Paris,JAMS,SEASHELLS,6506.0,6
1572600,Caesar,Camilla,JAMS,SEASHELLS,6506.0,5
1573000,Caesar,Paris,JAMS,SEASHELLS,6507.0,4
1575000,Paris,Caesar,JAMS,SEASHELLS,6510.0,8
1575400,Paris,Caesar,JAMS,SEASHELLS,6509.0,10
1577000,Caesar,Paris,JAMS,SEASHELLS,6502.0,4
1578500,Caesar,Paris,JAMS,SEASHELLS,6505.0,10
1580200,Paris,Caesar,JAMS,SEASHELLS,6506.0,7
1581900,Caesar,Camilla,JAMS,SEASHELLS,6501.0,3
1582000,Caesar,Paris,JAMS,SEASHELLS,6501.0,6
1583700,Paris,Caesar,JAMS,SEASHELLS,6503.0,4
1583900,Paris,Caesar,JAMS,SEASHELLS,6503.0,7
1585000,Caesar,Camilla,JAMS,SEASHELLS,6500.0,11
1585900,Caesar,Paris,JAMS,SEASHELLS,6501.0,6
1586500,Caesar,Paris,JAMS,SEASHELLS,6499.0,6
1586700,Caesar,Camilla,JAMS,SEASHELLS,6499.0,3
1588300,Caesar,Paris,JAMS,SEASHELLS,6499.0,10
1588700,Caesar,Paris,JAMS,SEASHELLS,6500.0,8
1589800,Caesar,Paris,JAMS,SEASHELLS,6497.0,5
1590700,Paris,Caesar,JAMS,SEASHELLS,6497.0,5
1591500,Caesar,Camilla,JAMS,SEASHELLS,6496.0,12
1592800,Caesar,Camilla,JAMS,SEASHELLS,6494.0,9
1593100,Caesar,Camilla,JAMS,SEASHELLS,6499.0,7
1593600,Caesar,Camilla,JAMS,SEASHELLS,6497.0,11
1593900,Caesar,Camilla,JAMS,SEASHELLS,6498.0,11
1594200,Paris,Caesar,JAMS,SEASHELLS,6499.0,6
1596700,Caesar,Camilla,JAMS,SEASHELLS,6493.0,4
1597700,Paris,Caesar,JAMS,SEASHELLS,6495.0,7
1598300,Paris,Caesar,JAMS,SEASHELLS,6497.0,9
1599200,Caesar,Camilla,JAMS,SEASHELLS,6500.0,4
1599800,Caesar,Camilla,JAMS,SEASHELLS,6499.0,10
1600300,Paris,Caesar,JAMS,SEASHELLS,6501.0,10
1601200,Caesar,Camilla,JAMS,SEASHELLS,6496.0,11
1602800,Caesar,Paris,JAMS,SEASHELLS,6495.0,5
1604800,Caesar,Camilla,JAMS,SEASHELLS,6497.0,11
1605100,Caesar,Paris,JAMS,SEASHELLS,6496.0,7
1605400,Paris,Caesar,JAMS,SEASHELLS,6498.0,4
1606800,Paris,Caesar,JAMS,SEASHELLS,6502.0,6
1607000,Caesar,Camilla,JAMS,SEASHELLS,6501.0,7
1608400,Caesar,Camilla,JAMS,SEASHELLS,6500.0,3
1608800,Paris,Caesar,JAMS,SEASHELLS,6501.0,6
1609300,Caesar,Paris,JAMS,SEASHELLS,6500.0,7
1611200,Caesar,Camilla,JAMS,SEASHELLS,6502.0,4
1612100,Caesar,Paris,JAMS,SEASHELLS,6500.0,6
1612600,Paris,Caesar,JAMS,SEASHELLS,6502.0,9
1612800,Paris,Caesar,JAMS,SEASHELLS,6501.0,4
1613500,Paris,Caesar,JAMS,SEASHELLS,6500.0,5
1614900,Paris,Caesar,JAMS,SEASHELLS,6500.0,9
1615700,Caesar,Camilla,JAMS,SEASHELLS,6498.0,11
1620200,Paris,Caesar,JAMS,SEASHELLS,6497.0,10
1620500,Caesar,Paris,JAMS,SEASHELLS,6498.0,5
1621100,Caesar,Paris,JAMS,SEASHELLS,6498.0,5
1621500,Caesar,Camilla,JAMS,SEASHELLS,6498.0,7
1622300,Caesar,Camilla,JAMS,SEASHELLS,6499.0,10
1622400,Caesar,Camilla,JAMS,SEASHELLS,6499.0,11
1624900,Paris,Caesar,JAMS,SEASHELLS,6503.0,4
1626600,Caesar,Camilla,JAMS,SEASHELLS,6504.0,11
1627100,Caesar,Camilla,JAMS,SEASHELLS,6509.0,5
1627100,Caesar,Paris,JAMS,SEASHELLS,6509.0,10
1629000,Paris,Caesar,JAMS,SEASHELLS,6513.0,9
1629500,Caesar,Paris,JAMS,SEASHELLS,6512.0,8
1629800,Caesar,Paris,JAMS,SEASHELLS,6513.0,5
1630300,Caesar,Camilla,JAMS,SEASHELLS,6513.0,8
1630500,Paris,Caesar,JAMS,SEASHELLS,6514.0,10
1631700,Caesar,Paris,JAMS,SEASHELLS,6513.0,6
1633500,Caesar,Paris,JAMS,SEASHELLS,6513.0,9
1634700,Caesar,Paris,JAMS,SEASHELLS,6511.0,7
1636200,Caesar,Paris,JAMS,SEASHELLS,6506.0,7
1636600,Caesar,Camilla,JAMS,SEASHELLS,6506.0,7
1636900,Caesar,Camilla,JAMS,SEASHELLS,6506.0,7
1637000,Caesar,Camilla,JAMS,SEASHELLS,6506.0,9
1638200,Caesar,Paris,JAMS,SEASHELLS,6509.0,7
1640600,Caesar,Paris,JAMS,SEASHELLS,6505.0,9
1640800,Caesar,Camilla,JAMS,SEASHELLS,6505.0,9
1641200,Paris,Caesar,JAMS,SEASHELLS,6508.0,9
1643800,Caesar,Camilla,JAMS,SEASHELLS,6506.0,9
1645100,Caesar,Camilla,JAMS,SEASHELLS,6508.0,7
1645400,Caesar,Paris,JAMS,SEASHELLS,6508.0,9
1646600,Caesar,Paris,JAMS,SEASHELLS,6509.0,6
1647400,Caesar,Paris,JAMS,SEASHELLS,6509.0,10
1647700,Caesar,Paris,JAMS,SEASHELLS,6510.0,10
1647900,Paris,Caesar,JAMS,SEASHELLS,6510.0,10
1649500,Caesar,Camilla,JAMS,SEASHELLS,6509.0,5
1651300,Caesar,Camilla,JAMS,SEASHELLS,6507.0,8
1652600,Paris,Caesar,JAMS,SEASHELLS,6509.0,10
1653100,Caesar,Paris,JAMS,SEASHELLS,6507.0,6
1653400,Paris,Caesar,JAMS,SEASHELLS,6508.0,8
1653700,Paris,Caesar,JAMS,SEASHELLS,6509.0,8
1654400,Paris,Caesar,JAMS,SEASHELLS,6508.0,5
1655800,Caesar,Paris,JAMS,SEASHELLS,6506.0,5
1655900,Caesar,Camilla,JAMS,SEASHELLS,6506.0,8
1656000,Caesar,Camilla,JAMS,SEASHELLS,6506.0,11
1656400,Caesar,Paris,JAMS,SEASHELLS,6506.0,5
1658000,Paris,Caesar,JAMS,SEASHELLS,6505.0,6
1659000,Paris,Caesar,JAMS,SEASHELLS,6505.0,10
1660400,Caesar,Paris,JAMS,SEASHELLS,6502.0,5
1661100,Caesar,Camilla,JAMS,SEASHELLS,6501.0,10
1661600,Caesar,Camilla,JAMS,SEASHELLS,6501.0,8
1662100,Paris,Caesar,JAMS,SEASHELLS,6502.0,7
1662400,Caesar,Camilla,JAMS,SEASHELLS,6501.0,9
1663000,Caesar,Paris,JAMS,SEASHELLS,6500.0,4
1663700,Caesar,Camilla,JAMS,SEASHELLS,6502.0,11
1664400,Paris,Caesar,JAMS,SEASHELLS,6504.0,6
1664800,Paris,Caesar,JAMS,SEASHELLS,6503.0,5
1665400,Caesar,Paris,JAMS,SEASHELLS,6501.0,7
1666300,Paris,Caesar,JAMS,SEASHELLS,6504.0,10
1666600,Caesar,Camilla,JAMS,SEASHELLS,6503.0,11
1666700,Caesar,Camilla,JAMS,SEASHELLS,6503.0,8
1666700,Paris,Caesar,JAMS,SEASHELLS,6504.0,6
1668600,Caesar,Paris,JAMS,SEASHELLS,6500.0,7
1669100,Caesar,Paris,JAMS,SEASHELLS,6500.0,9
1673600,Paris,Caesar,JAMS,SEASHELLS,6498.0,9
1674300,Caesar,Paris,JAMS,SEASHELLS,6495.0,8
1675200,Caesar,Camilla,JAMS,SEASHELLS,6495.0,3
1675400,Caesar,Paris,JAMS,SEASHELLS,6495.0,5
1676400,Paris,Caesar,JAMS,SEASHELLS,6497.0,4
1678000,Caesar,Camilla,JAMS,SEASHELLS,6495.0,8
1679600,Caesar,Camilla,JAMS,SEASHELLS,6496.0,11
1680300,Caesar,Camilla,JAMS,SEASHELLS,6497.0,3
1680400,Paris,Caesar,JAMS,SEASHELLS,6499.0,8
1682400,Caesar,Camilla,JAMS,SEASHELLS,6495.0,10
1682700,Caesar,Camilla,JAMS,SEASHELLS,6496.0,8
1683500,Paris,Caesar,JAMS,SEASHELLS,6496.0,5
1683800,Paris,Caesar,JAMS,SEASHELLS,6497.0,10
1684500,Paris,Camilla,JAMS,SEASHELLS,6495.0,3
1684900,Caesar,Camilla,JAMS,SEASHELLS,6494.0,8
1685100,Paris,Caesar,JAMS,SEASHELLS,6495.0,6
1687400,Caesar,Paris,JAMS,SEASHELLS,6499.0,9
1687800,Paris,Camilla,JAMS,SEASHELLS,6500.0,5
1688100,Caesar,Paris,JAMS,SEASHELLS,6499.0,10
1691500,Paris,Caesar,JAMS,SEASHELLS,6503.0,6
1692700,Paris,Caesar,JAMS,SEASHELLS,6503.0,4
1694000,Paris,Caesar,JAMS,SEASHELLS,6504.0,10
1694300,Paris,Caesar,JAMS,SEASHELLS,6504.0,9
1695600,Caesar,Paris,JAMS,SEASHELLS,6503.0,5
1697300,Caesar,Paris,JAMS,SEASHELLS,6498.0,10
1697800,Paris,Caesar,JAMS,SEASHELLS,6497.0,9
1699000,Caesar,Paris,JAMS,SEASHELLS,6498.0,4
1699900,Caesar,Camilla,JAMS,SEASHELLS,6497.0,8
1700100,Caesar,Camilla,JAMS,SEASHELLS,6497.0,12
1700500,Caesar,Camilla,JAMS,SEASHELLS,6496.0,5
1700900,Caesar,Paris,JAMS,SEASHELLS,6495.0,5
1703800,Caesar,Paris,JAMS,SEASHELLS,6486.0,6
1704100,Paris,Caesar,JAMS,SEASHELLS,6486.0,10
1705600,Caesar,Camilla,JAMS,SEASHELLS,6485.0,9
1705800,Caesar,Paris,JAMS,SEASHELLS,6485.0,7
1705900,Caesar,Paris,JAMS,SEASHELLS,6485.0,9
1707900,Caesar,Camilla,JAMS,SEASHELLS,6487.0,12
1708400,Paris,Caesar,JAMS,SEASHELLS,6489.0,6
1710200,Paris,Caesar,JAMS,SEASHELLS,6491.0,5
1710900,Paris,Caesar,JAMS,SEASHELLS,6491.0,9
1711200,Caesar,Camilla,JAMS,SEASHELLS,6489.0,3
1711900,Caesar,Paris,JAMS,SEASHELLS,6489.0,10
1712000,Paris,Caesar,JAMS,SEASHELLS,6490.0,7
1712300,Caesar,Paris,JAMS,SEASHELLS,6487.0,9
1713100,Caesar,Camilla,JAMS,SEASHELLS,6488.0,6
1714300,Paris,Caesar,JAMS,SEASHELLS,6491.0,10
1714800,Paris,Caesar,JAMS,SEASHELLS,6491.0,9
1714900,Caesar,Camilla,JAMS,SEASHELLS,6490.0,3
1715000,Caesar,Paris,JAMS,SEASHELLS,6489.0,4
1715200,Caesar,Paris,JAMS,SEASHELLS,6489.0,4
1715500,Caesar,Camilla,JAMS,SEASHELLS,6492.0,7
1716400,Paris,Caesar,JAMS,SEASHELLS,6495.0,4
1717600,Caesar,Camilla,JAMS,SEASHELLS,6492.0,3
1718000,Paris,Caesar,JAMS,SEASHELLS,6494.0,5
1718200,Caesar,Camilla,JAMS,SEASHELLS,6493.0,10
1719000,Paris,Caesar,JAMS,SEASHELLS,6495.0,5
1720300,Caesar,Camilla,JAMS,SEASHELLS,6491.0,6
1720300,Paris,Caesar,JAMS,SEASHELLS,6492.0,10
1720400,Caesar,Paris,JAMS,SEASHELLS,6491.0,5
1720700,Caesar,Camilla,JAMS,SEASHELLS,6489.0,12
1721100,Caesar,Paris,JAMS,SEASHELLS,6488.0,4
1721200,Caesar,Paris,JAMS,SEASHELLS,6488.0,5
1721300,Paris,Caesar,JAMS,SEASHELLS,6489.0,8
1721600,Caesar,Paris,JAMS,SEASHELLS,6488.0,6
1722200,Paris,Caesar,JAMS,SEASHELLS,6489.0,9
1722500,Caesar,Paris,JAMS,SEASHELLS,6488.0,10
1722800,Caesar,Paris,JAMS,SEASHELLS,6487.0,6
1724400,Caesar,Paris,JAMS,SEASHELLS,6488.0,8
1725200,Paris,Caesar,JAMS,SEASHELLS,6490.0,9
1726000,Caesar,Paris,JAMS,SEASHELLS,6488.0,9
1726400,Caesar,Camilla,JAMS,SEASHELLS,6489.0,6
1728500,Paris,Caesar,JAMS,SEASHELLS,6488.0,10
1728800,Paris,Caesar,JAMS,SEASHELLS,6488.0,6
1730000,Paris,Caesar,JAMS,SEASHELLS,6487.0,6
1731400,Paris,Caesar,JAMS,SEASHELLS,6488.0,4
1732200,Paris,Caesar,JAMS,SEASHELLS,6487.0,4
1732600,Caesar,Camilla,JAMS,SEASHELLS,6486.0,11
1733800,Caesar,Paris,JAMS,SEASHELLS,6485.0,9
1735200,Paris,Caesar,JAMS,SEASHELLS,6489.0,8
1735700,Paris,Caesar,JAMS,SEASHELLS,6490.0,8
1736100,Paris,Caesar,JAMS,SEASHELLS,6488.0,7
1736500,Caesar,Paris,JAMS,SEASHELLS,6487.0,6
1737800,Caesar,Camilla,JAMS,SEASHELLS,6486.0,9
1738300,Caesar,Paris,JAMS,SEASHELLS,6487.0,8
1742800,Caesar,Camilla,JAMS,SEASHELLS,6481.0,10
1743400,Caesar,Paris,JAMS,SEASHELLS,6481.0,9
1743800,Caesar,Paris,JAMS,SEASHELLS,6481.0,5
1744600,Caesar,Camilla,JAMS,SEASHELLS,6482.0,6
1744600,Caesar,Paris,JAMS,SEASHELLS,6482.0,4
1746200,Caesar,Camilla,JAMS,SEASHELLS,6480.0,10
1746500,Paris,Caesar,JAMS,SEASHELLS,6485.0,6
1747100,Caesar,Paris,JAMS,SEASHELLS,6483.0,5
1748100,Paris,Caesar,JAMS,SEASHELLS,6487.0,4
1748400,Caesar,Camilla,JAMS,SEASHELLS,6485.0,5
1751100,Caesar,Camilla,JAMS,SEASHELLS,6483.0,7
1752700,Caesar,Paris,JAMS,SEASHELLS,6488.0,9
1754100,Paris,Caesar,JAMS,SEASHELLS,6490.0,5
1754500,Paris,Caesar,JAMS,SEASHELLS,6490.0,4
1755800,Caesar,Paris,JAMS,SEASHELLS,6489.0,7
1755900,Caesar,Paris,JAMS,SEASHELLS,6489.0,8
1756100,Paris,Caesar,JAMS,SEASHELLS,6491.0,6
1757700,Caesar,Camilla,JAMS,SEASHELLS,6492.0,4
1757800,Caesar,Camilla,JAMS,SEASHELLS,6492.0,9
1759000,Caesar,Paris,JAMS,SEASHELLS,6494.0,5
1759500,Caesar,Paris,JAMS,SEASHELLS,6495.0,7
1760400,Caesar,Paris,JAMS,SEASHELLS,6495.0,6
1761200,Caesar,Paris,JAMS,SEASHELLS,6496.0,7
1762200,Caesar,Paris,JAMS,SEASHELLS,6495.0,4
1764700,Caesar,Camilla,JAMS,SEASHELLS,6489.0,5
1767300,Caesar,Paris,JAMS,SEASHELLS,6491.0,4
1767600,Caesar,Paris,JAMS,SEASHELLS,6491.0,5
1767800,Caesar,Paris,JAMS,SEASHELLS,6491.0,8
1768500,Paris,Caesar,JAMS,SEASHELLS,6496.0,5
1770700,Caesar,Paris,JAMS,SEASHELLS,6492.0,5
1771300,Caesar,Paris,JAMS,SEASHELLS,6492.0,4
1772600,Caesar,Camilla,JAMS,SEASHELLS,6491.0,10
1772600,Paris,Caesar,JAMS,SEASHELLS,6493.0,10
1773400,Paris,Caesar,JAMS,SEASHELLS,6492.0,6
1776100,Paris,Caesar,JAMS,SEASHELLS,6493.0,6
1777800,Caesar,Camilla,JAMS,SEASHELLS,6493.0,5
1779200,Caesar,Paris,JAMS,SEASHELLS,6495.0,10
1782600,Paris,Caesar,JAMS,SEASHELLS,6495.0,10
1783300,Paris,Caesar,JAMS,SEASHELLS,6493.0,5
1783500,Caesar,Camilla,JAMS,SEASHELLS,6492.0,7
1783700,Paris,Caesar,JAMS,SEASHELLS,6495.0,9
1784300,Caesar,Paris,JAMS,SEASHELLS,6492.0,8
1785500,Caesar,Camilla,JAMS,SEASHELLS,6490.0,11
1786100,Caesar,Camilla,JAMS,SEASHELLS,6490.0,7
1786300,Caesar,Paris,JAMS,SEASHELLS,6489.0,4
1788600,Paris,Caesar,JAMS,SEASHELLS,6485.0,5
1788900,Paris,Caesar,JAMS,SEASHELLS,6486.0,4
1789300,Caesar,Paris,JAMS,SEASHELLS,6485.0,10
1790300,Caesar,Paris,JAMS,SEASHELLS,6487.0,10
1790900,Caesar,Camilla,JAMS,SEASHELLS,6485.0,10
1791300,Caesar,Paris,JAMS,SEASHELLS,6485.0,8
1791400,Caesar,Camilla,JAMS,SEASHELLS,6483.0,6
1792100,Caesar,Camilla,JAMS,SEASHELLS,6481.0,3
1794600,Paris,Caesar,JAMS,SEASHELLS,6484.0,7
1796000,Paris,Caesar,JAMS,SEASHELLS,6481.0,4
1797300,Caesar,Paris,JAMS,SEASHELLS,6481.0,9
1798000,Paris,Caesar,JAMS,SEASHELLS,6481.0,8
1799900,Caesar,Paris,JAMS,SEASHELLS,6477.0,6
1800100,Caesar,Camilla,JAMS,SEASHELLS,6478.0,10
1800500,Paris,Caesar,JAMS,SEASHELLS,6477.0,6
1801400,Caesar,Paris,JAMS,SEASHELLS,6475.0,6
1801600,Caesar,Camilla,JAMS,SEASHELLS,6475.0,9
1801700,Paris,Caesar,JAMS,SEASHELLS,6477.0,4
1802700,Caesar,Paris,JAMS,SEASHELLS,6475.0,7
1805500,Paris,Caesar,JAMS,SEASHELLS,6477.0,6
1806000,Paris,Caesar,JAMS,SEASHELLS,6474.0,5
1806900,Paris,Caesar,JAMS,SEASHELLS,6475.0,6
1808200,Paris,Caesar,JAMS,SEASHELLS,6474.0,4
1809900,Paris,Caesar,JAMS,SEASHELLS,6474.0,4
1810000,Paris,Caesar,JAMS,SEASHELLS,6473.0,10
1810300,Paris,Caesar,JAMS,SEASHELLS,6473.0,7
1810600,Caesar,Camilla,JAMS,SEASHELLS,6472.0,6
1810700,Paris,Caesar,JAMS,SEASHELLS,6473.0,4
1811700,Paris,Caesar,JAMS,SEASHELLS,6474.0,7
1812200,Caesar,Paris,JAMS,SEASHELLS,6473.0,8
1812700,Paris,Caesar,JAMS,SEASHELLS,6474.0,5
1814100,Caesar,Camilla,JAMS,SEASHELLS,6470.0,10
1815300,Paris,Caesar,JAMS,SEASHELLS,6469.0,10
1815500,Caesar,Paris,JAMS,SEASHELLS,6468.0,6
1817800,Paris,Caesar,JAMS,SEASHELLS,6469.0,5
1819700,Paris,Caesar,JAMS,SEASHELLS,6469.0,5
1820700,Caesar,Camilla,JAMS,SEASHELLS,6467.0,12
1821500,Caesar,Camilla,JAMS,SEASHELLS,6466.0,12
1821900,Paris,Caesar,JAMS,SEASHELLS,6467.0,9
1823000,Caesar,Camilla,JAMS,SEASHELLS,6464.0,9
1825500,Caesar,Camilla,JAMS,SEASHELLS,6466.0,3
1826100,Caesar,Camilla,JAMS,SEASHELLS,6467.0,8
1826100,Paris,Caesar,JAMS,SEASHELLS,6468.0,6
1829200,Caesar,Paris,JAMS,SEASHELLS,6469.0,10
1829800,Caesar,Paris,JAMS,SEASHELLS,6469.0,8
1830400,Paris,Caesar,JAMS,SEASHELLS,6470.0,7
1833500,Caesar,Camilla,JAMS,SEASHELLS,6469.0,7
1833800,Caesar,Paris,JAMS,SEASHELLS,6468.0,6
1833900,Caesar,Paris,JAMS,SEASHELLS,6469.0,5
1834300,Paris,Caesar,JAMS,SEASHELLS,6471.0,7
1834800,Caesar,Camilla,JAMS,SEASHELLS,6469.0,8
1835600,Paris,Caesar,JAMS,SEASHELLS,6471.0,10
1837800,Caesar,Paris,JAMS,SEASHELLS,6469.0,10
1838200,Caesar,Camilla,JAMS,SEASHELLS,6469.0,7
1839100,Caesar,Camilla,JAMS,SEASHELLS,6469.0,3
1839400,Paris,Caesar,JAMS,SEASHELLS,6469.0,8
1839700,Paris,Caesar,JAMS,SEASHELLS,6469.0,10
1841200,Caesar,Paris,JAMS,SEASHELLS,6469.0,9
1841300,Caesar,Paris,JAMS,SEASHELLS,6469.0,8
1841900,Paris,Caesar,JAMS,SEASHELLS,6471.0,6
1842800,Caesar,Camilla,JAMS,SEASHELLS,6471.0,4
1843600,Caesar,Paris,JAMS,SEASHELLS,6469.0,4
1843800,Caesar,Paris,JAMS,SEASHELLS,6469.0,4
1844400,Caesar,Paris,JAMS,SEASHELLS,6469.0,10
1845600,Caesar,Paris,JAMS,SEASHELLS,6470.0,9
1848600,Caesar,Paris,JAMS,SEASHELLS,6470.0,7
1848800,Paris,Caesar,JAMS,SEASHELLS,6472.0,10
1848900,Caesar,Paris,JAMS,SEASHELLS,6470.0,4
1849600,Paris,Caesar,JAMS,SEASHELLS,6471.0,8
1850000,Paris,Caesar,JAMS,SEASHELLS,6469.0,8
1850200,Paris,Caesar,JAMS,SEASHELLS,6469.0,8
1850900,Paris,Caesar,JAMS,SEASHELLS,6470.0,9
1857500,Caesar,Paris,JAMS,SEASHELLS,6470.0,10
1857800,Paris,Caesar,JAMS,SEASHELLS,6471.0,6
1858300,Paris,Caesar,JAMS,SEASHELLS,6471.0,6
1860400,Caesar,Paris,JAMS,SEASHELLS,6471.0,6
1861200,Caesar,Paris,JAMS,SEASHELLS,6473.0,7
1861500,Paris,Caesar,JAMS,SEASHELLS,6475.0,9
1862500,Caesar,Paris,JAMS,SEASHELLS,6473.0,7
1863000,Caesar,Paris,JAMS,SEASHELLS,6473.0,5
1865800,Paris,Caesar,JAMS,SEASHELLS,6474.0,8
1865900,Caesar,Paris,JAMS,SEASHELLS,6472.0,6
1866700,Caesar,Paris,JAMS,SEASHELLS,6472.0,5
1867000,Caesar,Paris,JAMS,SEASHELLS,6471.0,10
1868600,Caesar,Paris,JAMS,SEASHELLS,6469.0,6
1869100,Caesar,Camilla,JAMS,SEASHELLS,6468.0,4
1870600,Caesar,Paris,JAMS,SEASHELLS,6468.0,7
1870900,Caesar,Paris,JAMS,SEASHELLS,6469.0,10
1871700,Caesar,Paris,JAMS,SEASHELLS,6468.0,6
1873000,Caesar,Paris,JAMS,SEASHELLS,6467.0,9
1875700,Paris,Caesar,JAMS,SEASHELLS,6471.0,4
1876100,Paris,Caesar,JAMS,SEASHELLS,6472.0,7
1877000,Caesar,Paris,JAMS,SEASHELLS,6468.0,9
1878000,Paris,Caesar,JAMS,SEASHELLS,6471.0,10
1878600,Paris,Caesar,JAMS,SEASHELLS,6471.0,5
1879100,Caesar,Camilla,JAMS,SEASHELLS,6470.0,4
1879100,Paris,Caesar,JAMS,SEASHELLS,6471.0,10
1879300,Paris,Caesar,JAMS,SEASHELLS,6471.0,5
1880700,Caesar,Paris,JAMS,SEASHELLS,6471.0,5
1882000,Caesar,Camilla,JAMS,SEASHELLS,6469.0,4
1882600,Paris,Caesar,JAMS,SEASHELLS,6471.0,6
1883100,Paris,Caesar,JAMS,SEASHELLS,6471.0,6
1883200,Caesar,Paris,JAMS,SEASHELLS,6469.0,8
1883400,Paris,Caesar,JAMS,SEASHELLS,6471.0,7
1884100,Caesar,Camilla,JAMS,SEASHELLS,6470.0,5
1887100,Paris,Caesar,JAMS,SEASHELLS,6472.0,7
1887500,Caesar,Camilla,JAMS,SEASHELLS,6471.0,3
1887800,Caesar,Camilla,JAMS,SEASHELLS,6470.0,11
1888200,Caesar,Paris,JAMS,SEASHELLS,6469.0,10
1888300,Paris,Caesar,JAMS,SEASHELLS,6471.0,9
1888700,Paris,Caesar,JAMS,SEASHELLS,6471.0,7
1890700,Caesar,Paris,JAMS,SEASHELLS,6470.0,7
1892800,Paris,Caesar,JAMS,SEASHELLS,6474.0,7
1893400,Paris,Caesar,JAMS,SEASHELLS,6474.0,9
1893800,Caesar,Camilla,JAMS,SEASHELLS,6473.0,8
1894000,Caesar,Camilla,JAMS,SEASHELLS,6471.0,7
1894200,Caesar,Paris,JAMS,SEASHELLS,6469.0,8
1895500,Caesar,Camilla,JAMS,SEASHELLS,6468.0,10
1896200,Caesar,Paris,JAMS,SEASHELLS,6467.0,4
1896700,Paris,Caesar,JAMS,SEASHELLS,6468.0,6
1897200,Caesar,Paris,JAMS,SEASHELLS,6464.0,5
1899300,Caesar,Paris,JAMS,SEASHELLS,6460.0,10
1899700,Caesar,Camilla,JAMS,SEASHELLS,6459.0,6
1900500,Caesar,Camilla,JAMS,SEASHELLS,6460.0,10
1900600,Caesar,Camilla,JAMS,SEASHELLS,6460.0,7
