day,timestamp,product,bid_price_1,bid_volume_1,bid_price_2,bid_volume_2,bid_price_3,bid_volume_3,ask_price_1,ask_volume_1,ask_price_2,ask_volume_2,ask_price_3,ask_volume_3,mid_price,profit_and_loss
2,0,KELP,2044.0,23.0,,,,,2047.0,22.0,,,,,2045.5,0.0
2,100,KELP,2044.0,26.0,,,,,2046.0,5.0,2047.0,26.0,,,2045.0,0.0
2,200,KELP,2046.0,1.0,2044.0,32.0,,,2047.0,32.0,,,,,2046.5,0.0
2,300,KELP,2044.0,27.0,,,,,2047.0,28.0,,,,,2045.5,0.0
2,400,KELP,2044.0,30.0,,,,,2047.0,25.0,,,,,2045.5,0.0
2,500,KELP,2044.0,22.0,,,,,2047.0,22.0,,,,,2045.5,0.0
2,600,KELP,2044.0,25.0,,,,,2046.0,2.0,2047.0,25.0,,,2045.0,0.0
2,700,KELP,2044.0,28.0,,,,,2047.0,23.0,,,,,2045.5,0.0
2,800,KELP,2043.0,28.0,,,,,2047.0,28.0,,,,,2045.0,0.0
2,900,KELP,2043.0,21.0,,,,,2047.0,21.0,,,,,2045.0,0.0
2,1000,KELP,2043.0,30.0,,,,,2047.0,30.0,,,,,2045.0,0.0
2,1100,KELP,2043.0,30.0,,,,,2047.0,30.0,,,,,2045.0,0.0
2,1200,KELP,2043.0,29.0,,,,,2047.0,29.0,,,,,2045.0,0.0
2,1300,KELP,2043.0,23.0,,,,,2047.0,23.0,,,,,2045.0,0.0
2,1400,KELP,2043.0,26.0,,,,,2047.0,26.0,,,,,2045.0,0.0
2,1500,KELP,2043.0,31.0,,,,,2044.0,1.0,2047.0,31.0,,,2043.5,0.0
2,1600,KELP,2043.0,24.0,,,,,2046.0,1.0,2047.0,23.0,,,2044.5,0.0
2,1700,KELP,2043.0,24.0,,,,,2047.0,24.0,,,,,2045.0,0.0
2,1800,KELP,2043.0,30.0,,,,,2047.0,30.0,,,,,2045.0,0.0
2,1900,KELP,2043.0,26.0,,,,,2047.0,26.0,,,,,2045.0,0.0
2,2000,KELP,2043.0,22.0,,,,,2045.0,1.0,2047.0,22.0,,,2044.0,0.0
2,2100,KELP,2043.0,25.0,,,,,2047.0,25.0,,,,,2045.0,0.0
2,2200,KELP,2044.0,31.0,,,,,2047.0,31.0,,,,,2045.5,0.0
2,2300,KELP,2044.0,21.0,,,,,2047.0,21.0,,,,,2045.5,0.0
2,2400,KELP,2046.0,1.0,2044.0,29.0,,,2047.0,26.0,,,,,2046.5,0.0
2,2500,KELP,2044.0,27.0,,,,,2047.0,27.0,,,,,2045.5,0.0
2,2600,KELP,2043.0,21.0,,,,,2047.0,21.0,,,,,2045.0,0.0
2,2700,KELP,2046.0,1.0,2044.0,4.0,2043.0,29.0,2047.0,31.0,,,,,2046.5,0.0
2,2800,KELP,2044.0,27.0,,,,,2047.0,22.0,,,,,2045.5,0.0
2,2900,KELP,2043.0,22.0,,,,,2047.0,22.0,,,,,2045.0,0.0
2,3000,KELP,2044.0,1.0,2043.0,27.0,,,2047.0,28.0,,,,,2045.5,0.0
2,3100,KELP,2043.0,25.0,,,,,2047.0,25.0,,,,,2045.0,0.0
2,3200,KELP,2043.0,29.0,,,,,2045.0,7.0,2047.0,29.0,,,2044.0,0.0
2,3300,KELP,2043.0,28.0,,,,,2047.0,28.0,,,,,2045.0,0.0
2,3400,KELP,2044.0,3.0,2043.0,26.0,,,2047.0,26.0,,,,,2045.5,0.0
2,3500,KELP,2043.0,23.0,,,,,2045.0,1.0,2047.0,23.0,,,2044.0,0.0
2,3600,KELP,2044.0,3.0,2043.0,30.0,,,2047.0,30.0,,,,,2045.5,0.0
2,3700,KELP,2043.0,25.0,,,,,2044.0,5.0,2045.0,2.0,2047.0,25.0,2043.5,0.0
2,3800,KELP,2043.0,30.0,,,,,2047.0,30.0,,,,,2045.0,0.0
2,3900,KELP,2044.0,5.0,2043.0,28.0,,,2047.0,28.0,,,,,2045.5,0.0
2,4000,KELP,2044.0,32.0,,,,,2047.0,32.0,,,,,2045.5,0.0
2,4100,KELP,2044.0,26.0,,,,,2047.0,26.0,,,,,2045.5,0.0
2,4200,KELP,2044.0,28.0,,,,,2047.0,28.0,,,,,2045.5,0.0
2,4300,KELP,2044.0,25.0,,,,,2045.0,5.0,2047.0,25.0,,,2044.5,0.0
2,4400,KELP,2044.0,22.0,,,,,2047.0,22.0,,,,,2045.5,0.0
2,4500,KELP,2044.0,26.0,,,,,2047.0,26.0,,,,,2045.5,0.0
2,4600,KELP,2046.0,1.0,2044.0,22.0,,,2047.0,22.0,,,,,2046.5,0.0
2,4700,KELP,2044.0,8.0,2043.0,27.0,,,2047.0,27.0,,,,,2045.5,0.0
2,4800,KELP,2044.0,29.0,,,,,2047.0,29.0,,,,,2045.5,0.0
2,4900,KELP,2044.0,2.0,2043.0,27.0,,,2047.0,29.0,,,,,2045.5,0.0
2,5000,KELP,2044.0,37.0,,,,,2047.0,31.0,,,,,2045.5,0.0
2,5100,KELP,2044.0,26.0,,,,,2047.0,25.0,,,,,2045.5,0.0
2,5200,KELP,2044.0,30.0,,,,,2047.0,30.0,,,,,2045.5,0.0
2,5300,KELP,2046.0,1.0,2044.0,22.0,,,2047.0,22.0,,,,,2046.5,0.0
2,5400,KELP,2044.0,17.0,,,,,2046.0,7.0,2047.0,22.0,,,2045.0,0.0
2,5500,KELP,2044.0,29.0,,,,,2047.0,29.0,,,,,2045.5,0.0
2,5600,KELP,2044.0,29.0,,,,,2047.0,21.0,,,,,2045.5,0.0
2,5700,KELP,2044.0,37.0,,,,,2047.0,30.0,,,,,2045.5,0.0
2,5800,KELP,2044.0,37.0,,,,,2047.0,30.0,,,,,2045.5,0.0
2,5900,KELP,2045.0,4.0,2044.0,31.0,,,2047.0,31.0,,,,,2046.0,0.0
2,6000,KELP,2044.0,32.0,,,,,2047.0,32.0,,,,,2045.5,0.0
2,6100,KELP,2044.0,24.0,,,,,2046.0,8.0,2047.0,29.0,,,2045.0,0.0
2,6200,KELP,2044.0,21.0,,,,,2047.0,21.0,,,,,2045.5,0.0
2,6300,KELP,2044.0,22.0,,,,,2047.0,22.0,,,,,2045.5,0.0
2,6400,KELP,2046.0,3.0,2044.0,25.0,,,2047.0,25.0,,,,,2046.5,0.0
2,6500,KELP,2044.0,26.0,,,,,2047.0,26.0,,,,,2045.5,0.0
2,6600,KELP,2044.0,25.0,,,,,2047.0,25.0,,,,,2045.5,0.0
2,6700,KELP,2044.0,30.0,,,,,2047.0,1.0,2048.0,29.0,,,2045.5,0.0
2,6800,KELP,2044.0,33.0,,,,,2047.0,31.0,,,,,2045.5,0.0
2,6900,KELP,2044.0,24.0,,,,,2047.0,24.0,,,,,2045.5,0.0
2,7000,KELP,2046.0,2.0,2044.0,24.0,,,2047.0,23.0,,,,,2046.5,0.0
2,7100,KELP,2044.0,27.0,,,,,2047.0,27.0,,,,,2045.5,0.0
2,7200,KELP,2044.0,20.0,,,,,2047.0,20.0,,,,,2045.5,0.0
2,7300,KELP,2044.0,22.0,,,,,2046.0,8.0,2047.0,22.0,,,2045.0,0.0
2,7400,KELP,2044.0,27.0,,,,,2047.0,28.0,,,,,2045.5,0.0
2,7500,KELP,2044.0,21.0,,,,,2047.0,21.0,,,,,2045.5,0.0
2,7600,KELP,2044.0,31.0,,,,,2047.0,31.0,,,,,2045.5,0.0
2,7700,KELP,2044.0,25.0,,,,,2047.0,25.0,,,,,2045.5,0.0
2,7800,KELP,2046.0,1.0,2044.0,22.0,,,2047.0,22.0,,,,,2046.5,0.0
2,7900,KELP,2044.0,24.0,,,,,2046.0,1.0,2047.0,24.0,,,2045.0,0.0
2,8000,KELP,2044.0,22.0,,,,,2047.0,22.0,,,,,2045.5,0.0
2,8100,KELP,2044.0,31.0,,,,,2047.0,31.0,,,,,2045.5,0.0
2,8200,KELP,2044.0,24.0,,,,,2046.0,7.0,2048.0,24.0,,,2045.0,0.0
2,8300,KELP,2045.0,8.0,2044.0,24.0,,,2047.0,1.0,2048.0,23.0,,,2046.0,0.0
2,8400,KELP,2044.0,24.0,,,,,2047.0,24.0,,,,,2045.5,0.0
2,8500,KELP,2044.0,21.0,,,,,2047.0,21.0,,,,,2045.5,0.0
2,8600,KELP,2044.0,25.0,,,,,2047.0,25.0,,,,,2045.5,0.0
2,8700,KELP,2044.0,30.0,,,,,2047.0,30.0,,,,,2045.5,0.0
2,8800,KELP,2044.0,24.0,,,,,2047.0,24.0,,,,,2045.5,0.0
2,8900,KELP,2044.0,29.0,,,,,2047.0,29.0,,,,,2045.5,0.0
2,9000,KELP,2044.0,20.0,,,,,2046.0,2.0,2047.0,20.0,,,2045.0,0.0
2,9100,KELP,2044.0,26.0,,,,,2047.0,26.0,,,,,2045.5,0.0
2,9200,KELP,2044.0,21.0,,,,,2046.0,6.0,2047.0,21.0,,,2045.0,0.0
2,9300,KELP,2046.0,1.0,2044.0,25.0,,,2047.0,25.0,,,,,2046.5,0.0
2,9400,KELP,2044.0,29.0,,,,,2047.0,30.0,,,,,2045.5,0.0
2,9500,KELP,2045.0,6.0,2044.0,28.0,,,2047.0,1.0,2048.0,27.0,,,2046.0,0.0
2,9600,KELP,2046.0,1.0,2044.0,32.0,,,2047.0,2.0,2048.0,30.0,,,2046.5,0.0
2,9700,KELP,2044.0,29.0,,,,,2047.0,1.0,2048.0,26.0,,,2045.5,0.0
2,9800,KELP,2044.0,30.0,,,,,2046.0,2.0,2047.0,1.0,2048.0,29.0,2045.0,0.0
2,9900,KELP,2044.0,31.0,,,,,2045.0,5.0,2048.0,31.0,,,2044.5,0.0
2,10000,KELP,2044.0,30.0,,,,,2048.0,23.0,,,,,2046.0,0.0
2,10100,KELP,2044.0,22.0,,,,,2047.0,22.0,,,,,2045.5,0.0
2,10200,KELP,2044.0,25.0,,,,,2047.0,25.0,,,,,2045.5,0.0
2,10300,KELP,2044.0,21.0,,,,,2047.0,21.0,,,,,2045.5,0.0
2,10400,KELP,2044.0,21.0,,,,,2047.0,21.0,,,,,2045.5,0.0
2,10500,KELP,2044.0,36.0,,,,,2047.0,29.0,,,,,2045.5,0.0
2,10600,KELP,2045.0,4.0,2044.0,27.0,,,2046.0,6.0,2047.0,27.0,,,2045.5,0.0
2,10700,KELP,2044.0,23.0,,,,,2047.0,22.0,,,,,2045.5,0.0
2,10800,KELP,2046.0,1.0,2044.0,33.0,,,2047.0,25.0,,,,,2046.5,0.0
2,10900,KELP,2044.0,32.0,,,,,2047.0,32.0,,,,,2045.5,0.0
2,11000,KELP,2044.0,25.0,,,,,2048.0,25.0,,,,,2046.0,0.0
2,11100,KELP,2044.0,27.0,,,,,2046.0,8.0,2047.0,2.0,2048.0,25.0,2045.0,0.0
2,11200,KELP,2044.0,27.0,,,,,2047.0,27.0,,,,,2045.5,0.0
2,11300,KELP,2044.0,29.0,,,,,2047.0,29.0,,,,,2045.5,0.0
2,11400,KELP,2044.0,28.0,,,,,2047.0,22.0,,,,,2045.5,0.0
2,11500,KELP,2044.0,33.0,,,,,2047.0,27.0,,,,,2045.5,0.0
2,11600,KELP,2044.0,31.0,,,,,2047.0,31.0,,,,,2045.5,0.0
2,11700,KELP,2044.0,23.0,,,,,2045.0,3.0,2047.0,23.0,,,2044.5,0.0
2,11800,KELP,2044.0,27.0,,,,,2047.0,27.0,,,,,2045.5,0.0
2,11900,KELP,2046.0,8.0,2044.0,21.0,,,2047.0,21.0,,,,,2046.5,0.0
2,12000,KELP,2044.0,24.0,,,,,2047.0,24.0,,,,,2045.5,0.0
2,12100,KELP,2044.0,24.0,,,,,2046.0,8.0,2047.0,24.0,,,2045.0,0.0
2,12200,KELP,2044.0,32.0,,,,,2047.0,25.0,,,,,2045.5,0.0
2,12300,KELP,2044.0,18.0,,,,,2047.0,21.0,,,,,2045.5,0.0
2,12400,KELP,2044.0,28.0,,,,,2047.0,29.0,,,,,2045.5,0.0
2,12500,KELP,2044.0,24.0,,,,,2047.0,24.0,,,,,2045.5,0.0
2,12600,KELP,2045.0,2.0,2044.0,30.0,,,2048.0,30.0,,,,,2046.5,0.0
2,12700,KELP,2044.0,24.0,,,,,2048.0,24.0,,,,,2046.0,0.0
2,12800,KELP,2044.0,24.0,,,,,2046.0,1.0,2048.0,24.0,,,2045.0,0.0
2,12900,KELP,2046.0,1.0,2044.0,29.0,,,2048.0,29.0,,,,,2047.0,0.0
2,13000,KELP,2044.0,26.0,,,,,2047.0,1.0,2048.0,25.0,,,2045.5,0.0
2,13100,KELP,2044.0,25.0,,,,,2047.0,1.0,2048.0,24.0,,,2045.5,0.0
2,13200,KELP,2044.0,21.0,,,,,2047.0,1.0,2048.0,20.0,,,2045.5,0.0
2,13300,KELP,2044.0,30.0,,,,,2048.0,30.0,,,,,2046.0,0.0
2,13400,KELP,2044.0,31.0,,,,,2048.0,31.0,,,,,2046.0,0.0
2,13500,KELP,2044.0,23.0,,,,,2046.0,1.0,2048.0,23.0,,,2045.0,0.0
2,13600,KELP,2046.0,3.0,2044.0,30.0,,,2048.0,30.0,,,,,2047.0,0.0
2,13700,KELP,2045.0,30.0,,,,,2047.0,2.0,2048.0,30.0,,,2046.0,0.0
2,13800,KELP,2045.0,26.0,,,,,2048.0,26.0,,,,,2046.5,0.0
2,13900,KELP,2045.0,20.0,,,,,2047.0,3.0,2048.0,21.0,,,2046.0,0.0
2,14000,KELP,2045.0,29.0,,,,,2048.0,29.0,,,,,2046.5,0.0
2,14100,KELP,2047.0,4.0,2045.0,28.0,,,2048.0,28.0,,,,,2047.5,0.0
2,14200,KELP,2045.0,27.0,,,,,2049.0,27.0,,,,,2047.0,0.0
2,14300,KELP,2045.0,32.0,,,,,2048.0,2.0,2049.0,30.0,,,2046.5,0.0
2,14400,KELP,2046.0,5.0,2045.0,27.0,,,2049.0,27.0,,,,,2047.5,0.0
2,14500,KELP,2045.0,21.0,,,,,2046.0,5.0,2049.0,21.0,,,2045.5,0.0
2,14600,KELP,2045.0,23.0,,,,,2047.0,5.0,2048.0,1.0,2049.0,22.0,2046.0,0.0
2,14700,KELP,2047.0,1.0,2046.0,2.0,2045.0,28.0,2048.0,26.0,,,,,2047.5,0.0
2,14800,KELP,2045.0,24.0,,,,,2048.0,1.0,2049.0,23.0,,,2046.5,0.0
2,14900,KELP,2045.0,21.0,,,,,2047.0,7.0,2049.0,21.0,,,2046.0,0.0
2,15000,KELP,2047.0,1.0,2045.0,25.0,,,2048.0,25.0,,,,,2047.5,0.0
2,15100,KELP,2045.0,26.0,,,,,2048.0,26.0,,,,,2046.5,0.0
2,15200,KELP,2045.0,24.0,,,,,2048.0,25.0,,,,,2046.5,0.0
2,15300,KELP,2045.0,27.0,,,,,2048.0,26.0,,,,,2046.5,0.0
2,15400,KELP,2045.0,24.0,,,,,2047.0,1.0,2048.0,24.0,,,2046.0,0.0
2,15500,KELP,2045.0,26.0,,,,,2048.0,24.0,,,,,2046.5,0.0
2,15600,KELP,2045.0,25.0,,,,,2048.0,2.0,2049.0,23.0,,,2046.5,0.0
2,15700,KELP,2045.0,21.0,,,,,2048.0,21.0,,,,,2046.5,0.0
2,15800,KELP,2045.0,31.0,,,,,2048.0,25.0,,,,,2046.5,0.0
2,15900,KELP,2045.0,39.0,,,,,2048.0,31.0,,,,,2046.5,0.0
2,16000,KELP,2045.0,23.0,,,,,2047.0,1.0,2048.0,23.0,,,2046.0,0.0
2,16100,KELP,2045.0,30.0,,,,,2048.0,27.0,,,,,2046.5,0.0
2,16200,KELP,2045.0,23.0,,,,,2048.0,23.0,,,,,2046.5,0.0
2,16300,KELP,2045.0,24.0,,,,,2047.0,3.0,2048.0,24.0,,,2046.0,0.0
2,16400,KELP,2045.0,27.0,,,,,2048.0,1.0,2049.0,26.0,,,2046.5,0.0
2,16500,KELP,2045.0,23.0,,,,,2048.0,1.0,2049.0,22.0,,,2046.5,0.0
2,16600,KELP,2045.0,29.0,,,,,2048.0,29.0,,,,,2046.5,0.0
2,16700,KELP,2045.0,32.0,,,,,2048.0,32.0,,,,,2046.5,0.0
2,16800,KELP,2045.0,28.0,,,,,2047.0,2.0,2048.0,2.0,2049.0,26.0,2046.0,0.0
2,16900,KELP,2045.0,23.0,,,,,2049.0,23.0,,,,,2047.0,0.0
2,17000,KELP,2045.0,28.0,,,,,2049.0,28.0,,,,,2047.0,0.0
2,17100,KELP,2045.0,35.0,,,,,2048.0,27.0,,,,,2046.5,0.0
2,17200,KELP,2045.0,34.0,,,,,2048.0,26.0,,,,,2046.5,0.0
2,17300,KELP,2045.0,29.0,,,,,2047.0,2.0,2048.0,29.0,,,2046.0,0.0
2,17400,KELP,2045.0,21.0,,,,,2048.0,21.0,,,,,2046.5,0.0
2,17500,KELP,2045.0,28.0,,,,,2048.0,28.0,,,,,2046.5,0.0
2,17600,KELP,2045.0,26.0,,,,,2048.0,26.0,,,,,2046.5,0.0
2,17700,KELP,2045.0,26.0,,,,,2048.0,26.0,,,,,2046.5,0.0
2,17800,KELP,2045.0,23.0,,,,,2048.0,23.0,,,,,2046.5,0.0
2,17900,KELP,2047.0,1.0,2045.0,26.0,,,2048.0,22.0,,,,,2047.5,0.0
2,18000,KELP,2047.0,1.0,2045.0,27.0,,,2048.0,25.0,,,,,2047.5,0.0
2,18100,KELP,2046.0,6.0,2045.0,31.0,,,2048.0,31.0,,,,,2047.0,0.0
2,18200,KELP,2045.0,28.0,,,,,2048.0,28.0,,,,,2046.5,0.0
2,18300,KELP,2045.0,30.0,,,,,2048.0,30.0,,,,,2046.5,0.0
2,18400,KELP,2045.0,22.0,,,,,2048.0,22.0,,,,,2046.5,0.0
2,18500,KELP,2045.0,32.0,,,,,2048.0,26.0,,,,,2046.5,0.0
2,18600,KELP,2045.0,26.0,,,,,2047.0,4.0,2048.0,27.0,,,2046.0,0.0
2,18700,KELP,2047.0,1.0,2045.0,20.0,,,2048.0,20.0,,,,,2047.5,0.0
2,18800,KELP,2047.0,10.0,2045.0,31.0,,,2048.0,31.0,,,,,2047.5,0.0
2,18900,KELP,2047.0,1.0,2045.0,1.0,2044.0,30.0,2048.0,31.0,,,,,2047.5,0.0
2,19000,KELP,2044.0,28.0,,,,,2046.0,4.0,2048.0,28.0,,,2045.0,0.0
2,19100,KELP,2044.0,29.0,,,,,2045.0,1.0,2048.0,30.0,,,2044.5,0.0
2,19200,KELP,2045.0,1.0,2044.0,23.0,,,2046.0,5.0,2048.0,24.0,,,2045.5,0.0
2,19300,KELP,2045.0,2.0,2044.0,22.0,,,2048.0,24.0,,,,,2046.5,0.0
2,19400,KELP,2044.0,24.0,,,,,2045.0,1.0,2047.0,6.0,2048.0,24.0,2044.5,0.0
2,19500,KELP,2045.0,1.0,2044.0,23.0,,,2048.0,24.0,,,,,2046.5,0.0
2,19600,KELP,2045.0,28.0,,,,,2048.0,28.0,,,,,2046.5,0.0
2,19700,KELP,2045.0,1.0,2044.0,25.0,,,2047.0,7.0,2048.0,27.0,,,2046.0,0.0
2,19800,KELP,2045.0,29.0,,,,,2048.0,29.0,,,,,2046.5,0.0
2,19900,KELP,2045.0,28.0,,,,,2048.0,28.0,,,,,2046.5,0.0
2,20000,KELP,2045.0,23.0,,,,,2047.0,3.0,2048.0,23.0,,,2046.0,0.0
2,20100,KELP,2045.0,35.0,,,,,2048.0,32.0,,,,,2046.5,0.0
2,20200,KELP,2045.0,26.0,,,,,2048.0,26.0,,,,,2046.5,0.0
2,20300,KELP,2045.0,26.0,,,,,2048.0,27.0,,,,,2046.5,0.0
2,20400,KELP,2045.0,27.0,,,,,2048.0,27.0,,,,,2046.5,0.0
2,20500,KELP,2045.0,28.0,,,,,2048.0,28.0,,,,,2046.5,0.0
2,20600,KELP,2045.0,26.0,,,,,2048.0,26.0,,,,,2046.5,0.0
2,20700,KELP,2045.0,21.0,,,,,2047.0,4.0,2048.0,21.0,,,2046.0,0.0
2,20800,KELP,2045.0,24.0,,,,,2048.0,24.0,,,,,2046.5,0.0
2,20900,KELP,2045.0,21.0,,,,,2048.0,21.0,,,,,2046.5,0.0
2,21000,KELP,2045.0,23.0,,,,,2048.0,23.0,,,,,2046.5,0.0
2,21100,KELP,2045.0,32.0,,,,,2048.0,27.0,,,,,2046.5,0.0
2,21200,KELP,2045.0,26.0,,,,,2048.0,26.0,,,,,2046.5,0.0
2,21300,KELP,2047.0,1.0,2045.0,30.0,,,2048.0,30.0,,,,,2047.5,0.0
2,21400,KELP,2045.0,26.0,,,,,2048.0,26.0,,,,,2046.5,0.0
2,21500,KELP,2045.0,29.0,,,,,2048.0,29.0,,,,,2046.5,0.0
2,21600,KELP,2045.0,28.0,,,,,2048.0,28.0,,,,,2046.5,0.0
2,21700,KELP,2045.0,27.0,,,,,2047.0,2.0,2048.0,27.0,,,2046.0,0.0
2,21800,KELP,2047.0,10.0,2045.0,33.0,,,2048.0,25.0,,,,,2047.5,0.0
2,21900,KELP,2045.0,30.0,,,,,2048.0,30.0,,,,,2046.5,0.0
2,22000,KELP,2045.0,26.0,,,,,2048.0,29.0,,,,,2046.5,0.0
2,22100,KELP,2045.0,30.0,,,,,2048.0,30.0,,,,,2046.5,0.0
2,22200,KELP,2045.0,29.0,,,,,2047.0,8.0,2048.0,29.0,,,2046.0,0.0
2,22300,KELP,2045.0,28.0,,,,,2048.0,28.0,,,,,2046.5,0.0
2,22400,KELP,2045.0,26.0,,,,,2048.0,26.0,,,,,2046.5,0.0
2,22500,KELP,2045.0,27.0,,,,,2048.0,27.0,,,,,2046.5,0.0
2,22600,KELP,2047.0,5.0,2045.0,28.0,,,2048.0,28.0,,,,,2047.5,0.0
2,22700,KELP,2045.0,30.0,,,,,2048.0,30.0,,,,,2046.5,0.0
2,22800,KELP,2045.0,27.0,,,,,2048.0,27.0,,,,,2046.5,0.0
2,22900,KELP,2045.0,28.0,,,,,2048.0,28.0,,,,,2046.5,0.0
2,23000,KELP,2045.0,25.0,,,,,2048.0,23.0,,,,,2046.5,0.0
2,23100,KELP,2045.0,29.0,,,,,2047.0,4.0,2048.0,29.0,,,2046.0,0.0
2,23200,KELP,2045.0,29.0,,,,,2047.0,8.0,2048.0,29.0,,,2046.0,0.0
2,23300,KELP,2045.0,28.0,,,,,2048.0,2.0,2049.0,26.0,,,2046.5,0.0
2,23400,KELP,2045.0,33.0,,,,,2048.0,30.0,,,,,2046.5,0.0
2,23500,KELP,2045.0,29.0,,,,,2048.0,29.0,,,,,2046.5,0.0
2,23600,KELP,2045.0,22.0,,,,,2047.0,7.0,2048.0,22.0,,,2046.0,0.0
2,23700,KELP,2045.0,32.0,,,,,2048.0,32.0,,,,,2046.5,0.0
2,23800,KELP,2045.0,28.0,,,,,2048.0,28.0,,,,,2046.5,0.0
2,23900,KELP,2045.0,31.0,,,,,2048.0,31.0,,,,,2046.5,0.0
2,24000,KELP,2046.0,2.0,2045.0,24.0,,,2047.0,4.0,2048.0,24.0,,,2046.5,0.0
2,24100,KELP,2045.0,23.0,,,,,2048.0,23.0,,,,,2046.5,0.0
2,24200,KELP,2046.0,2.0,2045.0,32.0,,,2049.0,32.0,,,,,2047.5,0.0
2,24300,KELP,2045.0,32.0,,,,,2049.0,32.0,,,,,2047.0,0.0
2,24400,KELP,2046.0,21.0,,,,,2049.0,22.0,,,,,2047.5,0.0
2,24500,KELP,2046.0,24.0,,,,,2048.0,2.0,2049.0,24.0,,,2047.0,0.0
2,24600,KELP,2046.0,25.0,,,,,2049.0,25.0,,,,,2047.5,0.0
2,24700,KELP,2046.0,22.0,,,,,2049.0,22.0,,,,,2047.5,0.0
2,24800,KELP,2046.0,21.0,,,,,2049.0,21.0,,,,,2047.5,0.0
2,24900,KELP,2046.0,36.0,,,,,2049.0,30.0,,,,,2047.5,0.0
2,25000,KELP,2046.0,27.0,,,,,2048.0,2.0,2049.0,27.0,,,2047.0,0.0
2,25100,KELP,2046.0,31.0,,,,,2049.0,31.0,,,,,2047.5,0.0
2,25200,KELP,2046.0,26.0,,,,,2049.0,26.0,,,,,2047.5,0.0
2,25300,KELP,2046.0,28.0,,,,,2048.0,5.0,2049.0,28.0,,,2047.0,0.0
2,25400,KELP,2046.0,37.0,,,,,2049.0,30.0,,,,,2047.5,0.0
2,25500,KELP,2046.0,28.0,,,,,2049.0,23.0,,,,,2047.5,0.0
2,25600,KELP,2046.0,25.0,,,,,2049.0,25.0,,,,,2047.5,0.0
2,25700,KELP,2046.0,1.0,2045.0,21.0,,,2049.0,22.0,,,,,2047.5,0.0
2,25800,KELP,2045.0,20.0,,,,,2049.0,20.0,,,,,2047.0,0.0
2,25900,KELP,2045.0,30.0,,,,,2049.0,30.0,,,,,2047.0,0.0
2,26000,KELP,2046.0,22.0,,,,,2048.0,6.0,2049.0,22.0,,,2047.0,0.0
2,26100,KELP,2045.0,29.0,,,,,2046.0,1.0,2047.0,5.0,2049.0,29.0,2045.5,0.0
2,26200,KELP,2048.0,9.0,2046.0,32.0,,,2049.0,32.0,,,,,2048.5,0.0
2,26300,KELP,2046.0,1.0,2045.0,22.0,,,2049.0,23.0,,,,,2047.5,0.0
2,26400,KELP,2046.0,1.0,2045.0,23.0,,,2049.0,24.0,,,,,2047.5,0.0
2,26500,KELP,2046.0,2.0,2045.0,27.0,,,2048.0,7.0,2049.0,29.0,,,2047.0,0.0
2,26600,KELP,2046.0,3.0,2045.0,27.0,,,2049.0,28.0,,,,,2047.5,0.0
2,26700,KELP,2045.0,24.0,,,,,2046.0,4.0,2049.0,24.0,,,2045.5,0.0
2,26800,KELP,2048.0,1.0,2045.0,26.0,,,2049.0,26.0,,,,,2048.5,0.0
2,26900,KELP,2045.0,30.0,,,,,2047.0,1.0,2049.0,30.0,,,2046.0,0.0
2,27000,KELP,2045.0,27.0,,,,,2047.0,6.0,2049.0,27.0,,,2046.0,0.0
2,27100,KELP,2045.0,22.0,,,,,2047.0,5.0,2049.0,22.0,,,2046.0,0.0
2,27200,KELP,2046.0,5.0,2045.0,22.0,,,2049.0,24.0,,,,,2047.5,0.0
2,27300,KELP,2047.0,3.0,2046.0,26.0,,,2049.0,26.0,,,,,2048.0,0.0
2,27400,KELP,2046.0,27.0,,,,,2049.0,27.0,,,,,2047.5,0.0
2,27500,KELP,2046.0,26.0,,,,,2048.0,7.0,2049.0,26.0,,,2047.0,0.0
2,27600,KELP,2045.0,25.0,,,,,2049.0,25.0,,,,,2047.0,0.0
2,27700,KELP,2046.0,2.0,2045.0,22.0,,,2049.0,24.0,,,,,2047.5,0.0
2,27800,KELP,2045.0,22.0,,,,,2049.0,22.0,,,,,2047.0,0.0
2,27900,KELP,2045.0,22.0,,,,,2048.0,22.0,,,,,2046.5,0.0
2,28000,KELP,2045.0,28.0,,,,,2046.0,4.0,2047.0,5.0,2048.0,28.0,2045.5,0.0
2,28100,KELP,2045.0,23.0,,,,,2048.0,1.0,2049.0,22.0,,,2046.5,0.0
2,28200,KELP,2047.0,1.0,2045.0,24.0,,,2049.0,24.0,,,,,2048.0,0.0
2,28300,KELP,2045.0,21.0,,,,,2047.0,1.0,2049.0,21.0,,,2046.0,0.0
2,28400,KELP,2045.0,22.0,,,,,2047.0,6.0,2049.0,22.0,,,2046.0,0.0
2,28500,KELP,2045.0,27.0,,,,,2049.0,27.0,,,,,2047.0,0.0
2,28600,KELP,2045.0,28.0,,,,,2046.0,6.0,2049.0,28.0,,,2045.5,0.0
2,28700,KELP,2045.0,28.0,,,,,2049.0,28.0,,,,,2047.0,0.0
2,28800,KELP,2045.0,30.0,,,,,2049.0,30.0,,,,,2047.0,0.0
2,28900,KELP,2045.0,24.0,,,,,2049.0,24.0,,,,,2047.0,0.0
2,29000,KELP,2045.0,25.0,,,,,2049.0,25.0,,,,,2047.0,0.0
2,29100,KELP,2047.0,1.0,2045.0,35.0,,,2049.0,30.0,,,,,2048.0,0.0
2,29200,KELP,2045.0,20.0,,,,,2047.0,4.0,2049.0,20.0,,,2046.0,0.0
2,29300,KELP,2045.0,23.0,,,,,2048.0,2.0,2049.0,21.0,,,2046.5,0.0
2,29400,KELP,2047.0,1.0,2045.0,25.0,,,2048.0,1.0,2049.0,24.0,,,2047.5,0.0
2,29500,KELP,2045.0,23.0,,,,,2049.0,23.0,,,,,2047.0,0.0
2,29600,KELP,2045.0,27.0,,,,,2049.0,27.0,,,,,2047.0,0.0
2,29700,KELP,2047.0,1.0,2045.0,31.0,,,2048.0,2.0,2049.0,29.0,,,2047.5,0.0
2,29800,KELP,2045.0,29.0,,,,,2048.0,24.0,,,,,2046.5,0.0
2,29900,KELP,2046.0,1.0,2045.0,28.0,,,2048.0,25.0,,,,,2047.0,0.0
2,30000,KELP,2046.0,2.0,2045.0,26.0,,,2047.0,2.0,2048.0,26.0,,,2046.5,0.0
2,30100,KELP,2045.0,28.0,,,,,2046.0,3.0,2048.0,28.0,,,2045.5,0.0
2,30200,KELP,2045.0,26.0,,,,,2048.0,26.0,,,,,2046.5,0.0
2,30300,KELP,2045.0,23.0,,,,,2047.0,5.0,2049.0,23.0,,,2046.0,0.0
2,30400,KELP,2045.0,26.0,,,,,2048.0,2.0,2049.0,24.0,,,2046.5,0.0
2,30500,KELP,2045.0,21.0,,,,,2049.0,21.0,,,,,2047.0,0.0
2,30600,KELP,2047.0,3.0,2045.0,26.0,,,2049.0,26.0,,,,,2048.0,0.0
2,30700,KELP,2045.0,24.0,,,,,2049.0,24.0,,,,,2047.0,0.0
2,30800,KELP,2045.0,31.0,,,,,2049.0,31.0,,,,,2047.0,0.0
2,30900,KELP,2048.0,1.0,2046.0,3.0,2045.0,25.0,2049.0,25.0,,,,,2048.5,0.0
2,31000,KELP,2048.0,1.0,2045.0,31.0,,,2049.0,31.0,,,,,2048.5,0.0
2,31100,KELP,2045.0,28.0,,,,,2049.0,28.0,,,,,2047.0,0.0
2,31200,KELP,2045.0,26.0,,,,,2049.0,26.0,,,,,2047.0,0.0
2,31300,KELP,2048.0,1.0,2045.0,26.0,,,2049.0,26.0,,,,,2048.5,0.0
2,31400,KELP,2046.0,24.0,,,,,2049.0,24.0,,,,,2047.5,0.0
2,31500,KELP,2046.0,27.0,,,,,2049.0,27.0,,,,,2047.5,0.0
2,31600,KELP,2046.0,24.0,,,,,2049.0,20.0,,,,,2047.5,0.0
2,31700,KELP,2046.0,20.0,,,,,2048.0,2.0,2049.0,20.0,,,2047.0,0.0
2,31800,KELP,2046.0,30.0,,,,,2049.0,30.0,,,,,2047.5,0.0
2,31900,KELP,2046.0,33.0,,,,,2049.0,27.0,,,,,2047.5,0.0
2,32000,KELP,2046.0,29.0,,,,,2047.0,4.0,2049.0,29.0,,,2046.5,0.0
2,32100,KELP,2046.0,20.0,,,,,2050.0,20.0,,,,,2048.0,0.0
2,32200,KELP,2046.0,22.0,,,,,2047.0,4.0,2048.0,2.0,2050.0,22.0,2046.5,0.0
2,32300,KELP,2046.0,29.0,,,,,2048.0,5.0,2049.0,2.0,2050.0,27.0,2047.0,0.0
2,32400,KELP,2046.0,29.0,,,,,2048.0,2.0,2050.0,29.0,,,2047.0,0.0
2,32500,KELP,2046.0,31.0,,,,,2049.0,31.0,,,,,2047.5,0.0
2,32600,KELP,2046.0,23.0,,,,,2050.0,23.0,,,,,2048.0,0.0
2,32700,KELP,2047.0,22.0,,,,,2050.0,22.0,,,,,2048.5,0.0
2,32800,KELP,2047.0,24.0,,,,,2050.0,24.0,,,,,2048.5,0.0
2,32900,KELP,2047.0,27.0,,,,,2049.0,5.0,2050.0,28.0,,,2048.0,0.0
2,33000,KELP,2046.0,22.0,,,,,2047.0,6.0,2050.0,22.0,,,2046.5,0.0
2,33100,KELP,2046.0,20.0,,,,,2050.0,21.0,,,,,2048.0,0.0
2,33200,KELP,2046.0,27.0,,,,,2048.0,1.0,2050.0,27.0,,,2047.0,0.0
2,33300,KELP,2046.0,25.0,,,,,2048.0,5.0,2050.0,25.0,,,2047.0,0.0
2,33400,KELP,2047.0,1.0,2046.0,20.0,,,2050.0,21.0,,,,,2048.5,0.0
2,33500,KELP,2047.0,29.0,,,,,2050.0,26.0,,,,,2048.5,0.0
2,33600,KELP,2047.0,28.0,,,,,2050.0,28.0,,,,,2048.5,0.0
2,33700,KELP,2047.0,33.0,,,,,2050.0,29.0,,,,,2048.5,0.0
2,33800,KELP,2047.0,25.0,,,,,2050.0,25.0,,,,,2048.5,0.0
2,33900,KELP,2047.0,20.0,,,,,2050.0,20.0,,,,,2048.5,0.0
2,34000,KELP,2047.0,27.0,,,,,2050.0,27.0,,,,,2048.5,0.0
2,34100,KELP,2047.0,29.0,,,,,2050.0,29.0,,,,,2048.5,0.0
2,34200,KELP,2047.0,22.0,,,,,2050.0,22.0,,,,,2048.5,0.0
2,34300,KELP,2047.0,30.0,,,,,2050.0,30.0,,,,,2048.5,0.0
2,34400,KELP,2047.0,26.0,,,,,2050.0,26.0,,,,,2048.5,0.0
2,34500,KELP,2047.0,21.0,,,,,2049.0,4.0,2050.0,21.0,,,2048.0,0.0
2,34600,KELP,2047.0,22.0,,,,,2050.0,22.0,,,,,2048.5,0.0
2,34700,KELP,2047.0,29.0,,,,,2050.0,29.0,,,,,2048.5,0.0
2,34800,KELP,2048.0,7.0,2047.0,27.0,,,2050.0,27.0,,,,,2049.0,0.0
2,34900,KELP,2047.0,26.0,,,,,2050.0,26.0,,,,,2048.5,0.0
2,35000,KELP,2047.0,24.0,,,,,2049.0,7.0,2050.0,24.0,,,2048.0,0.0
2,35100,KELP,2047.0,20.0,,,,,2050.0,20.0,,,,,2048.5,0.0
2,35200,KELP,2047.0,20.0,,,,,2050.0,21.0,,,,,2048.5,0.0
2,35300,KELP,2047.0,37.0,,,,,2050.0,31.0,,,,,2048.5,0.0
2,35400,KELP,2046.0,25.0,,,,,2050.0,25.0,,,,,2048.0,0.0
2,35500,KELP,2046.0,21.0,,,,,2050.0,21.0,,,,,2048.0,0.0
2,35600,KELP,2047.0,4.0,2046.0,20.0,,,2050.0,20.0,,,,,2048.5,0.0
2,35700,KELP,2046.0,22.0,,,,,2048.0,1.0,2050.0,22.0,,,2047.0,0.0
2,35800,KELP,2046.0,26.0,,,,,2050.0,26.0,,,,,2048.0,0.0
2,35900,KELP,2046.0,20.0,,,,,2048.0,6.0,2050.0,20.0,,,2047.0,0.0
2,36000,KELP,2046.0,24.0,,,,,2050.0,24.0,,,,,2048.0,0.0
2,36100,KELP,2046.0,28.0,,,,,2050.0,28.0,,,,,2048.0,0.0
2,36200,KELP,2046.0,30.0,,,,,2048.0,2.0,2050.0,30.0,,,2047.0,0.0
2,36300,KELP,2046.0,21.0,,,,,2050.0,21.0,,,,,2048.0,0.0
2,36400,KELP,2046.0,26.0,,,,,2048.0,6.0,2050.0,26.0,,,2047.0,0.0
2,36500,KELP,2046.0,22.0,,,,,2048.0,4.0,2050.0,22.0,,,2047.0,0.0
2,36600,KELP,2047.0,6.0,2046.0,24.0,,,2050.0,24.0,,,,,2048.5,0.0
2,36700,KELP,2046.0,27.0,,,,,2050.0,27.0,,,,,2048.0,0.0
2,36800,KELP,2046.0,23.0,,,,,2050.0,23.0,,,,,2048.0,0.0
2,36900,KELP,2046.0,24.0,,,,,2048.0,5.0,2050.0,25.0,,,2047.0,0.0
2,37000,KELP,2047.0,4.0,2046.0,28.0,,,2050.0,28.0,,,,,2048.5,0.0
2,37100,KELP,2046.0,25.0,,,,,2050.0,25.0,,,,,2048.0,0.0
2,37200,KELP,2047.0,6.0,2046.0,24.0,,,2050.0,24.0,,,,,2048.5,0.0
2,37300,KELP,2047.0,2.0,2046.0,29.0,,,2048.0,6.0,2049.0,29.0,,,2047.5,0.0
2,37400,KELP,2046.0,22.0,,,,,2049.0,22.0,,,,,2047.5,0.0
2,37500,KELP,2046.0,28.0,,,,,2049.0,24.0,,,,,2047.5,0.0
2,37600,KELP,2046.0,25.0,,,,,2050.0,25.0,,,,,2048.0,0.0
2,37700,KELP,2048.0,1.0,2046.0,22.0,,,2050.0,22.0,,,,,2049.0,0.0
2,37800,KELP,2046.0,26.0,,,,,2049.0,1.0,2050.0,25.0,,,2047.5,0.0
2,37900,KELP,2046.0,29.0,,,,,2047.0,4.0,2049.0,2.0,2050.0,27.0,2046.5,0.0
2,38000,KELP,2046.0,25.0,,,,,2048.0,2.0,2049.0,25.0,,,2047.0,0.0
2,38100,KELP,2046.0,27.0,,,,,2049.0,27.0,,,,,2047.5,0.0
2,38200,KELP,2046.0,36.0,,,,,2049.0,30.0,,,,,2047.5,0.0
2,38300,KELP,2046.0,25.0,,,,,2049.0,25.0,,,,,2047.5,0.0
2,38400,KELP,2046.0,27.0,,,,,2049.0,27.0,,,,,2047.5,0.0
2,38500,KELP,2047.0,6.0,2046.0,22.0,,,2049.0,22.0,,,,,2048.0,0.0
2,38600,KELP,2046.0,31.0,,,,,2049.0,31.0,,,,,2047.5,0.0
2,38700,KELP,2046.0,27.0,,,,,2049.0,27.0,,,,,2047.5,0.0
2,38800,KELP,2046.0,21.0,,,,,2049.0,21.0,,,,,2047.5,0.0
2,38900,KELP,2046.0,23.0,,,,,2048.0,4.0,2049.0,23.0,,,2047.0,0.0
2,39000,KELP,2046.0,29.0,,,,,2049.0,29.0,,,,,2047.5,0.0
2,39100,KELP,2045.0,23.0,,,,,2047.0,4.0,2049.0,23.0,,,2046.0,0.0
2,39200,KELP,2045.0,23.0,,,,,2049.0,23.0,,,,,2047.0,0.0
2,39300,KELP,2046.0,2.0,2045.0,23.0,,,2049.0,23.0,,,,,2047.5,0.0
2,39400,KELP,2046.0,2.0,2045.0,25.0,,,2049.0,27.0,,,,,2047.5,0.0
2,39500,KELP,2048.0,1.0,2046.0,25.0,,,2049.0,25.0,,,,,2048.5,0.0
2,39600,KELP,2046.0,28.0,,,,,2049.0,28.0,,,,,2047.5,0.0
2,39700,KELP,2046.0,21.0,,,,,2049.0,21.0,,,,,2047.5,0.0
2,39800,KELP,2046.0,2.0,2045.0,26.0,,,2048.0,1.0,2049.0,28.0,,,2047.0,0.0
2,39900,KELP,2046.0,7.0,2045.0,24.0,,,2049.0,25.0,,,,,2047.5,0.0
2,40000,KELP,2046.0,32.0,,,,,2049.0,30.0,,,,,2047.5,0.0
2,40100,KELP,2046.0,32.0,,,,,2049.0,32.0,,,,,2047.5,0.0
2,40200,KELP,2046.0,22.0,,,,,2048.0,6.0,2049.0,22.0,,,2047.0,0.0
2,40300,KELP,2046.0,28.0,,,,,2047.0,5.0,2049.0,30.0,,,2046.5,0.0
2,40400,KELP,2046.0,14.0,,,,,2048.0,8.0,2049.0,22.0,,,2047.0,0.0
2,40500,KELP,2046.0,21.0,,,,,2049.0,21.0,,,,,2047.5,0.0
2,40600,KELP,2046.0,28.0,,,,,2050.0,28.0,,,,,2048.0,0.0
2,40700,KELP,2046.0,20.0,,,,,2050.0,20.0,,,,,2048.0,0.0
2,40800,KELP,2046.0,24.0,,,,,2050.0,24.0,,,,,2048.0,0.0
2,40900,KELP,2046.0,21.0,,,,,2049.0,1.0,2050.0,20.0,,,2047.5,0.0
2,41000,KELP,2047.0,5.0,2046.0,27.0,,,2050.0,27.0,,,,,2048.5,0.0
2,41100,KELP,2046.0,23.0,,,,,2050.0,23.0,,,,,2048.0,0.0
2,41200,KELP,2046.0,26.0,,,,,2049.0,27.0,,,,,2047.5,0.0
2,41300,KELP,2046.0,24.0,,,,,2048.0,8.0,2049.0,28.0,,,2047.0,0.0
2,41400,KELP,2046.0,28.0,,,,,2049.0,28.0,,,,,2047.5,0.0
2,41500,KELP,2046.0,24.0,,,,,2049.0,20.0,,,,,2047.5,0.0
2,41600,KELP,2046.0,31.0,,,,,2049.0,31.0,,,,,2047.5,0.0
2,41700,KELP,2046.0,1.0,2045.0,22.0,,,2049.0,23.0,,,,,2047.5,0.0
2,41800,KELP,2046.0,24.0,,,,,2048.0,6.0,2049.0,24.0,,,2047.0,0.0
2,41900,KELP,2046.0,34.0,,,,,2049.0,26.0,,,,,2047.5,0.0
2,42000,KELP,2046.0,29.0,,,,,2049.0,29.0,,,,,2047.5,0.0
2,42100,KELP,2046.0,25.0,,,,,2049.0,25.0,,,,,2047.5,0.0
2,42200,KELP,2046.0,21.0,,,,,2048.0,3.0,2049.0,21.0,,,2047.0,0.0
2,42300,KELP,2047.0,3.0,2045.0,21.0,,,2049.0,21.0,,,,,2048.0,0.0
2,42400,KELP,2046.0,30.0,,,,,2049.0,30.0,,,,,2047.5,0.0
2,42500,KELP,2047.0,3.0,2046.0,30.0,,,2049.0,30.0,,,,,2048.0,0.0
2,42600,KELP,2046.0,29.0,,,,,2048.0,8.0,2049.0,29.0,,,2047.0,0.0
2,42700,KELP,2046.0,26.0,,,,,2049.0,26.0,,,,,2047.5,0.0
2,42800,KELP,2046.0,25.0,,,,,2049.0,26.0,,,,,2047.5,0.0
2,42900,KELP,2046.0,25.0,,,,,2049.0,25.0,,,,,2047.5,0.0
2,43000,KELP,2046.0,30.0,,,,,2049.0,30.0,,,,,2047.5,0.0
2,43100,KELP,2046.0,22.0,,,,,2048.0,5.0,2049.0,22.0,,,2047.0,0.0
2,43200,KELP,2046.0,23.0,,,,,2049.0,25.0,,,,,2047.5,0.0
2,43300,KELP,2046.0,27.0,,,,,2049.0,27.0,,,,,2047.5,0.0
2,43400,KELP,2046.0,27.0,,,,,2048.0,4.0,2049.0,27.0,,,2047.0,0.0
2,43500,KELP,2046.0,24.0,,,,,2048.0,3.0,2049.0,24.0,,,2047.0,0.0
2,43600,KELP,2046.0,28.0,,,,,2048.0,6.0,2049.0,28.0,,,2047.0,0.0
2,43700,KELP,2046.0,28.0,,,,,2047.0,5.0,2049.0,28.0,,,2046.5,0.0
2,43800,KELP,2046.0,32.0,,,,,2049.0,32.0,,,,,2047.5,0.0
2,43900,KELP,2046.0,26.0,,,,,2049.0,26.0,,,,,2047.5,0.0
2,44000,KELP,2046.0,23.0,,,,,2049.0,23.0,,,,,2047.5,0.0
2,44100,KELP,2046.0,30.0,,,,,2049.0,30.0,,,,,2047.5,0.0
2,44200,KELP,2046.0,26.0,,,,,2049.0,22.0,,,,,2047.5,0.0
2,44300,KELP,2047.0,2.0,2046.0,27.0,,,2049.0,27.0,,,,,2048.0,0.0
2,44400,KELP,2046.0,27.0,,,,,2049.0,27.0,,,,,2047.5,0.0
2,44500,KELP,2046.0,1.0,2045.0,30.0,,,2049.0,31.0,,,,,2047.5,0.0
2,44600,KELP,2045.0,26.0,,,,,2049.0,26.0,,,,,2047.0,0.0
2,44700,KELP,2045.0,28.0,,,,,2048.0,5.0,2049.0,28.0,,,2046.5,0.0
2,44800,KELP,2046.0,1.0,2045.0,21.0,,,2048.0,4.0,2049.0,22.0,,,2047.0,0.0
2,44900,KELP,2045.0,24.0,,,,,2048.0,3.0,2049.0,24.0,,,2046.5,0.0
2,45000,KELP,2046.0,21.0,,,,,2049.0,22.0,,,,,2047.5,0.0
2,45100,KELP,2046.0,1.0,2045.0,22.0,,,2049.0,23.0,,,,,2047.5,0.0
2,45200,KELP,2046.0,29.0,,,,,2049.0,29.0,,,,,2047.5,0.0
2,45300,KELP,2046.0,29.0,,,,,2049.0,29.0,,,,,2047.5,0.0
2,45400,KELP,2046.0,24.0,,,,,2049.0,24.0,,,,,2047.5,0.0
2,45500,KELP,2046.0,2.0,2045.0,28.0,,,2049.0,30.0,,,,,2047.5,0.0
2,45600,KELP,2045.0,25.0,,,,,2049.0,26.0,,,,,2047.0,0.0
2,45700,KELP,2046.0,1.0,2045.0,28.0,,,2049.0,29.0,,,,,2047.5,0.0
2,45800,KELP,2046.0,2.0,2045.0,23.0,,,2049.0,25.0,,,,,2047.5,0.0
2,45900,KELP,2045.0,26.0,,,,,2048.0,2.0,2049.0,26.0,,,2046.5,0.0
2,46000,KELP,2046.0,1.0,2045.0,29.0,,,2049.0,30.0,,,,,2047.5,0.0
2,46100,KELP,2045.0,26.0,,,,,2049.0,26.0,,,,,2047.0,0.0
2,46200,KELP,2046.0,1.0,2045.0,20.0,,,2049.0,21.0,,,,,2047.5,0.0
2,46300,KELP,2045.0,28.0,,,,,2049.0,28.0,,,,,2047.0,0.0
2,46400,KELP,2046.0,1.0,2045.0,23.0,,,2049.0,24.0,,,,,2047.5,0.0
2,46500,KELP,2046.0,1.0,2045.0,20.0,,,2048.0,5.0,2049.0,21.0,,,2047.0,0.0
2,46600,KELP,2045.0,23.0,,,,,2047.0,8.0,2049.0,23.0,,,2046.0,0.0
2,46700,KELP,2045.0,29.0,,,,,2049.0,29.0,,,,,2047.0,0.0
2,46800,KELP,2046.0,2.0,2045.0,30.0,,,2049.0,30.0,,,,,2047.5,0.0
2,46900,KELP,2046.0,1.0,2045.0,24.0,,,2049.0,25.0,,,,,2047.5,0.0
2,47000,KELP,2047.0,3.0,2046.0,1.0,2045.0,26.0,2048.0,3.0,2049.0,27.0,,,2047.5,0.0
2,47100,KELP,2046.0,1.0,2045.0,28.0,,,2049.0,28.0,,,,,2047.5,0.0
2,47200,KELP,2046.0,17.0,,,,,2049.0,25.0,,,,,2047.5,0.0
2,47300,KELP,2046.0,30.0,,,,,2049.0,30.0,,,,,2047.5,0.0
2,47400,KELP,2046.0,28.0,,,,,2048.0,2.0,2049.0,28.0,,,2047.0,0.0
2,47500,KELP,2046.0,23.0,,,,,2049.0,23.0,,,,,2047.5,0.0
2,47600,KELP,2046.0,29.0,,,,,2049.0,29.0,,,,,2047.5,0.0
2,47700,KELP,2046.0,2.0,2045.0,23.0,,,2049.0,25.0,,,,,2047.5,0.0
2,47800,KELP,2046.0,1.0,2045.0,27.0,,,2047.0,7.0,2049.0,28.0,,,2046.5,0.0
2,47900,KELP,2046.0,1.0,2045.0,24.0,,,2049.0,24.0,,,,,2047.5,0.0
2,48000,KELP,2046.0,7.0,2045.0,28.0,,,2049.0,29.0,,,,,2047.5,0.0
2,48100,KELP,2046.0,22.0,,,,,2049.0,22.0,,,,,2047.5,0.0
2,48200,KELP,2046.0,26.0,,,,,2049.0,26.0,,,,,2047.5,0.0
2,48300,KELP,2046.0,2.0,2045.0,24.0,,,2049.0,26.0,,,,,2047.5,0.0
2,48400,KELP,2046.0,22.0,,,,,2049.0,23.0,,,,,2047.5,0.0
2,48500,KELP,2048.0,1.0,2046.0,29.0,,,2049.0,29.0,,,,,2048.5,0.0
2,48600,KELP,2046.0,24.0,,,,,2048.0,4.0,2049.0,24.0,,,2047.0,0.0
2,48700,KELP,2046.0,28.0,,,,,2049.0,28.0,,,,,2047.5,0.0
2,48800,KELP,2046.0,26.0,,,,,2049.0,23.0,,,,,2047.5,0.0
2,48900,KELP,2046.0,29.0,,,,,2049.0,24.0,,,,,2047.5,0.0
2,49000,KELP,2046.0,22.0,,,,,2049.0,22.0,,,,,2047.5,0.0
2,49100,KELP,2046.0,2.0,2045.0,30.0,,,2049.0,31.0,,,,,2047.5,0.0
2,49200,KELP,2045.0,29.0,,,,,2049.0,29.0,,,,,2047.0,0.0
2,49300,KELP,2047.0,2.0,2046.0,1.0,2045.0,30.0,2049.0,31.0,,,,,2048.0,0.0
2,49400,KELP,2048.0,1.0,2046.0,6.0,2045.0,22.0,2049.0,22.0,,,,,2048.5,0.0
2,49500,KELP,2048.0,1.0,2046.0,1.0,2045.0,21.0,2049.0,22.0,,,,,2048.5,0.0
2,49600,KELP,2046.0,2.0,2045.0,21.0,,,2049.0,23.0,,,,,2047.5,0.0
2,49700,KELP,2045.0,29.0,,,,,2047.0,6.0,2049.0,29.0,,,2046.0,0.0
2,49800,KELP,2045.0,23.0,,,,,2049.0,23.0,,,,,2047.0,0.0
2,49900,KELP,2045.0,27.0,,,,,2047.0,1.0,2049.0,27.0,,,2046.0,0.0
2,50000,KELP,2045.0,23.0,,,,,2049.0,23.0,,,,,2047.0,0.0
2,50100,KELP,2045.0,26.0,,,,,2049.0,26.0,,,,,2047.0,0.0
2,50200,KELP,2046.0,2.0,2045.0,26.0,,,2049.0,26.0,,,,,2047.5,0.0
2,50300,KELP,2045.0,26.0,,,,,2047.0,3.0,2049.0,26.0,,,2046.0,0.0
2,50400,KELP,2045.0,22.0,,,,,2049.0,23.0,,,,,2047.0,0.0
2,50500,KELP,2045.0,20.0,,,,,2049.0,20.0,,,,,2047.0,0.0
2,50600,KELP,2048.0,1.0,2045.0,24.0,,,2049.0,24.0,,,,,2048.5,0.0
2,50700,KELP,2045.0,21.0,,,,,2048.0,2.0,2049.0,21.0,,,2046.5,0.0
2,50800,KELP,2046.0,31.0,,,,,2048.0,3.0,2049.0,31.0,,,2047.0,0.0
2,50900,KELP,2046.0,21.0,,,,,2049.0,22.0,,,,,2047.5,0.0
2,51000,KELP,2046.0,31.0,,,,,2049.0,31.0,,,,,2047.5,0.0
2,51100,KELP,2046.0,27.0,,,,,2049.0,27.0,,,,,2047.5,0.0
2,51200,KELP,2046.0,30.0,,,,,2049.0,30.0,,,,,2047.5,0.0
2,51300,KELP,2045.0,28.0,,,,,2049.0,28.0,,,,,2047.0,0.0
2,51400,KELP,2045.0,27.0,,,,,2049.0,27.0,,,,,2047.0,0.0
2,51500,KELP,2046.0,2.0,2045.0,20.0,,,2047.0,3.0,2049.0,22.0,,,2046.5,0.0
2,51600,KELP,2045.0,23.0,,,,,2046.0,1.0,2049.0,23.0,,,2045.5,0.0
2,51700,KELP,2046.0,2.0,2045.0,26.0,,,2048.0,2.0,2049.0,28.0,,,2047.0,0.0
2,51800,KELP,2045.0,30.0,,,,,2049.0,30.0,,,,,2047.0,0.0
2,51900,KELP,2046.0,30.0,,,,,2048.0,4.0,2049.0,30.0,,,2047.0,0.0
2,52000,KELP,2047.0,3.0,2046.0,31.0,,,2049.0,31.0,,,,,2048.0,0.0
2,52100,KELP,2046.0,24.0,,,,,2049.0,24.0,,,,,2047.5,0.0
2,52200,KELP,2045.0,22.0,,,,,2047.0,2.0,2049.0,22.0,,,2046.0,0.0
2,52300,KELP,2045.0,25.0,,,,,2047.0,1.0,2048.0,2.0,2049.0,23.0,2046.0,0.0
2,52400,KELP,2047.0,4.0,2045.0,27.0,,,2049.0,27.0,,,,,2048.0,0.0
2,52500,KELP,2045.0,28.0,,,,,2049.0,28.0,,,,,2047.0,0.0
2,52600,KELP,2047.0,3.0,2045.0,27.0,,,2049.0,27.0,,,,,2048.0,0.0
2,52700,KELP,2045.0,28.0,,,,,2049.0,28.0,,,,,2047.0,0.0
2,52800,KELP,2045.0,31.0,,,,,2049.0,31.0,,,,,2047.0,0.0
2,52900,KELP,2045.0,30.0,,,,,2049.0,30.0,,,,,2047.0,0.0
2,53000,KELP,2048.0,1.0,2045.0,31.0,,,2049.0,31.0,,,,,2048.5,0.0
2,53100,KELP,2045.0,29.0,,,,,2049.0,29.0,,,,,2047.0,0.0
2,53200,KELP,2045.0,23.0,,,,,2049.0,23.0,,,,,2047.0,0.0
2,53300,KELP,2045.0,31.0,,,,,2049.0,31.0,,,,,2047.0,0.0
2,53400,KELP,2045.0,21.0,,,,,2049.0,21.0,,,,,2047.0,0.0
2,53500,KELP,2045.0,24.0,,,,,2047.0,7.0,2049.0,24.0,,,2046.0,0.0
2,53600,KELP,2048.0,1.0,2046.0,5.0,2045.0,28.0,2049.0,29.0,,,,,2048.5,0.0
2,53700,KELP,2045.0,26.0,,,,,2048.0,7.0,2049.0,26.0,,,2046.5,0.0
2,53800,KELP,2046.0,2.0,2045.0,24.0,,,2048.0,8.0,2049.0,26.0,,,2047.0,0.0
2,53900,KELP,2045.0,25.0,,,,,2049.0,25.0,,,,,2047.0,0.0
2,54000,KELP,2045.0,27.0,,,,,2049.0,27.0,,,,,2047.0,0.0
2,54100,KELP,2046.0,1.0,2045.0,21.0,,,2049.0,23.0,,,,,2047.5,0.0
2,54200,KELP,2045.0,30.0,,,,,2049.0,30.0,,,,,2047.0,0.0
2,54300,KELP,2046.0,6.0,2045.0,25.0,,,2049.0,25.0,,,,,2047.5,0.0
2,54400,KELP,2045.0,30.0,,,,,2049.0,30.0,,,,,2047.0,0.0
2,54500,KELP,2045.0,22.0,,,,,2047.0,6.0,2049.0,23.0,,,2046.0,0.0
2,54600,KELP,2046.0,7.0,2045.0,29.0,,,2049.0,29.0,,,,,2047.5,0.0
2,54700,KELP,2046.0,6.0,2045.0,30.0,,,2049.0,31.0,,,,,2047.5,0.0
2,54800,KELP,2045.0,25.0,,,,,2049.0,26.0,,,,,2047.0,0.0
2,54900,KELP,2046.0,30.0,,,,,2049.0,30.0,,,,,2047.5,0.0
2,55000,KELP,2046.0,30.0,,,,,2049.0,30.0,,,,,2047.5,0.0
2,55100,KELP,2046.0,29.0,,,,,2049.0,29.0,,,,,2047.5,0.0
2,55200,KELP,2046.0,2.0,2045.0,23.0,,,2049.0,25.0,,,,,2047.5,0.0
2,55300,KELP,2045.0,30.0,,,,,2047.0,6.0,2049.0,30.0,,,2046.0,0.0
2,55400,KELP,2046.0,1.0,2045.0,24.0,,,2049.0,25.0,,,,,2047.5,0.0
2,55500,KELP,2045.0,23.0,,,,,2049.0,23.0,,,,,2047.0,0.0
2,55600,KELP,2046.0,4.0,2045.0,23.0,,,2049.0,25.0,,,,,2047.5,0.0
2,55700,KELP,2045.0,22.0,,,,,2047.0,5.0,2049.0,22.0,,,2046.0,0.0
2,55800,KELP,2045.0,32.0,,,,,2049.0,32.0,,,,,2047.0,0.0
2,55900,KELP,2045.0,22.0,,,,,2046.0,1.0,2049.0,22.0,,,2045.5,0.0
2,56000,KELP,2045.0,24.0,,,,,2049.0,24.0,,,,,2047.0,0.0
2,56100,KELP,2045.0,23.0,,,,,2049.0,24.0,,,,,2047.0,0.0
2,56200,KELP,2045.0,26.0,,,,,2049.0,26.0,,,,,2047.0,0.0
2,56300,KELP,2045.0,24.0,,,,,2047.0,7.0,2049.0,24.0,,,2046.0,0.0
2,56400,KELP,2045.0,28.0,,,,,2048.0,1.0,2049.0,24.0,,,2046.5,0.0
2,56500,KELP,2047.0,1.0,2045.0,26.0,,,2048.0,2.0,2049.0,24.0,,,2047.5,0.0
2,56600,KELP,2045.0,31.0,,,,,2048.0,2.0,2049.0,29.0,,,2046.5,0.0
2,56700,KELP,2045.0,22.0,,,,,2048.0,2.0,2049.0,20.0,,,2046.5,0.0
2,56800,KELP,2045.0,30.0,,,,,2048.0,2.0,2049.0,28.0,,,2046.5,0.0
2,56900,KELP,2046.0,2.0,2045.0,20.0,,,2049.0,20.0,,,,,2047.5,0.0
2,57000,KELP,2047.0,1.0,2045.0,31.0,,,2048.0,1.0,2049.0,30.0,,,2047.5,0.0
2,57100,KELP,2045.0,24.0,,,,,2049.0,24.0,,,,,2047.0,0.0
2,57200,KELP,2045.0,26.0,,,,,2048.0,26.0,,,,,2046.5,0.0
2,57300,KELP,2045.0,28.0,,,,,2048.0,28.0,,,,,2046.5,0.0
2,57400,KELP,2045.0,27.0,,,,,2047.0,8.0,2048.0,27.0,,,2046.0,0.0
2,57500,KELP,2045.0,29.0,,,,,2047.0,1.0,2048.0,29.0,,,2046.0,0.0
2,57600,KELP,2045.0,21.0,,,,,2048.0,22.0,,,,,2046.5,0.0
2,57700,KELP,2045.0,31.0,,,,,2047.0,3.0,2048.0,31.0,,,2046.0,0.0
2,57800,KELP,2047.0,1.0,2045.0,27.0,,,2048.0,27.0,,,,,2047.5,0.0
2,57900,KELP,2047.0,6.0,2045.0,28.0,,,2048.0,28.0,,,,,2047.5,0.0
2,58000,KELP,2045.0,28.0,,,,,2048.0,27.0,,,,,2046.5,0.0
2,58100,KELP,2045.0,20.0,,,,,2048.0,20.0,,,,,2046.5,0.0
2,58200,KELP,2045.0,29.0,,,,,2048.0,2.0,2049.0,27.0,,,2046.5,0.0
2,58300,KELP,2045.0,28.0,,,,,2049.0,29.0,,,,,2047.0,0.0
2,58400,KELP,2045.0,25.0,,,,,2046.0,2.0,2048.0,2.0,2049.0,23.0,2045.5,0.0
2,58500,KELP,2045.0,28.0,,,,,2048.0,2.0,2049.0,26.0,,,2046.5,0.0
2,58600,KELP,2046.0,3.0,2045.0,26.0,,,2048.0,1.0,2049.0,25.0,,,2047.0,0.0
2,58700,KELP,2045.0,29.0,,,,,2049.0,29.0,,,,,2047.0,0.0
2,58800,KELP,2046.0,7.0,2045.0,28.0,,,2049.0,29.0,,,,,2047.5,0.0
2,58900,KELP,2048.0,1.0,2046.0,26.0,,,2049.0,26.0,,,,,2048.5,0.0
2,59000,KELP,2046.0,28.0,,,,,2049.0,22.0,,,,,2047.5,0.0
2,59100,KELP,2046.0,28.0,,,,,2049.0,28.0,,,,,2047.5,0.0
2,59200,KELP,2047.0,3.0,2046.0,22.0,,,2049.0,22.0,,,,,2048.0,0.0
2,59300,KELP,2047.0,5.0,2046.0,26.0,,,2049.0,26.0,,,,,2048.0,0.0
2,59400,KELP,2046.0,27.0,,,,,2048.0,6.0,2049.0,27.0,,,2047.0,0.0
2,59500,KELP,2046.0,30.0,,,,,2049.0,24.0,,,,,2047.5,0.0
2,59600,KELP,2046.0,28.0,,,,,2049.0,28.0,,,,,2047.5,0.0
2,59700,KELP,2046.0,28.0,,,,,2047.0,5.0,2049.0,25.0,,,2046.5,0.0
2,59800,KELP,2046.0,19.0,,,,,2049.0,29.0,,,,,2047.5,0.0
2,59900,KELP,2046.0,27.0,,,,,2049.0,23.0,,,,,2047.5,0.0
2,60000,KELP,2046.0,35.0,,,,,2049.0,29.0,,,,,2047.5,0.0
2,60100,KELP,2047.0,5.0,2046.0,23.0,,,2049.0,2.0,2050.0,21.0,,,2048.0,0.0
2,60200,KELP,2048.0,5.0,2046.0,24.0,,,2050.0,24.0,,,,,2049.0,0.0
2,60300,KELP,2048.0,1.0,2046.0,23.0,,,2049.0,2.0,2050.0,21.0,,,2048.5,0.0
2,60400,KELP,2048.0,5.0,2046.0,27.0,,,2049.0,1.0,2050.0,26.0,,,2048.5,0.0
2,60500,KELP,2046.0,30.0,,,,,2049.0,1.0,2050.0,29.0,,,2047.5,0.0
2,60600,KELP,2046.0,28.0,,,,,2048.0,5.0,2049.0,28.0,,,2047.0,0.0
2,60700,KELP,2046.0,24.0,,,,,2048.0,8.0,2049.0,24.0,,,2047.0,0.0
2,60800,KELP,2046.0,24.0,,,,,2049.0,24.0,,,,,2047.5,0.0
2,60900,KELP,2046.0,31.0,,,,,2049.0,31.0,,,,,2047.5,0.0
2,61000,KELP,2046.0,26.0,,,,,2049.0,26.0,,,,,2047.5,0.0
2,61100,KELP,2046.0,30.0,,,,,2049.0,30.0,,,,,2047.5,0.0
2,61200,KELP,2048.0,1.0,2046.0,27.0,,,2049.0,27.0,,,,,2048.5,0.0
2,61300,KELP,2046.0,32.0,,,,,2049.0,32.0,,,,,2047.5,0.0
2,61400,KELP,2046.0,23.0,,,,,2049.0,24.0,,,,,2047.5,0.0
2,61500,KELP,2046.0,32.0,,,,,2049.0,32.0,,,,,2047.5,0.0
2,61600,KELP,2046.0,22.0,,,,,2049.0,22.0,,,,,2047.5,0.0
2,61700,KELP,2046.0,30.0,,,,,2050.0,30.0,,,,,2048.0,0.0
2,61800,KELP,2046.0,28.0,,,,,2050.0,28.0,,,,,2048.0,0.0
2,61900,KELP,2046.0,22.0,,,,,2050.0,22.0,,,,,2048.0,0.0
2,62000,KELP,2046.0,23.0,,,,,2049.0,2.0,2050.0,21.0,,,2047.5,0.0
2,62100,KELP,2046.0,25.0,,,,,2047.0,2.0,2050.0,25.0,,,2046.5,0.0
2,62200,KELP,2047.0,1.0,2046.0,29.0,,,2050.0,29.0,,,,,2048.5,0.0
2,62300,KELP,2046.0,21.0,,,,,2050.0,22.0,,,,,2048.0,0.0
2,62400,KELP,2046.0,30.0,,,,,2050.0,30.0,,,,,2048.0,0.0
2,62500,KELP,2046.0,23.0,,,,,2050.0,24.0,,,,,2048.0,0.0
2,62600,KELP,2048.0,1.0,2046.0,25.0,,,2050.0,25.0,,,,,2049.0,0.0
2,62700,KELP,2046.0,25.0,,,,,2048.0,7.0,2049.0,1.0,2050.0,24.0,2047.0,0.0
2,62800,KELP,2046.0,25.0,,,,,2049.0,1.0,2050.0,24.0,,,2047.5,0.0
2,62900,KELP,2046.0,32.0,,,,,2049.0,32.0,,,,,2047.5,0.0
2,63000,KELP,2046.0,26.0,,,,,2049.0,26.0,,,,,2047.5,0.0
2,63100,KELP,2046.0,24.0,,,,,2048.0,6.0,2049.0,1.0,2050.0,23.0,2047.0,0.0
2,63200,KELP,2046.0,21.0,,,,,2049.0,21.0,,,,,2047.5,0.0
2,63300,KELP,2046.0,24.0,,,,,2049.0,24.0,,,,,2047.5,0.0
2,63400,KELP,2046.0,26.0,,,,,2048.0,6.0,2049.0,2.0,2050.0,24.0,2047.0,0.0
2,63500,KELP,2046.0,25.0,,,,,2048.0,2.0,2049.0,25.0,,,2047.0,0.0
2,63600,KELP,2046.0,27.0,,,,,2048.0,7.0,2049.0,27.0,,,2047.0,0.0
2,63700,KELP,2046.0,31.0,,,,,2049.0,28.0,,,,,2047.5,0.0
2,63800,KELP,2048.0,1.0,2046.0,21.0,,,2049.0,21.0,,,,,2048.5,0.0
2,63900,KELP,2046.0,22.0,,,,,2048.0,5.0,2049.0,22.0,,,2047.0,0.0
2,64000,KELP,2046.0,26.0,,,,,2049.0,26.0,,,,,2047.5,0.0
2,64100,KELP,2046.0,26.0,,,,,2049.0,26.0,,,,,2047.5,0.0
2,64200,KELP,2046.0,31.0,,,,,2048.0,2.0,2049.0,32.0,,,2047.0,0.0
2,64300,KELP,2046.0,20.0,,,,,2050.0,20.0,,,,,2048.0,0.0
2,64400,KELP,2046.0,23.0,,,,,2049.0,23.0,,,,,2047.5,0.0
2,64500,KELP,2046.0,31.0,,,,,2049.0,30.0,,,,,2047.5,0.0
2,64600,KELP,2046.0,25.0,,,,,2049.0,26.0,,,,,2047.5,0.0
2,64700,KELP,2046.0,29.0,,,,,2048.0,2.0,2049.0,29.0,,,2047.0,0.0
2,64800,KELP,2046.0,25.0,,,,,2047.0,2.0,2048.0,7.0,2049.0,25.0,2046.5,0.0
2,64900,KELP,2046.0,31.0,,,,,2049.0,31.0,,,,,2047.5,0.0
2,65000,KELP,2047.0,4.0,2046.0,27.0,,,2048.0,6.0,2049.0,27.0,,,2047.5,0.0
2,65100,KELP,2046.0,31.0,,,,,2049.0,26.0,,,,,2047.5,0.0
2,65200,KELP,2048.0,1.0,2046.0,25.0,,,2049.0,25.0,,,,,2048.5,0.0
2,65300,KELP,2046.0,29.0,,,,,2049.0,23.0,,,,,2047.5,0.0
2,65400,KELP,2046.0,23.0,,,,,2049.0,24.0,,,,,2047.5,0.0
2,65500,KELP,2048.0,4.0,2046.0,26.0,,,2049.0,26.0,,,,,2048.5,0.0
2,65600,KELP,2046.0,33.0,,,,,2049.0,26.0,,,,,2047.5,0.0
2,65700,KELP,2046.0,26.0,,,,,2049.0,26.0,,,,,2047.5,0.0
2,65800,KELP,2047.0,4.0,2045.0,24.0,,,2049.0,24.0,,,,,2048.0,0.0
2,65900,KELP,2046.0,30.0,,,,,2049.0,30.0,,,,,2047.5,0.0
2,66000,KELP,2048.0,1.0,2045.0,25.0,,,2049.0,25.0,,,,,2048.5,0.0
2,66100,KELP,2045.0,29.0,,,,,2049.0,29.0,,,,,2047.0,0.0
2,66200,KELP,2045.0,27.0,,,,,2049.0,27.0,,,,,2047.0,0.0
2,66300,KELP,2045.0,22.0,,,,,2049.0,23.0,,,,,2047.0,0.0
2,66400,KELP,2045.0,26.0,,,,,2047.0,7.0,2049.0,26.0,,,2046.0,0.0
2,66500,KELP,2045.0,30.0,,,,,2049.0,31.0,,,,,2047.0,0.0
2,66600,KELP,2045.0,22.0,,,,,2047.0,8.0,2049.0,22.0,,,2046.0,0.0
2,66700,KELP,2046.0,6.0,2045.0,20.0,,,2049.0,21.0,,,,,2047.5,0.0
2,66800,KELP,2045.0,29.0,,,,,2049.0,29.0,,,,,2047.0,0.0
2,66900,KELP,2047.0,8.0,2045.0,23.0,,,2049.0,23.0,,,,,2048.0,0.0
2,67000,KELP,2047.0,1.0,2045.0,24.0,,,2049.0,24.0,,,,,2048.0,0.0
2,67100,KELP,2045.0,24.0,,,,,2047.0,8.0,2049.0,24.0,,,2046.0,0.0
2,67200,KELP,2045.0,28.0,,,,,2049.0,28.0,,,,,2047.0,0.0
2,67300,KELP,2045.0,27.0,,,,,2047.0,5.0,2049.0,28.0,,,2046.0,0.0
2,67400,KELP,2045.0,23.0,,,,,2049.0,23.0,,,,,2047.0,0.0
2,67500,KELP,2045.0,27.0,,,,,2049.0,27.0,,,,,2047.0,0.0
2,67600,KELP,2045.0,25.0,,,,,2049.0,25.0,,,,,2047.0,0.0
2,67700,KELP,2046.0,3.0,2045.0,25.0,,,2049.0,25.0,,,,,2047.5,0.0
2,67800,KELP,2046.0,25.0,,,,,2047.0,4.0,2049.0,25.0,,,2046.5,0.0
2,67900,KELP,2045.0,21.0,,,,,2048.0,4.0,2049.0,21.0,,,2046.5,0.0
2,68000,KELP,2046.0,2.0,2045.0,29.0,,,2049.0,31.0,,,,,2047.5,0.0
2,68100,KELP,2046.0,24.0,,,,,2049.0,24.0,,,,,2047.5,0.0
2,68200,KELP,2046.0,27.0,,,,,2049.0,27.0,,,,,2047.5,0.0
2,68300,KELP,2046.0,19.0,,,,,2049.0,20.0,,,,,2047.5,0.0
2,68400,KELP,2046.0,31.0,,,,,2049.0,27.0,,,,,2047.5,0.0
2,68500,KELP,2046.0,30.0,,,,,2049.0,27.0,,,,,2047.5,0.0
2,68600,KELP,2046.0,21.0,,,,,2048.0,8.0,2049.0,21.0,,,2047.0,0.0
2,68700,KELP,2046.0,25.0,,,,,2049.0,24.0,,,,,2047.5,0.0
2,68800,KELP,2046.0,28.0,,,,,2049.0,28.0,,,,,2047.5,0.0
2,68900,KELP,2046.0,1.0,2045.0,20.0,,,2049.0,21.0,,,,,2047.5,0.0
2,69000,KELP,2046.0,32.0,,,,,2049.0,31.0,,,,,2047.5,0.0
2,69100,KELP,2046.0,23.0,,,,,2049.0,23.0,,,,,2047.5,0.0
2,69200,KELP,2046.0,30.0,,,,,2048.0,4.0,2049.0,30.0,,,2047.0,0.0
2,69300,KELP,2046.0,29.0,,,,,2049.0,29.0,,,,,2047.5,0.0
2,69400,KELP,2046.0,30.0,,,,,2049.0,30.0,,,,,2047.5,0.0
2,69500,KELP,2046.0,29.0,,,,,2049.0,23.0,,,,,2047.5,0.0
2,69600,KELP,2046.0,23.0,,,,,2048.0,3.0,2049.0,23.0,,,2047.0,0.0
2,69700,KELP,2046.0,25.0,,,,,2049.0,25.0,,,,,2047.5,0.0
2,69800,KELP,2046.0,23.0,,,,,2049.0,23.0,,,,,2047.5,0.0
2,69900,KELP,2046.0,30.0,,,,,2049.0,30.0,,,,,2047.5,0.0
2,70000,KELP,2046.0,32.0,,,,,2049.0,29.0,,,,,2047.5,0.0
2,70100,KELP,2046.0,2.0,2045.0,26.0,,,2048.0,4.0,2049.0,28.0,,,2047.0,0.0
2,70200,KELP,2046.0,26.0,,,,,2049.0,29.0,,,,,2047.5,0.0
2,70300,KELP,2046.0,1.0,2045.0,30.0,,,2049.0,31.0,,,,,2047.5,0.0
2,70400,KELP,2045.0,27.0,,,,,2047.0,2.0,2049.0,27.0,,,2046.0,0.0
2,70500,KELP,2046.0,2.0,2045.0,27.0,,,2049.0,29.0,,,,,2047.5,0.0
2,70600,KELP,2045.0,24.0,,,,,2049.0,24.0,,,,,2047.0,0.0
2,70700,KELP,2045.0,23.0,,,,,2047.0,3.0,2049.0,23.0,,,2046.0,0.0
2,70800,KELP,2045.0,31.0,,,,,2049.0,31.0,,,,,2047.0,0.0
2,70900,KELP,2047.0,1.0,2045.0,22.0,,,2049.0,22.0,,,,,2048.0,0.0
2,71000,KELP,2045.0,32.0,,,,,2049.0,32.0,,,,,2047.0,0.0
2,71100,KELP,2045.0,29.0,,,,,2049.0,29.0,,,,,2047.0,0.0
2,71200,KELP,2045.0,30.0,,,,,2049.0,30.0,,,,,2047.0,0.0
2,71300,KELP,2045.0,27.0,,,,,2049.0,27.0,,,,,2047.0,0.0
2,71400,KELP,2046.0,36.0,,,,,2049.0,30.0,,,,,2047.5,0.0
2,71500,KELP,2046.0,30.0,,,,,2049.0,30.0,,,,,2047.5,0.0
2,71600,KELP,2046.0,30.0,,,,,2049.0,30.0,,,,,2047.5,0.0
2,71700,KELP,2046.0,22.0,,,,,2049.0,22.0,,,,,2047.5,0.0
2,71800,KELP,2046.0,29.0,,,,,2049.0,29.0,,,,,2047.5,0.0
2,71900,KELP,2048.0,1.0,2046.0,28.0,,,2049.0,28.0,,,,,2048.5,0.0
2,72000,KELP,2046.0,20.0,,,,,2048.0,8.0,2049.0,20.0,,,2047.0,0.0
2,72100,KELP,2046.0,22.0,,,,,2048.0,1.0,2049.0,22.0,,,2047.0,0.0
2,72200,KELP,2045.0,27.0,,,,,2049.0,28.0,,,,,2047.0,0.0
2,72300,KELP,2045.0,27.0,,,,,2049.0,27.0,,,,,2047.0,0.0
2,72400,KELP,2047.0,2.0,2046.0,1.0,2045.0,22.0,2049.0,23.0,,,,,2048.0,0.0
2,72500,KELP,2045.0,22.0,,,,,2049.0,22.0,,,,,2047.0,0.0
2,72600,KELP,2046.0,2.0,2045.0,22.0,,,2049.0,24.0,,,,,2047.5,0.0
2,72700,KELP,2046.0,2.0,2045.0,30.0,,,2049.0,32.0,,,,,2047.5,0.0
2,72800,KELP,2046.0,1.0,2045.0,30.0,,,2049.0,31.0,,,,,2047.5,0.0
2,72900,KELP,2045.0,29.0,,,,,2046.0,1.0,2049.0,29.0,,,2045.5,0.0
2,73000,KELP,2045.0,23.0,,,,,2049.0,23.0,,,,,2047.0,0.0
2,73100,KELP,2045.0,28.0,,,,,2047.0,2.0,2049.0,28.0,,,2046.0,0.0
2,73200,KELP,2045.0,30.0,,,,,2049.0,30.0,,,,,2047.0,0.0
2,73300,KELP,2045.0,22.0,,,,,2049.0,22.0,,,,,2047.0,0.0
2,73400,KELP,2045.0,31.0,,,,,2047.0,7.0,2049.0,31.0,,,2046.0,0.0
2,73500,KELP,2045.0,28.0,,,,,2049.0,28.0,,,,,2047.0,0.0
2,73600,KELP,2045.0,29.0,,,,,2049.0,29.0,,,,,2047.0,0.0
2,73700,KELP,2045.0,20.0,,,,,2049.0,20.0,,,,,2047.0,0.0
2,73800,KELP,2046.0,8.0,2045.0,29.0,,,2049.0,29.0,,,,,2047.5,0.0
2,73900,KELP,2046.0,5.0,2045.0,23.0,,,2049.0,23.0,,,,,2047.5,0.0
2,74000,KELP,2045.0,22.0,,,,,2049.0,22.0,,,,,2047.0,0.0
2,74100,KELP,2046.0,8.0,2045.0,25.0,,,2049.0,25.0,,,,,2047.5,0.0
2,74200,KELP,2045.0,25.0,,,,,2049.0,25.0,,,,,2047.0,0.0
2,74300,KELP,2048.0,1.0,2046.0,2.0,2045.0,28.0,2049.0,30.0,,,,,2048.5,0.0
2,74400,KELP,2045.0,22.0,,,,,2046.0,1.0,2049.0,22.0,,,2045.5,0.0
2,74500,KELP,2046.0,2.0,2045.0,26.0,,,2049.0,28.0,,,,,2047.5,0.0
2,74600,KELP,2046.0,28.0,,,,,2049.0,28.0,,,,,2047.5,0.0
2,74700,KELP,2046.0,30.0,,,,,2049.0,30.0,,,,,2047.5,0.0
2,74800,KELP,2048.0,1.0,2046.0,22.0,,,2049.0,22.0,,,,,2048.5,0.0
2,74900,KELP,2046.0,24.0,,,,,2048.0,1.0,2049.0,24.0,,,2047.0,0.0
2,75000,KELP,2046.0,30.0,,,,,2049.0,30.0,,,,,2047.5,0.0
2,75100,KELP,2048.0,1.0,2047.0,5.0,2046.0,24.0,2049.0,23.0,,,,,2048.5,0.0
2,75200,KELP,2046.0,22.0,,,,,2049.0,23.0,,,,,2047.5,0.0
2,75300,KELP,2048.0,1.0,2046.0,29.0,,,2049.0,29.0,,,,,2048.5,0.0
2,75400,KELP,2046.0,28.0,,,,,2049.0,28.0,,,,,2047.5,0.0
2,75500,KELP,2046.0,24.0,,,,,2049.0,24.0,,,,,2047.5,0.0
2,75600,KELP,2046.0,31.0,,,,,2048.0,1.0,2049.0,32.0,,,2047.0,0.0
2,75700,KELP,2046.0,22.0,,,,,2048.0,6.0,2049.0,22.0,,,2047.0,0.0
2,75800,KELP,2045.0,28.0,,,,,2049.0,28.0,,,,,2047.0,0.0
2,75900,KELP,2045.0,29.0,,,,,2049.0,29.0,,,,,2047.0,0.0
2,76000,KELP,2047.0,2.0,2045.0,31.0,,,2049.0,31.0,,,,,2048.0,0.0
2,76100,KELP,2045.0,29.0,,,,,2049.0,29.0,,,,,2047.0,0.0
2,76200,KELP,2045.0,32.0,,,,,2049.0,32.0,,,,,2047.0,0.0
2,76300,KELP,2045.0,25.0,,,,,2049.0,25.0,,,,,2047.0,0.0
2,76400,KELP,2048.0,1.0,2045.0,23.0,,,2049.0,23.0,,,,,2048.5,0.0
2,76500,KELP,2048.0,1.0,2045.0,27.0,,,2049.0,27.0,,,,,2048.5,0.0
2,76600,KELP,2045.0,31.0,,,,,2049.0,31.0,,,,,2047.0,0.0
2,76700,KELP,2046.0,35.0,,,,,2049.0,29.0,,,,,2047.5,0.0
2,76800,KELP,2046.0,28.0,,,,,2049.0,28.0,,,,,2047.5,0.0
2,76900,KELP,2046.0,22.0,,,,,2049.0,22.0,,,,,2047.5,0.0
2,77000,KELP,2046.0,21.0,,,,,2049.0,21.0,,,,,2047.5,0.0
2,77100,KELP,2048.0,1.0,2046.0,21.0,,,2049.0,21.0,,,,,2048.5,0.0
2,77200,KELP,2046.0,25.0,,,,,2049.0,25.0,,,,,2047.5,0.0
2,77300,KELP,2046.0,30.0,,,,,2049.0,30.0,,,,,2047.5,0.0
2,77400,KELP,2046.0,25.0,,,,,2049.0,25.0,,,,,2047.5,0.0
2,77500,KELP,2047.0,2.0,2046.0,23.0,,,2049.0,23.0,,,,,2048.0,0.0
2,77600,KELP,2046.0,29.0,,,,,2049.0,29.0,,,,,2047.5,0.0
2,77700,KELP,2046.0,32.0,,,,,2049.0,26.0,,,,,2047.5,0.0
2,77800,KELP,2046.0,28.0,,,,,2049.0,28.0,,,,,2047.5,0.0
2,77900,KELP,2046.0,27.0,,,,,2049.0,27.0,,,,,2047.5,0.0
2,78000,KELP,2046.0,38.0,,,,,2049.0,30.0,,,,,2047.5,0.0
2,78100,KELP,2046.0,32.0,,,,,2049.0,30.0,,,,,2047.5,0.0
2,78200,KELP,2046.0,24.0,,,,,2049.0,21.0,,,,,2047.5,0.0
2,78300,KELP,2048.0,1.0,2046.0,26.0,,,2049.0,21.0,,,,,2048.5,0.0
2,78400,KELP,2046.0,28.0,,,,,2049.0,28.0,,,,,2047.5,0.0
2,78500,KELP,2046.0,27.0,,,,,2049.0,27.0,,,,,2047.5,0.0
2,78600,KELP,2046.0,21.0,,,,,2049.0,21.0,,,,,2047.5,0.0
2,78700,KELP,2046.0,28.0,,,,,2049.0,28.0,,,,,2047.5,0.0
2,78800,KELP,2046.0,26.0,,,,,2050.0,26.0,,,,,2048.0,0.0
2,78900,KELP,2046.0,26.0,,,,,2049.0,2.0,2050.0,24.0,,,2047.5,0.0
2,79000,KELP,2046.0,31.0,,,,,2050.0,31.0,,,,,2048.0,0.0
2,79100,KELP,2046.0,21.0,,,,,2050.0,22.0,,,,,2048.0,0.0
2,79200,KELP,2046.0,22.0,,,,,2050.0,22.0,,,,,2048.0,0.0
2,79300,KELP,2046.0,15.0,,,,,2049.0,25.0,,,,,2047.5,0.0
2,79400,KELP,2047.0,6.0,2046.0,29.0,,,2049.0,29.0,,,,,2048.0,0.0
2,79500,KELP,2046.0,26.0,,,,,2049.0,1.0,2050.0,25.0,,,2047.5,0.0
2,79600,KELP,2046.0,24.0,,,,,2050.0,24.0,,,,,2048.0,0.0
2,79700,KELP,2046.0,28.0,,,,,2049.0,1.0,2050.0,25.0,,,2047.5,0.0
2,79800,KELP,2046.0,24.0,,,,,2049.0,1.0,2050.0,23.0,,,2047.5,0.0
2,79900,KELP,2046.0,21.0,,,,,2049.0,26.0,,,,,2047.5,0.0
2,80000,KELP,2046.0,24.0,,,,,2049.0,1.0,2050.0,23.0,,,2047.5,0.0
2,80100,KELP,2046.0,29.0,,,,,2050.0,29.0,,,,,2048.0,0.0
2,80200,KELP,2049.0,1.0,2046.0,27.0,,,2050.0,27.0,,,,,2049.5,0.0
2,80300,KELP,2047.0,1.0,2046.0,28.0,,,2050.0,28.0,,,,,2048.5,0.0
2,80400,KELP,2047.0,32.0,,,,,2050.0,32.0,,,,,2048.5,0.0
2,80500,KELP,2047.0,23.0,,,,,2050.0,23.0,,,,,2048.5,0.0
2,80600,KELP,2047.0,22.0,,,,,2050.0,22.0,,,,,2048.5,0.0
2,80700,KELP,2046.0,25.0,,,,,2047.0,1.0,2050.0,25.0,,,2046.5,0.0
2,80800,KELP,2047.0,5.0,2046.0,30.0,,,2050.0,32.0,,,,,2048.5,0.0
2,80900,KELP,2049.0,1.0,2047.0,3.0,2046.0,31.0,2050.0,31.0,,,,,2049.5,0.0
2,81000,KELP,2047.0,24.0,,,,,2050.0,24.0,,,,,2048.5,0.0
2,81100,KELP,2047.0,29.0,,,,,2050.0,29.0,,,,,2048.5,0.0
2,81200,KELP,2047.0,21.0,,,,,2050.0,21.0,,,,,2048.5,0.0
2,81300,KELP,2048.0,2.0,2047.0,24.0,,,2050.0,24.0,,,,,2049.0,0.0
2,81400,KELP,2049.0,1.0,2046.0,26.0,,,2050.0,26.0,,,,,2049.5,0.0
2,81500,KELP,2046.0,29.0,,,,,2050.0,29.0,,,,,2048.0,0.0
2,81600,KELP,2046.0,28.0,,,,,2050.0,28.0,,,,,2048.0,0.0
2,81700,KELP,2047.0,7.0,2046.0,30.0,,,2048.0,4.0,2050.0,30.0,,,2047.5,0.0
2,81800,KELP,2046.0,22.0,,,,,2050.0,22.0,,,,,2048.0,0.0
2,81900,KELP,2047.0,2.0,2046.0,23.0,,,2050.0,25.0,,,,,2048.5,0.0
2,82000,KELP,2046.0,29.0,,,,,2050.0,29.0,,,,,2048.0,0.0
2,82100,KELP,2047.0,30.0,,,,,2050.0,29.0,,,,,2048.5,0.0
2,82200,KELP,2047.0,30.0,,,,,2050.0,22.0,,,,,2048.5,0.0
2,82300,KELP,2047.0,29.0,,,,,2050.0,21.0,,,,,2048.5,0.0
2,82400,KELP,2047.0,30.0,,,,,2050.0,22.0,,,,,2048.5,0.0
2,82500,KELP,2047.0,30.0,,,,,2050.0,30.0,,,,,2048.5,0.0
2,82600,KELP,2047.0,28.0,,,,,2051.0,28.0,,,,,2049.0,0.0
2,82700,KELP,2047.0,27.0,,,,,2051.0,27.0,,,,,2049.0,0.0
2,82800,KELP,2047.0,20.0,,,,,2050.0,20.0,,,,,2048.5,0.0
2,82900,KELP,2047.0,26.0,,,,,2048.0,4.0,2049.0,7.0,2050.0,2.0,2047.5,0.0
2,83000,KELP,2047.0,28.0,,,,,2050.0,27.0,,,,,2048.5,0.0
2,83100,KELP,2047.0,24.0,,,,,2050.0,24.0,,,,,2048.5,0.0
2,83200,KELP,2047.0,29.0,,,,,2050.0,23.0,,,,,2048.5,0.0
2,83300,KELP,2047.0,30.0,,,,,2049.0,3.0,2050.0,30.0,,,2048.0,0.0
2,83400,KELP,2047.0,20.0,,,,,2050.0,20.0,,,,,2048.5,0.0
2,83500,KELP,2047.0,28.0,,,,,2049.0,5.0,2050.0,29.0,,,2048.0,0.0
2,83600,KELP,2047.0,30.0,,,,,2050.0,30.0,,,,,2048.5,0.0
2,83700,KELP,2047.0,26.0,,,,,2050.0,2.0,2051.0,24.0,,,2048.5,0.0
2,83800,KELP,2047.0,30.0,,,,,2050.0,30.0,,,,,2048.5,0.0
2,83900,KELP,2047.0,26.0,,,,,2049.0,1.0,2050.0,26.0,,,2048.0,0.0
2,84000,KELP,2047.0,23.0,,,,,2050.0,23.0,,,,,2048.5,0.0
2,84100,KELP,2047.0,26.0,,,,,2050.0,26.0,,,,,2048.5,0.0
2,84200,KELP,2048.0,2.0,2047.0,27.0,,,2050.0,3.0,2051.0,29.0,,,2049.0,0.0
2,84300,KELP,2050.0,1.0,2048.0,27.0,,,2051.0,27.0,,,,,2050.5,0.0
2,84400,KELP,2048.0,29.0,,,,,2050.0,8.0,2051.0,29.0,,,2049.0,0.0
2,84500,KELP,2048.0,30.0,,,,,2050.0,3.0,2051.0,30.0,,,2049.0,0.0
2,84600,KELP,2048.0,30.0,,,,,2051.0,30.0,,,,,2049.5,0.0
2,84700,KELP,2048.0,27.0,,,,,2051.0,22.0,,,,,2049.5,0.0
2,84800,KELP,2048.0,22.0,,,,,2051.0,22.0,,,,,2049.5,0.0
2,84900,KELP,2048.0,22.0,,,,,2051.0,22.0,,,,,2049.5,0.0
2,85000,KELP,2048.0,29.0,,,,,2051.0,29.0,,,,,2049.5,0.0
2,85100,KELP,2048.0,23.0,,,,,2050.0,7.0,2051.0,23.0,,,2049.0,0.0
2,85200,KELP,2047.0,21.0,,,,,2049.0,1.0,2051.0,21.0,,,2048.0,0.0
2,85300,KELP,2048.0,1.0,2047.0,29.0,,,2050.0,3.0,2051.0,30.0,,,2049.0,0.0
2,85400,KELP,2047.0,22.0,,,,,2051.0,22.0,,,,,2049.0,0.0
2,85500,KELP,2049.0,3.0,2048.0,6.0,2047.0,31.0,2051.0,31.0,,,,,2050.0,0.0
2,85600,KELP,2047.0,29.0,,,,,2049.0,2.0,2051.0,29.0,,,2048.0,0.0
2,85700,KELP,2047.0,24.0,,,,,2051.0,24.0,,,,,2049.0,0.0
2,85800,KELP,2048.0,2.0,2047.0,28.0,,,2051.0,28.0,,,,,2049.5,0.0
2,85900,KELP,2047.0,22.0,,,,,2051.0,22.0,,,,,2049.0,0.0
2,86000,KELP,2047.0,31.0,,,,,2051.0,31.0,,,,,2049.0,0.0
2,86100,KELP,2047.0,21.0,,,,,2051.0,21.0,,,,,2049.0,0.0
2,86200,KELP,2048.0,2.0,2047.0,25.0,,,2051.0,27.0,,,,,2049.5,0.0
2,86300,KELP,2048.0,3.0,2047.0,26.0,,,2051.0,26.0,,,,,2049.5,0.0
2,86400,KELP,2047.0,23.0,,,,,2051.0,23.0,,,,,2049.0,0.0
2,86500,KELP,2048.0,9.0,2047.0,28.0,,,2049.0,3.0,2051.0,29.0,,,2048.5,0.0
2,86600,KELP,2048.0,23.0,,,,,2050.0,2.0,2051.0,23.0,,,2049.0,0.0
2,86700,KELP,2050.0,1.0,2048.0,25.0,,,2051.0,25.0,,,,,2050.5,0.0
2,86800,KELP,2048.0,30.0,,,,,2051.0,30.0,,,,,2049.5,0.0
2,86900,KELP,2048.0,27.0,,,,,2051.0,25.0,,,,,2049.5,0.0
2,87000,KELP,2048.0,22.0,,,,,2050.0,4.0,2051.0,26.0,,,2049.0,0.0
2,87100,KELP,2048.0,21.0,,,,,2050.0,7.0,2051.0,24.0,,,2049.0,0.0
2,87200,KELP,2048.0,26.0,,,,,2051.0,26.0,,,,,2049.5,0.0
2,87300,KELP,2048.0,28.0,,,,,2051.0,28.0,,,,,2049.5,0.0
2,87400,KELP,2048.0,28.0,,,,,2051.0,24.0,,,,,2049.5,0.0
2,87500,KELP,2048.0,28.0,,,,,2052.0,28.0,,,,,2050.0,0.0
2,87600,KELP,2048.0,26.0,,,,,2052.0,26.0,,,,,2050.0,0.0
2,87700,KELP,2048.0,23.0,,,,,2052.0,23.0,,,,,2050.0,0.0
2,87800,KELP,2048.0,23.0,,,,,2052.0,23.0,,,,,2050.0,0.0
2,87900,KELP,2048.0,23.0,,,,,2052.0,24.0,,,,,2050.0,0.0
2,88000,KELP,2049.0,34.0,,,,,2052.0,27.0,,,,,2050.5,0.0
2,88100,KELP,2049.0,26.0,,,,,2052.0,26.0,,,,,2050.5,0.0
2,88200,KELP,2049.0,21.0,,,,,2052.0,21.0,,,,,2050.5,0.0
2,88300,KELP,2049.0,29.0,,,,,2052.0,29.0,,,,,2050.5,0.0
2,88400,KELP,2049.0,26.0,,,,,2051.0,2.0,2052.0,26.0,,,2050.0,0.0
2,88500,KELP,2049.0,26.0,,,,,2052.0,26.0,,,,,2050.5,0.0
2,88600,KELP,2051.0,1.0,2049.0,27.0,,,2052.0,27.0,,,,,2051.5,0.0
2,88700,KELP,2049.0,21.0,,,,,2052.0,21.0,,,,,2050.5,0.0
2,88800,KELP,2049.0,24.0,,,,,2052.0,24.0,,,,,2050.5,0.0
2,88900,KELP,2049.0,26.0,,,,,2052.0,26.0,,,,,2050.5,0.0
2,89000,KELP,2049.0,21.0,,,,,2052.0,21.0,,,,,2050.5,0.0
2,89100,KELP,2049.0,30.0,,,,,2052.0,30.0,,,,,2050.5,0.0
2,89200,KELP,2049.0,26.0,,,,,2052.0,26.0,,,,,2050.5,0.0
2,89300,KELP,2049.0,1.0,2048.0,25.0,,,2052.0,26.0,,,,,2050.5,0.0
2,89400,KELP,2049.0,1.0,2048.0,25.0,,,2052.0,26.0,,,,,2050.5,0.0
2,89500,KELP,2048.0,30.0,,,,,2052.0,30.0,,,,,2050.0,0.0
2,89600,KELP,2049.0,2.0,2048.0,31.0,,,2052.0,31.0,,,,,2050.5,0.0
2,89700,KELP,2048.0,30.0,,,,,2050.0,6.0,2052.0,30.0,,,2049.0,0.0
2,89800,KELP,2050.0,5.0,2049.0,8.0,2048.0,26.0,2052.0,26.0,,,,,2051.0,0.0
2,89900,KELP,2049.0,2.0,2048.0,25.0,,,2052.0,25.0,,,,,2050.5,0.0
2,90000,KELP,2048.0,22.0,,,,,2052.0,22.0,,,,,2050.0,0.0
2,90100,KELP,2048.0,20.0,,,,,2052.0,20.0,,,,,2050.0,0.0
2,90200,KELP,2049.0,7.0,2048.0,31.0,,,2052.0,31.0,,,,,2050.5,0.0
2,90300,KELP,2048.0,35.0,,,,,2051.0,1.0,2052.0,30.0,,,2049.5,0.0
2,90400,KELP,2049.0,6.0,2048.0,26.0,,,2051.0,26.0,,,,,2050.0,0.0
2,90500,KELP,2048.0,20.0,,,,,2051.0,20.0,,,,,2049.5,0.0
2,90600,KELP,2048.0,22.0,,,,,2051.0,30.0,,,,,2049.5,0.0
2,90700,KELP,2048.0,29.0,,,,,2050.0,4.0,2051.0,29.0,,,2049.0,0.0
2,90800,KELP,2048.0,25.0,,,,,2051.0,26.0,,,,,2049.5,0.0
2,90900,KELP,2048.0,24.0,,,,,2050.0,4.0,2051.0,24.0,,,2049.0,0.0
2,91000,KELP,2048.0,26.0,,,,,2051.0,26.0,,,,,2049.5,0.0
2,91100,KELP,2048.0,30.0,,,,,2051.0,30.0,,,,,2049.5,0.0
2,91200,KELP,2048.0,28.0,,,,,2049.0,3.0,2051.0,28.0,,,2048.5,0.0
2,91300,KELP,2050.0,1.0,2049.0,7.0,2048.0,22.0,2051.0,1.0,2052.0,21.0,,,2050.5,0.0
2,91400,KELP,2048.0,23.0,,,,,2051.0,23.0,,,,,2049.5,0.0
2,91500,KELP,2048.0,26.0,,,,,2052.0,26.0,,,,,2050.0,0.0
2,91600,KELP,2048.0,27.0,,,,,2052.0,27.0,,,,,2050.0,0.0
2,91700,KELP,2048.0,27.0,,,,,2052.0,27.0,,,,,2050.0,0.0
2,91800,KELP,2048.0,29.0,,,,,2052.0,29.0,,,,,2050.0,0.0
2,91900,KELP,2049.0,5.0,2048.0,23.0,,,2052.0,23.0,,,,,2050.5,0.0
2,92000,KELP,2048.0,27.0,,,,,2051.0,22.0,,,,,2049.5,0.0
2,92100,KELP,2048.0,28.0,,,,,2052.0,28.0,,,,,2050.0,0.0
2,92200,KELP,2048.0,26.0,,,,,2052.0,26.0,,,,,2050.0,0.0
2,92300,KELP,2048.0,30.0,,,,,2052.0,30.0,,,,,2050.0,0.0
2,92400,KELP,2048.0,23.0,,,,,2051.0,23.0,,,,,2049.5,0.0
2,92500,KELP,2048.0,26.0,,,,,2050.0,6.0,2051.0,26.0,,,2049.0,0.0
2,92600,KELP,2048.0,26.0,,,,,2050.0,2.0,2052.0,26.0,,,2049.0,0.0
2,92700,KELP,2048.0,23.0,,,,,2052.0,23.0,,,,,2050.0,0.0
2,92800,KELP,2048.0,26.0,,,,,2052.0,26.0,,,,,2050.0,0.0
2,92900,KELP,2048.0,27.0,,,,,2050.0,6.0,2052.0,27.0,,,2049.0,0.0
2,93000,KELP,2049.0,1.0,2048.0,23.0,,,2050.0,2.0,2052.0,25.0,,,2049.5,0.0
2,93100,KELP,2048.0,25.0,,,,,2052.0,25.0,,,,,2050.0,0.0
2,93200,KELP,2048.0,29.0,,,,,2052.0,29.0,,,,,2050.0,0.0
2,93300,KELP,2049.0,23.0,,,,,2051.0,5.0,2052.0,23.0,,,2050.0,0.0
2,93400,KELP,2049.0,25.0,,,,,2052.0,25.0,,,,,2050.5,0.0
2,93500,KELP,2048.0,29.0,,,,,2050.0,8.0,2052.0,29.0,,,2049.0,0.0
2,93600,KELP,2048.0,24.0,,,,,2049.0,3.0,2052.0,24.0,,,2048.5,0.0
2,93700,KELP,2048.0,25.0,,,,,2052.0,25.0,,,,,2050.0,0.0
2,93800,KELP,2049.0,2.0,2048.0,30.0,,,2052.0,32.0,,,,,2050.5,0.0
2,93900,KELP,2049.0,2.0,2048.0,28.0,,,2052.0,30.0,,,,,2050.5,0.0
2,94000,KELP,2049.0,28.0,,,,,2052.0,28.0,,,,,2050.5,0.0
2,94100,KELP,2049.0,2.0,2048.0,20.0,,,2052.0,22.0,,,,,2050.5,0.0
2,94200,KELP,2051.0,1.0,2049.0,5.0,2048.0,30.0,2052.0,31.0,,,,,2051.5,0.0
2,94300,KELP,2049.0,1.0,2048.0,22.0,,,2050.0,1.0,2052.0,23.0,,,2049.5,0.0
2,94400,KELP,2049.0,4.0,2048.0,27.0,,,2052.0,27.0,,,,,2050.5,0.0
2,94500,KELP,2049.0,1.0,2048.0,22.0,,,2052.0,23.0,,,,,2050.5,0.0
2,94600,KELP,2051.0,1.0,2048.0,20.0,,,2052.0,20.0,,,,,2051.5,0.0
2,94700,KELP,2048.0,21.0,,,,,2052.0,21.0,,,,,2050.0,0.0
2,94800,KELP,2049.0,1.0,2048.0,24.0,,,2052.0,25.0,,,,,2050.5,0.0
2,94900,KELP,2049.0,23.0,,,,,2052.0,23.0,,,,,2050.5,0.0
2,95000,KELP,2049.0,25.0,,,,,2052.0,25.0,,,,,2050.5,0.0
2,95100,KELP,2051.0,1.0,2049.0,29.0,,,2052.0,29.0,,,,,2051.5,0.0
2,95200,KELP,2051.0,1.0,2049.0,29.0,,,2052.0,24.0,,,,,2051.5,0.0
2,95300,KELP,2049.0,27.0,,,,,2050.0,2.0,2052.0,27.0,,,2049.5,0.0
2,95400,KELP,2051.0,1.0,2049.0,32.0,,,2052.0,32.0,,,,,2051.5,0.0
2,95500,KELP,2050.0,8.0,2049.0,29.0,,,2053.0,29.0,,,,,2051.5,0.0
2,95600,KELP,2049.0,27.0,,,,,2052.0,1.0,2053.0,26.0,,,2050.5,0.0
2,95700,KELP,2049.0,21.0,,,,,2052.0,1.0,2053.0,20.0,,,2050.5,0.0
2,95800,KELP,2049.0,23.0,,,,,2052.0,2.0,2053.0,21.0,,,2050.5,0.0
2,95900,KELP,2049.0,22.0,,,,,2053.0,22.0,,,,,2051.0,0.0
2,96000,KELP,2052.0,1.0,2049.0,24.0,,,2053.0,24.0,,,,,2052.5,0.0
2,96100,KELP,2049.0,24.0,,,,,2051.0,7.0,2053.0,24.0,,,2050.0,0.0
2,96200,KELP,2049.0,22.0,,,,,2053.0,22.0,,,,,2051.0,0.0
2,96300,KELP,2051.0,1.0,2049.0,32.0,,,2053.0,32.0,,,,,2052.0,0.0
2,96400,KELP,2049.0,22.0,,,,,2053.0,22.0,,,,,2051.0,0.0
2,96500,KELP,2050.0,2.0,2049.0,26.0,,,2053.0,26.0,,,,,2051.5,0.0
2,96600,KELP,2050.0,3.0,2049.0,24.0,,,2052.0,2.0,2053.0,20.0,,,2051.0,0.0
2,96700,KELP,2049.0,20.0,,,,,2053.0,20.0,,,,,2051.0,0.0
2,96800,KELP,2049.0,23.0,,,,,2052.0,23.0,,,,,2050.5,0.0
2,96900,KELP,2049.0,30.0,,,,,2053.0,30.0,,,,,2051.0,0.0
2,97000,KELP,2049.0,30.0,,,,,2052.0,28.0,,,,,2050.5,0.0
2,97100,KELP,2049.0,22.0,,,,,2053.0,22.0,,,,,2051.0,0.0
2,97200,KELP,2050.0,3.0,2049.0,24.0,,,2051.0,7.0,2053.0,24.0,,,2050.5,0.0
2,97300,KELP,2049.0,28.0,,,,,2053.0,28.0,,,,,2051.0,0.0
2,97400,KELP,2049.0,24.0,,,,,2053.0,25.0,,,,,2051.0,0.0
2,97500,KELP,2049.0,23.0,,,,,2053.0,23.0,,,,,2051.0,0.0
2,97600,KELP,2049.0,27.0,,,,,2053.0,27.0,,,,,2051.0,0.0
2,97700,KELP,2049.0,26.0,,,,,2053.0,26.0,,,,,2051.0,0.0
2,97800,KELP,2049.0,30.0,,,,,2052.0,2.0,2053.0,28.0,,,2050.5,0.0
2,97900,KELP,2049.0,29.0,,,,,2052.0,27.0,,,,,2050.5,0.0
2,98000,KELP,2049.0,26.0,,,,,2052.0,26.0,,,,,2050.5,0.0
2,98100,KELP,2049.0,37.0,,,,,2052.0,29.0,,,,,2050.5,0.0
2,98200,KELP,2049.0,23.0,,,,,2052.0,23.0,,,,,2050.5,0.0
2,98300,KELP,2049.0,31.0,,,,,2053.0,31.0,,,,,2051.0,0.0
2,98400,KELP,2049.0,32.0,,,,,2052.0,2.0,2053.0,27.0,,,2050.5,0.0
2,98500,KELP,2049.0,24.0,,,,,2053.0,24.0,,,,,2051.0,0.0
2,98600,KELP,2049.0,32.0,,,,,2052.0,2.0,2053.0,30.0,,,2050.5,0.0
2,98700,KELP,2051.0,1.0,2049.0,28.0,,,2052.0,2.0,2053.0,26.0,,,2051.5,0.0
2,98800,KELP,2049.0,22.0,,,,,2053.0,23.0,,,,,2051.0,0.0
2,98900,KELP,2049.0,20.0,,,,,2053.0,20.0,,,,,2051.0,0.0
2,99000,KELP,2049.0,22.0,,,,,2052.0,1.0,2053.0,22.0,,,2050.5,0.0
2,99100,KELP,2049.0,29.0,,,,,2052.0,2.0,2053.0,25.0,,,2050.5,0.0
2,99200,KELP,2051.0,1.0,2049.0,30.0,,,2052.0,1.0,2053.0,29.0,,,2051.5,0.0
2,99300,KELP,2050.0,2.0,2049.0,31.0,,,2051.0,3.0,2052.0,2.0,2053.0,29.0,2050.5,0.0
2,99400,KELP,2049.0,29.0,,,,,2052.0,29.0,,,,,2050.5,0.0
2,99500,KELP,2049.0,30.0,,,,,2052.0,30.0,,,,,2050.5,0.0
2,99600,KELP,2050.0,7.0,2049.0,29.0,,,2053.0,29.0,,,,,2051.5,0.0
2,99700,KELP,2050.0,26.0,,,,,2053.0,25.0,,,,,2051.5,0.0
2,99800,KELP,2050.0,7.0,2049.0,26.0,,,2053.0,26.0,,,,,2051.5,0.0
2,99900,KELP,2049.0,28.0,,,,,2052.0,28.0,,,,,2050.5,0.0
2,100000,KELP,2049.0,29.0,,,,,2052.0,27.0,,,,,2050.5,0.0
2,100100,KELP,2049.0,21.0,,,,,2052.0,21.0,,,,,2050.5,0.0
2,100200,KELP,2049.0,22.0,,,,,2052.0,2.0,2053.0,20.0,,,2050.5,0.0
2,100300,KELP,2049.0,30.0,,,,,2052.0,30.0,,,,,2050.5,0.0
2,100400,KELP,2049.0,30.0,,,,,2052.0,28.0,,,,,2050.5,0.0
2,100500,KELP,2049.0,25.0,,,,,2053.0,25.0,,,,,2051.0,0.0
2,100600,KELP,2049.0,25.0,,,,,2052.0,1.0,2053.0,24.0,,,2050.5,0.0
2,100700,KELP,2049.0,24.0,,,,,2052.0,2.0,2053.0,22.0,,,2050.5,0.0
2,100800,KELP,2049.0,30.0,,,,,2051.0,8.0,2053.0,30.0,,,2050.0,0.0
2,100900,KELP,2049.0,26.0,,,,,2053.0,26.0,,,,,2051.0,0.0
2,101000,KELP,2049.0,33.0,,,,,2052.0,25.0,,,,,2050.5,0.0
2,101100,KELP,2049.0,22.0,,,,,2052.0,22.0,,,,,2050.5,0.0
2,101200,KELP,2049.0,31.0,,,,,2052.0,31.0,,,,,2050.5,0.0
2,101300,KELP,2049.0,24.0,,,,,2052.0,24.0,,,,,2050.5,0.0
2,101400,KELP,2049.0,23.0,,,,,2052.0,23.0,,,,,2050.5,0.0
2,101500,KELP,2051.0,1.0,2049.0,28.0,,,2052.0,24.0,,,,,2051.5,0.0
2,101600,KELP,2049.0,20.0,,,,,2051.0,7.0,2053.0,20.0,,,2050.0,0.0
2,101700,KELP,2049.0,27.0,,,,,2053.0,28.0,,,,,2051.0,0.0
2,101800,KELP,2049.0,28.0,,,,,2052.0,1.0,2053.0,28.0,,,2050.5,0.0
2,101900,KELP,2050.0,31.0,,,,,2053.0,32.0,,,,,2051.5,0.0
2,102000,KELP,2050.0,1.0,2049.0,27.0,,,2053.0,28.0,,,,,2051.5,0.0
2,102100,KELP,2050.0,24.0,,,,,2052.0,4.0,2053.0,29.0,,,2051.0,0.0
2,102200,KELP,2050.0,24.0,,,,,2053.0,24.0,,,,,2051.5,0.0
2,102300,KELP,2050.0,38.0,,,,,2053.0,30.0,,,,,2051.5,0.0
2,102400,KELP,2050.0,20.0,,,,,2051.0,2.0,2053.0,21.0,,,2050.5,0.0
2,102500,KELP,2050.0,28.0,,,,,2053.0,28.0,,,,,2051.5,0.0
2,102600,KELP,2050.0,34.0,,,,,2053.0,27.0,,,,,2051.5,0.0
2,102700,KELP,2049.0,23.0,,,,,2052.0,1.0,2053.0,21.0,,,2050.5,0.0
2,102800,KELP,2049.0,21.0,,,,,2052.0,21.0,,,,,2050.5,0.0
2,102900,KELP,2049.0,29.0,,,,,2051.0,2.0,2052.0,29.0,,,2050.0,0.0
2,103000,KELP,2049.0,22.0,,,,,2052.0,22.0,,,,,2050.5,0.0
2,103100,KELP,2049.0,25.0,,,,,2050.0,5.0,2052.0,25.0,,,2049.5,0.0
2,103200,KELP,2049.0,21.0,,,,,2052.0,21.0,,,,,2050.5,0.0
2,103300,KELP,2049.0,21.0,,,,,2052.0,1.0,2053.0,20.0,,,2050.5,0.0
2,103400,KELP,2049.0,21.0,,,,,2053.0,21.0,,,,,2051.0,0.0
2,103500,KELP,2049.0,27.0,,,,,2052.0,1.0,2053.0,26.0,,,2050.5,0.0
2,103600,KELP,2049.0,24.0,,,,,2051.0,1.0,2052.0,2.0,2053.0,22.0,2050.0,0.0
2,103700,KELP,2049.0,31.0,,,,,2050.0,2.0,2051.0,4.0,2052.0,31.0,2049.5,0.0
2,103800,KELP,2051.0,1.0,2049.0,22.0,,,2052.0,22.0,,,,,2051.5,0.0
2,103900,KELP,2049.0,33.0,,,,,2052.0,30.0,,,,,2050.5,0.0
2,104000,KELP,2049.0,26.0,,,,,2052.0,26.0,,,,,2050.5,0.0
2,104100,KELP,2049.0,28.0,,,,,2052.0,28.0,,,,,2050.5,0.0
2,104200,KELP,2049.0,32.0,,,,,2052.0,32.0,,,,,2050.5,0.0
2,104300,KELP,2049.0,22.0,,,,,2052.0,22.0,,,,,2050.5,0.0
2,104400,KELP,2049.0,26.0,,,,,2051.0,4.0,2052.0,30.0,,,2050.0,0.0
2,104500,KELP,2049.0,21.0,,,,,2052.0,22.0,,,,,2050.5,0.0
2,104600,KELP,2049.0,28.0,,,,,2052.0,29.0,,,,,2050.5,0.0
2,104700,KELP,2049.0,27.0,,,,,2052.0,28.0,,,,,2050.5,0.0
2,104800,KELP,2049.0,34.0,,,,,2052.0,31.0,,,,,2050.5,0.0
2,104900,KELP,2049.0,25.0,,,,,2052.0,24.0,,,,,2050.5,0.0
2,105000,KELP,2048.0,28.0,,,,,2052.0,28.0,,,,,2050.0,0.0
2,105100,KELP,2048.0,30.0,,,,,2051.0,2.0,2052.0,28.0,,,2049.5,0.0
2,105200,KELP,2048.0,27.0,,,,,2052.0,28.0,,,,,2050.0,0.0
2,105300,KELP,2050.0,1.0,2048.0,24.0,,,2052.0,24.0,,,,,2051.0,0.0
2,105400,KELP,2048.0,22.0,,,,,2052.0,22.0,,,,,2050.0,0.0
2,105500,KELP,2051.0,1.0,2048.0,27.0,,,2052.0,27.0,,,,,2051.5,0.0
2,105600,KELP,2050.0,9.0,2048.0,25.0,,,2052.0,25.0,,,,,2051.0,0.0
2,105700,KELP,2048.0,24.0,,,,,2050.0,6.0,2052.0,24.0,,,2049.0,0.0
2,105800,KELP,2048.0,29.0,,,,,2052.0,29.0,,,,,2050.0,0.0
2,105900,KELP,2048.0,31.0,,,,,2052.0,31.0,,,,,2050.0,0.0
2,106000,KELP,2049.0,1.0,2048.0,30.0,,,2052.0,30.0,,,,,2050.5,0.0
2,106100,KELP,2048.0,28.0,,,,,2050.0,4.0,2052.0,28.0,,,2049.0,0.0
2,106200,KELP,2048.0,30.0,,,,,2052.0,30.0,,,,,2050.0,0.0
2,106300,KELP,2048.0,26.0,,,,,2051.0,2.0,2052.0,24.0,,,2049.5,0.0
2,106400,KELP,2048.0,21.0,,,,,2052.0,21.0,,,,,2050.0,0.0
2,106500,KELP,2048.0,37.0,,,,,2051.0,29.0,,,,,2049.5,0.0
2,106600,KELP,2048.0,31.0,,,,,2050.0,4.0,2051.0,31.0,,,2049.0,0.0
2,106700,KELP,2048.0,24.0,,,,,2051.0,24.0,,,,,2049.5,0.0
2,106800,KELP,2048.0,28.0,,,,,2051.0,22.0,,,,,2049.5,0.0
2,106900,KELP,2048.0,33.0,,,,,2051.0,2.0,2052.0,30.0,,,2049.5,0.0
2,107000,KELP,2049.0,3.0,2048.0,24.0,,,2052.0,24.0,,,,,2050.5,0.0
2,107100,KELP,2048.0,33.0,,,,,2051.0,31.0,,,,,2049.5,0.0
2,107200,KELP,2048.0,24.0,,,,,2051.0,2.0,2052.0,22.0,,,2049.5,0.0
2,107300,KELP,2048.0,23.0,,,,,2050.0,1.0,2051.0,23.0,,,2049.0,0.0
2,107400,KELP,2048.0,28.0,,,,,2051.0,28.0,,,,,2049.5,0.0
2,107500,KELP,2048.0,22.0,,,,,2051.0,22.0,,,,,2049.5,0.0
2,107600,KELP,2048.0,28.0,,,,,2050.0,6.0,2051.0,29.0,,,2049.0,0.0
2,107700,KELP,2048.0,30.0,,,,,2051.0,30.0,,,,,2049.5,0.0
2,107800,KELP,2050.0,1.0,2048.0,21.0,,,2051.0,21.0,,,,,2050.5,0.0
2,107900,KELP,2048.0,26.0,,,,,2050.0,6.0,2051.0,26.0,,,2049.0,0.0
2,108000,KELP,2049.0,7.0,2048.0,27.0,,,2052.0,27.0,,,,,2050.5,0.0
2,108100,KELP,2048.0,24.0,,,,,2052.0,24.0,,,,,2050.0,0.0
2,108200,KELP,2048.0,24.0,,,,,2052.0,24.0,,,,,2050.0,0.0
2,108300,KELP,2049.0,2.0,2048.0,22.0,,,2052.0,23.0,,,,,2050.5,0.0
2,108400,KELP,2049.0,3.0,2048.0,20.0,,,2052.0,21.0,,,,,2050.5,0.0
2,108500,KELP,2048.0,21.0,,,,,2052.0,21.0,,,,,2050.0,0.0
2,108600,KELP,2051.0,9.0,2050.0,3.0,2049.0,24.0,2052.0,24.0,,,,,2051.5,0.0
2,108700,KELP,2049.0,1.0,2048.0,23.0,,,2052.0,24.0,,,,,2050.5,0.0
2,108800,KELP,2048.0,27.0,,,,,2052.0,27.0,,,,,2050.0,0.0
2,108900,KELP,2048.0,28.0,,,,,2050.0,1.0,2052.0,28.0,,,2049.0,0.0
2,109000,KELP,2049.0,4.0,2048.0,26.0,,,2052.0,28.0,,,,,2050.5,0.0
2,109100,KELP,2048.0,23.0,,,,,2050.0,7.0,2052.0,23.0,,,2049.0,0.0
2,109200,KELP,2049.0,24.0,,,,,2052.0,24.0,,,,,2050.5,0.0
2,109300,KELP,2049.0,36.0,,,,,2052.0,28.0,,,,,2050.5,0.0
2,109400,KELP,2051.0,2.0,2049.0,1.0,2048.0,30.0,2052.0,31.0,,,,,2051.5,0.0
2,109500,KELP,2049.0,23.0,,,,,2052.0,22.0,,,,,2050.5,0.0
2,109600,KELP,2049.0,29.0,,,,,2052.0,23.0,,,,,2050.5,0.0
2,109700,KELP,2049.0,27.0,,,,,2052.0,27.0,,,,,2050.5,0.0
2,109800,KELP,2049.0,21.0,,,,,2052.0,21.0,,,,,2050.5,0.0
2,109900,KELP,2051.0,1.0,2048.0,27.0,,,2052.0,27.0,,,,,2051.5,0.0
2,110000,KELP,2048.0,31.0,,,,,2052.0,31.0,,,,,2050.0,0.0
2,110100,KELP,2048.0,24.0,,,,,2052.0,24.0,,,,,2050.0,0.0
2,110200,KELP,2048.0,29.0,,,,,2052.0,29.0,,,,,2050.0,0.0
2,110300,KELP,2048.0,25.0,,,,,2050.0,2.0,2051.0,25.0,,,2049.0,0.0
2,110400,KELP,2048.0,22.0,,,,,2052.0,22.0,,,,,2050.0,0.0
2,110500,KELP,2048.0,20.0,,,,,2052.0,20.0,,,,,2050.0,0.0
2,110600,KELP,2048.0,24.0,,,,,2051.0,24.0,,,,,2049.5,0.0
2,110700,KELP,2048.0,31.0,,,,,2051.0,31.0,,,,,2049.5,0.0
2,110800,KELP,2050.0,7.0,2048.0,30.0,,,2051.0,30.0,,,,,2050.5,0.0
2,110900,KELP,2049.0,6.0,2048.0,28.0,,,2050.0,7.0,2051.0,28.0,,,2049.5,0.0
2,111000,KELP,2048.0,23.0,,,,,2051.0,23.0,,,,,2049.5,0.0
2,111100,KELP,2048.0,24.0,,,,,2049.0,3.0,2051.0,24.0,,,2048.5,0.0
2,111200,KELP,2048.0,34.0,,,,,2049.0,2.0,2051.0,32.0,,,2048.5,0.0
2,111300,KELP,2048.0,23.0,,,,,2050.0,3.0,2051.0,23.0,,,2049.0,0.0
2,111400,KELP,2048.0,26.0,,,,,2051.0,27.0,,,,,2049.5,0.0
2,111500,KELP,2048.0,28.0,,,,,2051.0,28.0,,,,,2049.5,0.0
2,111600,KELP,2048.0,22.0,,,,,2050.0,5.0,2051.0,22.0,,,2049.0,0.0
2,111700,KELP,2048.0,24.0,,,,,2051.0,24.0,,,,,2049.5,0.0
2,111800,KELP,2048.0,20.0,,,,,2051.0,20.0,,,,,2049.5,0.0
2,111900,KELP,2048.0,30.0,,,,,2051.0,30.0,,,,,2049.5,0.0
2,112000,KELP,2048.0,29.0,,,,,2051.0,29.0,,,,,2049.5,0.0
2,112100,KELP,2048.0,25.0,,,,,2051.0,25.0,,,,,2049.5,0.0
2,112200,KELP,2048.0,2.0,2047.0,26.0,,,2051.0,28.0,,,,,2049.5,0.0
2,112300,KELP,2047.0,29.0,,,,,2048.0,1.0,2051.0,29.0,,,2047.5,0.0
2,112400,KELP,2047.0,23.0,,,,,2051.0,23.0,,,,,2049.0,0.0
2,112500,KELP,2048.0,2.0,2047.0,25.0,,,2051.0,25.0,,,,,2049.5,0.0
2,112600,KELP,2047.0,25.0,,,,,2048.0,1.0,2051.0,25.0,,,2047.5,0.0
2,112700,KELP,2050.0,1.0,2047.0,22.0,,,2051.0,22.0,,,,,2050.5,0.0
2,112800,KELP,2048.0,21.0,,,,,2050.0,1.0,2051.0,21.0,,,2049.0,0.0
2,112900,KELP,2048.0,19.0,,,,,2051.0,20.0,,,,,2049.5,0.0
2,113000,KELP,2048.0,30.0,,,,,2051.0,30.0,,,,,2049.5,0.0
2,113100,KELP,2048.0,30.0,,,,,2050.0,1.0,2051.0,30.0,,,2049.0,0.0
2,113200,KELP,2048.0,22.0,,,,,2051.0,22.0,,,,,2049.5,0.0
2,113300,KELP,2048.0,20.0,,,,,2050.0,3.0,2051.0,20.0,,,2049.0,0.0
2,113400,KELP,2050.0,1.0,2049.0,6.0,2048.0,31.0,2051.0,31.0,,,,,2050.5,0.0
2,113500,KELP,2048.0,32.0,,,,,2051.0,27.0,,,,,2049.5,0.0
2,113600,KELP,2048.0,32.0,,,,,2050.0,5.0,2051.0,2.0,2052.0,30.0,2049.0,0.0
2,113700,KELP,2048.0,21.0,,,,,2050.0,8.0,2052.0,21.0,,,2049.0,0.0
2,113800,KELP,2048.0,21.0,,,,,2052.0,21.0,,,,,2050.0,0.0
2,113900,KELP,2048.0,31.0,,,,,2050.0,1.0,2051.0,31.0,,,2049.0,0.0
2,114000,KELP,2048.0,23.0,,,,,2051.0,23.0,,,,,2049.5,0.0
2,114100,KELP,2048.0,27.0,,,,,2051.0,27.0,,,,,2049.5,0.0
2,114200,KELP,2048.0,27.0,,,,,2051.0,27.0,,,,,2049.5,0.0
2,114300,KELP,2050.0,1.0,2048.0,26.0,,,2051.0,26.0,,,,,2050.5,0.0
2,114400,KELP,2048.0,29.0,,,,,2051.0,29.0,,,,,2049.5,0.0
2,114500,KELP,2048.0,24.0,,,,,2051.0,24.0,,,,,2049.5,0.0
2,114600,KELP,2048.0,31.0,,,,,2051.0,31.0,,,,,2049.5,0.0
2,114700,KELP,2050.0,1.0,2048.0,27.0,,,2051.0,27.0,,,,,2050.5,0.0
2,114800,KELP,2048.0,25.0,,,,,2049.0,5.0,2051.0,25.0,,,2048.5,0.0
2,114900,KELP,2048.0,23.0,,,,,2050.0,5.0,2051.0,23.0,,,2049.0,0.0
2,115000,KELP,2048.0,23.0,,,,,2050.0,7.0,2051.0,23.0,,,2049.0,0.0
2,115100,KELP,2048.0,25.0,,,,,2051.0,25.0,,,,,2049.5,0.0
2,115200,KELP,2050.0,10.0,2048.0,26.0,,,2051.0,25.0,,,,,2050.5,0.0
2,115300,KELP,2048.0,22.0,,,,,2051.0,22.0,,,,,2049.5,0.0
2,115400,KELP,2048.0,27.0,,,,,2051.0,22.0,,,,,2049.5,0.0
2,115500,KELP,2050.0,1.0,2048.0,21.0,,,2051.0,21.0,,,,,2050.5,0.0
2,115600,KELP,2048.0,31.0,,,,,2051.0,31.0,,,,,2049.5,0.0
2,115700,KELP,2050.0,1.0,2048.0,28.0,,,2051.0,22.0,,,,,2050.5,0.0
2,115800,KELP,2048.0,22.0,,,,,2051.0,22.0,,,,,2049.5,0.0
2,115900,KELP,2048.0,32.0,,,,,2051.0,26.0,,,,,2049.5,0.0
2,116000,KELP,2048.0,22.0,,,,,2050.0,4.0,2051.0,22.0,,,2049.0,0.0
2,116100,KELP,2048.0,22.0,,,,,2051.0,22.0,,,,,2049.5,0.0
2,116200,KELP,2048.0,32.0,,,,,2051.0,31.0,,,,,2049.5,0.0
2,116300,KELP,2048.0,28.0,,,,,2050.0,3.0,2051.0,28.0,,,2049.0,0.0
2,116400,KELP,2048.0,28.0,,,,,2050.0,7.0,2051.0,28.0,,,2049.0,0.0
2,116500,KELP,2048.0,23.0,,,,,2051.0,23.0,,,,,2049.5,0.0
2,116600,KELP,2048.0,1.0,2047.0,26.0,,,2051.0,28.0,,,,,2049.5,0.0
2,116700,KELP,2048.0,1.0,2047.0,20.0,,,2051.0,21.0,,,,,2049.5,0.0
2,116800,KELP,2047.0,28.0,,,,,2051.0,28.0,,,,,2049.0,0.0
2,116900,KELP,2047.0,25.0,,,,,2051.0,25.0,,,,,2049.0,0.0
2,117000,KELP,2049.0,2.0,2048.0,2.0,2047.0,28.0,2051.0,30.0,,,,,2050.0,0.0
2,117100,KELP,2047.0,28.0,,,,,2050.0,3.0,2051.0,28.0,,,2048.5,0.0
2,117200,KELP,2048.0,1.0,2047.0,30.0,,,2051.0,31.0,,,,,2049.5,0.0
2,117300,KELP,2048.0,1.0,2047.0,20.0,,,2051.0,22.0,,,,,2049.5,0.0
2,117400,KELP,2048.0,29.0,,,,,2050.0,6.0,2051.0,29.0,,,2049.0,0.0
2,117500,KELP,2048.0,28.0,,,,,2050.0,3.0,2051.0,29.0,,,2049.0,0.0
2,117600,KELP,2048.0,37.0,,,,,2051.0,29.0,,,,,2049.5,0.0
2,117700,KELP,2048.0,30.0,,,,,2051.0,30.0,,,,,2049.5,0.0
2,117800,KELP,2048.0,31.0,,,,,2051.0,31.0,,,,,2049.5,0.0
2,117900,KELP,2048.0,29.0,,,,,2051.0,29.0,,,,,2049.5,0.0
2,118000,KELP,2048.0,27.0,,,,,2051.0,27.0,,,,,2049.5,0.0
2,118100,KELP,2048.0,29.0,,,,,2049.0,4.0,2051.0,21.0,,,2048.5,0.0
2,118200,KELP,2048.0,29.0,,,,,2050.0,2.0,2051.0,29.0,,,2049.0,0.0
2,118300,KELP,2049.0,6.0,2048.0,32.0,,,2050.0,6.0,2051.0,32.0,,,2049.5,0.0
2,118400,KELP,2048.0,27.0,,,,,2051.0,27.0,,,,,2049.5,0.0
2,118500,KELP,2048.0,33.0,,,,,2051.0,25.0,,,,,2049.5,0.0
2,118600,KELP,2048.0,5.0,2047.0,21.0,,,2051.0,21.0,,,,,2049.5,0.0
2,118700,KELP,2048.0,2.0,2047.0,20.0,,,2051.0,22.0,,,,,2049.5,0.0
2,118800,KELP,2047.0,26.0,,,,,2051.0,27.0,,,,,2049.0,0.0
2,118900,KELP,2047.0,24.0,,,,,2051.0,24.0,,,,,2049.0,0.0
2,119000,KELP,2048.0,29.0,,,,,2051.0,29.0,,,,,2049.5,0.0
2,119100,KELP,2048.0,2.0,2047.0,23.0,,,2051.0,25.0,,,,,2049.5,0.0
2,119200,KELP,2048.0,21.0,,,,,2051.0,21.0,,,,,2049.5,0.0
2,119300,KELP,2048.0,30.0,,,,,2051.0,30.0,,,,,2049.5,0.0
2,119400,KELP,2048.0,26.0,,,,,2051.0,26.0,,,,,2049.5,0.0
2,119500,KELP,2048.0,30.0,,,,,2051.0,30.0,,,,,2049.5,0.0
2,119600,KELP,2048.0,24.0,,,,,2051.0,24.0,,,,,2049.5,0.0
2,119700,KELP,2048.0,27.0,,,,,2051.0,27.0,,,,,2049.5,0.0
2,119800,KELP,2048.0,32.0,,,,,2051.0,32.0,,,,,2049.5,0.0
2,119900,KELP,2048.0,24.0,,,,,2049.0,2.0,2050.0,2.0,2051.0,24.0,2048.5,0.0
2,120000,KELP,2047.0,24.0,,,,,2051.0,24.0,,,,,2049.0,0.0
2,120100,KELP,2048.0,1.0,2047.0,29.0,,,2051.0,30.0,,,,,2049.5,0.0
2,120200,KELP,2047.0,20.0,,,,,2051.0,20.0,,,,,2049.0,0.0
2,120300,KELP,2047.0,24.0,,,,,2049.0,2.0,2051.0,24.0,,,2048.0,0.0
2,120400,KELP,2048.0,5.0,2047.0,28.0,,,2051.0,28.0,,,,,2049.5,0.0
2,120500,KELP,2047.0,23.0,,,,,2051.0,23.0,,,,,2049.0,0.0
2,120600,KELP,2048.0,3.0,2047.0,22.0,,,2051.0,22.0,,,,,2049.5,0.0
2,120700,KELP,2047.0,32.0,,,,,2051.0,32.0,,,,,2049.0,0.0
2,120800,KELP,2047.0,23.0,,,,,2051.0,23.0,,,,,2049.0,0.0
2,120900,KELP,2047.0,27.0,,,,,2049.0,6.0,2051.0,27.0,,,2048.0,0.0
2,121000,KELP,2047.0,23.0,,,,,2049.0,6.0,2051.0,23.0,,,2048.0,0.0
2,121100,KELP,2047.0,29.0,,,,,2048.0,5.0,2050.0,29.0,,,2047.5,0.0
2,121200,KELP,2047.0,30.0,,,,,2051.0,30.0,,,,,2049.0,0.0
2,121300,KELP,2047.0,25.0,,,,,2050.0,2.0,2051.0,23.0,,,2048.5,0.0
2,121400,KELP,2047.0,24.0,,,,,2051.0,25.0,,,,,2049.0,0.0
2,121500,KELP,2047.0,27.0,,,,,2050.0,2.0,2051.0,25.0,,,2048.5,0.0
2,121600,KELP,2047.0,19.0,,,,,2049.0,1.0,2050.0,20.0,,,2048.0,0.0
2,121700,KELP,2047.0,26.0,,,,,2050.0,26.0,,,,,2048.5,0.0
2,121800,KELP,2047.0,20.0,,,,,2049.0,7.0,2050.0,20.0,,,2048.0,0.0
2,121900,KELP,2047.0,31.0,,,,,2050.0,31.0,,,,,2048.5,0.0
2,122000,KELP,2047.0,29.0,,,,,2049.0,6.0,2050.0,2.0,2051.0,27.0,2048.0,0.0
2,122100,KELP,2048.0,1.0,2047.0,23.0,,,2050.0,2.0,2051.0,21.0,,,2049.0,0.0
2,122200,KELP,2047.0,29.0,,,,,2050.0,2.0,2051.0,28.0,,,2048.5,0.0
2,122300,KELP,2047.0,27.0,,,,,2050.0,1.0,2051.0,26.0,,,2048.5,0.0
2,122400,KELP,2047.0,30.0,,,,,2050.0,1.0,2051.0,29.0,,,2048.5,0.0
2,122500,KELP,2047.0,25.0,,,,,2049.0,7.0,2050.0,26.0,,,2048.0,0.0
2,122600,KELP,2048.0,4.0,2047.0,23.0,,,2051.0,23.0,,,,,2049.5,0.0
2,122700,KELP,2047.0,31.0,,,,,2051.0,31.0,,,,,2049.0,0.0
2,122800,KELP,2047.0,30.0,,,,,2051.0,30.0,,,,,2049.0,0.0
2,122900,KELP,2047.0,30.0,,,,,2049.0,4.0,2051.0,30.0,,,2048.0,0.0
2,123000,KELP,2049.0,1.0,2047.0,32.0,,,2051.0,32.0,,,,,2050.0,0.0
2,123100,KELP,2049.0,3.0,2047.0,23.0,,,2050.0,23.0,,,,,2049.5,0.0
2,123200,KELP,2049.0,1.0,2047.0,29.0,,,2051.0,29.0,,,,,2050.0,0.0
2,123300,KELP,2047.0,21.0,,,,,2050.0,1.0,2051.0,20.0,,,2048.5,0.0
2,123400,KELP,2047.0,21.0,,,,,2050.0,21.0,,,,,2048.5,0.0
2,123500,KELP,2047.0,26.0,,,,,2050.0,24.0,,,,,2048.5,0.0
2,123600,KELP,2047.0,25.0,,,,,2050.0,25.0,,,,,2048.5,0.0
2,123700,KELP,2047.0,25.0,,,,,2050.0,25.0,,,,,2048.5,0.0
2,123800,KELP,2047.0,21.0,,,,,2050.0,1.0,2051.0,20.0,,,2048.5,0.0
2,123900,KELP,2049.0,1.0,2048.0,6.0,2047.0,27.0,2051.0,27.0,,,,,2050.0,0.0
2,124000,KELP,2047.0,31.0,,,,,2050.0,1.0,2051.0,30.0,,,2048.5,0.0
2,124100,KELP,2047.0,24.0,,,,,2051.0,24.0,,,,,2049.0,0.0
2,124200,KELP,2047.0,23.0,,,,,2050.0,23.0,,,,,2048.5,0.0
2,124300,KELP,2047.0,30.0,,,,,2050.0,29.0,,,,,2048.5,0.0
2,124400,KELP,2049.0,1.0,2047.0,28.0,,,2050.0,28.0,,,,,2049.5,0.0
2,124500,KELP,2047.0,29.0,,,,,2050.0,29.0,,,,,2048.5,0.0
2,124600,KELP,2047.0,26.0,,,,,2050.0,26.0,,,,,2048.5,0.0
2,124700,KELP,2047.0,23.0,,,,,2050.0,23.0,,,,,2048.5,0.0
2,124800,KELP,2047.0,32.0,,,,,2050.0,32.0,,,,,2048.5,0.0
2,124900,KELP,2047.0,21.0,,,,,2050.0,21.0,,,,,2048.5,0.0
2,125000,KELP,2047.0,32.0,,,,,2050.0,32.0,,,,,2048.5,0.0
2,125100,KELP,2047.0,30.0,,,,,2050.0,31.0,,,,,2048.5,0.0
2,125200,KELP,2047.0,35.0,,,,,2050.0,31.0,,,,,2048.5,0.0
2,125300,KELP,2047.0,25.0,,,,,2050.0,1.0,2051.0,25.0,,,2048.5,0.0
2,125400,KELP,2047.0,32.0,,,,,2050.0,2.0,2051.0,30.0,,,2048.5,0.0
2,125500,KELP,2047.0,22.0,,,,,2050.0,22.0,,,,,2048.5,0.0
2,125600,KELP,2047.0,26.0,,,,,2049.0,1.0,2050.0,26.0,,,2048.0,0.0
2,125700,KELP,2047.0,25.0,,,,,2050.0,1.0,2051.0,20.0,,,2048.5,0.0
2,125800,KELP,2047.0,30.0,,,,,2049.0,5.0,2050.0,1.0,2051.0,29.0,2048.0,0.0
2,125900,KELP,2049.0,2.0,2047.0,29.0,,,2051.0,29.0,,,,,2050.0,0.0
2,126000,KELP,2047.0,24.0,,,,,2050.0,2.0,2051.0,22.0,,,2048.5,0.0
2,126100,KELP,2047.0,25.0,,,,,2050.0,25.0,,,,,2048.5,0.0
2,126200,KELP,2047.0,27.0,,,,,2050.0,24.0,,,,,2048.5,0.0
2,126300,KELP,2047.0,27.0,,,,,2051.0,27.0,,,,,2049.0,0.0
2,126400,KELP,2047.0,24.0,,,,,2050.0,1.0,2051.0,23.0,,,2048.5,0.0
2,126500,KELP,2050.0,1.0,2048.0,3.0,2047.0,25.0,2051.0,25.0,,,,,2050.5,0.0
2,126600,KELP,2048.0,3.0,2047.0,29.0,,,2051.0,29.0,,,,,2049.5,0.0
2,126700,KELP,2047.0,26.0,,,,,2051.0,27.0,,,,,2049.0,0.0
2,126800,KELP,2047.0,31.0,,,,,2051.0,31.0,,,,,2049.0,0.0
2,126900,KELP,2047.0,30.0,,,,,2049.0,5.0,2051.0,30.0,,,2048.0,0.0
2,127000,KELP,2048.0,2.0,2047.0,22.0,,,2049.0,4.0,2051.0,22.0,,,2048.5,0.0
2,127100,KELP,2049.0,4.0,2047.0,25.0,,,2051.0,25.0,,,,,2050.0,0.0
2,127200,KELP,2048.0,2.0,2047.0,23.0,,,2051.0,23.0,,,,,2049.5,0.0
2,127300,KELP,2047.0,31.0,,,,,2051.0,31.0,,,,,2049.0,0.0
2,127400,KELP,2047.0,30.0,,,,,2051.0,30.0,,,,,2049.0,0.0
2,127500,KELP,2047.0,24.0,,,,,2049.0,3.0,2051.0,24.0,,,2048.0,0.0
2,127600,KELP,2048.0,7.0,2047.0,22.0,,,2051.0,22.0,,,,,2049.5,0.0
2,127700,KELP,2047.0,23.0,,,,,2051.0,20.0,,,,,2049.0,0.0
2,127800,KELP,2047.0,30.0,,,,,2048.0,2.0,2049.0,7.0,2050.0,2.0,2047.5,0.0
2,127900,KELP,2047.0,29.0,,,,,2051.0,30.0,,,,,2049.0,0.0
2,128000,KELP,2047.0,24.0,,,,,2050.0,20.0,,,,,2048.5,0.0
2,128100,KELP,2047.0,29.0,,,,,2048.0,4.0,2050.0,28.0,,,2047.5,0.0
2,128200,KELP,2047.0,19.0,,,,,2050.0,20.0,,,,,2048.5,0.0
2,128300,KELP,2047.0,29.0,,,,,2050.0,29.0,,,,,2048.5,0.0
2,128400,KELP,2047.0,24.0,,,,,2050.0,24.0,,,,,2048.5,0.0
2,128500,KELP,2047.0,29.0,,,,,2050.0,29.0,,,,,2048.5,0.0
2,128600,KELP,2047.0,39.0,,,,,2050.0,31.0,,,,,2048.5,0.0
2,128700,KELP,2047.0,25.0,,,,,2050.0,25.0,,,,,2048.5,0.0
2,128800,KELP,2047.0,30.0,,,,,2050.0,24.0,,,,,2048.5,0.0
2,128900,KELP,2047.0,27.0,,,,,2050.0,27.0,,,,,2048.5,0.0
2,129000,KELP,2047.0,32.0,,,,,2050.0,32.0,,,,,2048.5,0.0
2,129100,KELP,2047.0,23.0,,,,,2050.0,24.0,,,,,2048.5,0.0
2,129200,KELP,2047.0,23.0,,,,,2049.0,3.0,2050.0,24.0,,,2048.0,0.0
2,129300,KELP,2047.0,29.0,,,,,2050.0,24.0,,,,,2048.5,0.0
2,129400,KELP,2047.0,28.0,,,,,2050.0,28.0,,,,,2048.5,0.0
2,129500,KELP,2047.0,26.0,,,,,2050.0,26.0,,,,,2048.5,0.0
2,129600,KELP,2047.0,31.0,,,,,2048.0,3.0,2050.0,29.0,,,2047.5,0.0
2,129700,KELP,2046.0,23.0,,,,,2047.0,3.0,2050.0,24.0,,,2046.5,0.0
2,129800,KELP,2047.0,1.0,2046.0,28.0,,,2050.0,29.0,,,,,2048.5,0.0
2,129900,KELP,2047.0,1.0,2046.0,30.0,,,2050.0,31.0,,,,,2048.5,0.0
2,130000,KELP,2047.0,2.0,2046.0,27.0,,,2050.0,29.0,,,,,2048.5,0.0
2,130100,KELP,2047.0,23.0,,,,,2049.0,5.0,2050.0,23.0,,,2048.0,0.0
2,130200,KELP,2049.0,1.0,2047.0,21.0,,,2050.0,21.0,,,,,2049.5,0.0
2,130300,KELP,2047.0,31.0,,,,,2050.0,31.0,,,,,2048.5,0.0
2,130400,KELP,2049.0,3.0,2047.0,30.0,,,2050.0,30.0,,,,,2049.5,0.0
2,130500,KELP,2047.0,26.0,,,,,2049.0,6.0,2050.0,26.0,,,2048.0,0.0
2,130600,KELP,2047.0,25.0,,,,,2050.0,25.0,,,,,2048.5,0.0
2,130700,KELP,2047.0,29.0,,,,,2050.0,29.0,,,,,2048.5,0.0
2,130800,KELP,2047.0,8.0,2046.0,25.0,,,2050.0,26.0,,,,,2048.5,0.0
2,130900,KELP,2046.0,22.0,,,,,2050.0,22.0,,,,,2048.0,0.0
2,131000,KELP,2046.0,26.0,,,,,2050.0,26.0,,,,,2048.0,0.0
2,131100,KELP,2046.0,25.0,,,,,2050.0,25.0,,,,,2048.0,0.0
2,131200,KELP,2046.0,21.0,,,,,2050.0,21.0,,,,,2048.0,0.0
2,131300,KELP,2046.0,25.0,,,,,2050.0,25.0,,,,,2048.0,0.0
2,131400,KELP,2048.0,1.0,2046.0,25.0,,,2050.0,25.0,,,,,2049.0,0.0
2,131500,KELP,2046.0,20.0,,,,,2050.0,20.0,,,,,2048.0,0.0
2,131600,KELP,2048.0,2.0,2046.0,31.0,,,2049.0,24.0,,,,,2048.5,0.0
2,131700,KELP,2046.0,29.0,,,,,2049.0,29.0,,,,,2047.5,0.0
2,131800,KELP,2046.0,33.0,,,,,2049.0,25.0,,,,,2047.5,0.0
2,131900,KELP,2048.0,1.0,2046.0,26.0,,,2049.0,26.0,,,,,2048.5,0.0
2,132000,KELP,2046.0,25.0,,,,,2050.0,25.0,,,,,2048.0,0.0
2,132100,KELP,2047.0,6.0,2046.0,30.0,,,2050.0,30.0,,,,,2048.5,0.0
2,132200,KELP,2046.0,31.0,,,,,2049.0,2.0,2050.0,29.0,,,2047.5,0.0
2,132300,KELP,2046.0,30.0,,,,,2049.0,30.0,,,,,2047.5,0.0
2,132400,KELP,2046.0,32.0,,,,,2049.0,2.0,2050.0,30.0,,,2047.5,0.0
2,132500,KELP,2046.0,31.0,,,,,2047.0,3.0,2050.0,31.0,,,2046.5,0.0
2,132600,KELP,2046.0,31.0,,,,,2049.0,2.0,2050.0,25.0,,,2047.5,0.0
2,132700,KELP,2046.0,28.0,,,,,2049.0,2.0,2050.0,26.0,,,2047.5,0.0
2,132800,KELP,2046.0,28.0,,,,,2050.0,28.0,,,,,2048.0,0.0
2,132900,KELP,2048.0,2.0,2047.0,2.0,2046.0,23.0,2050.0,25.0,,,,,2049.0,0.0
2,133000,KELP,2047.0,32.0,,,,,2050.0,29.0,,,,,2048.5,0.0
2,133100,KELP,2047.0,2.0,2046.0,29.0,,,2050.0,31.0,,,,,2048.5,0.0
2,133200,KELP,2047.0,37.0,,,,,2050.0,29.0,,,,,2048.5,0.0
2,133300,KELP,2047.0,1.0,2046.0,22.0,,,2050.0,23.0,,,,,2048.5,0.0
2,133400,KELP,2048.0,4.0,2047.0,8.0,2046.0,28.0,2050.0,28.0,,,,,2049.0,0.0
2,133500,KELP,2047.0,34.0,,,,,2050.0,29.0,,,,,2048.5,0.0
2,133600,KELP,2048.0,4.0,2047.0,31.0,,,2049.0,6.0,2050.0,31.0,,,2048.5,0.0
2,133700,KELP,2047.0,25.0,,,,,2050.0,25.0,,,,,2048.5,0.0
2,133800,KELP,2047.0,22.0,,,,,2048.0,6.0,2050.0,22.0,,,2047.5,0.0
2,133900,KELP,2047.0,28.0,,,,,2050.0,28.0,,,,,2048.5,0.0
2,134000,KELP,2047.0,28.0,,,,,2050.0,28.0,,,,,2048.5,0.0
2,134100,KELP,2047.0,28.0,,,,,2050.0,28.0,,,,,2048.5,0.0
2,134200,KELP,2047.0,28.0,,,,,2048.0,6.0,2050.0,23.0,,,2047.5,0.0
2,134300,KELP,2047.0,21.0,,,,,2049.0,8.0,2050.0,21.0,,,2048.0,0.0
2,134400,KELP,2047.0,28.0,,,,,2050.0,28.0,,,,,2048.5,0.0
2,134500,KELP,2047.0,32.0,,,,,2049.0,7.0,2050.0,32.0,,,2048.0,0.0
2,134600,KELP,2047.0,28.0,,,,,2050.0,28.0,,,,,2048.5,0.0
2,134700,KELP,2049.0,1.0,2047.0,32.0,,,2050.0,29.0,,,,,2049.5,0.0
2,134800,KELP,2047.0,22.0,,,,,2050.0,22.0,,,,,2048.5,0.0
2,134900,KELP,2047.0,31.0,,,,,2049.0,5.0,2050.0,31.0,,,2048.0,0.0
2,135000,KELP,2049.0,1.0,2047.0,21.0,,,2050.0,21.0,,,,,2049.5,0.0
2,135100,KELP,2047.0,26.0,,,,,2050.0,26.0,,,,,2048.5,0.0
2,135200,KELP,2047.0,25.0,,,,,2049.0,1.0,2050.0,25.0,,,2048.0,0.0
2,135300,KELP,2047.0,32.0,,,,,2050.0,32.0,,,,,2048.5,0.0
2,135400,KELP,2047.0,27.0,,,,,2048.0,5.0,2049.0,1.0,2050.0,27.0,2047.5,0.0
2,135500,KELP,2047.0,31.0,,,,,2050.0,31.0,,,,,2048.5,0.0
2,135600,KELP,2047.0,21.0,,,,,2050.0,21.0,,,,,2048.5,0.0
2,135700,KELP,2047.0,26.0,,,,,2050.0,26.0,,,,,2048.5,0.0
2,135800,KELP,2047.0,2.0,2046.0,20.0,,,2048.0,8.0,2050.0,22.0,,,2047.5,0.0
2,135900,KELP,2047.0,1.0,2046.0,25.0,,,2050.0,26.0,,,,,2048.5,0.0
2,136000,KELP,2046.0,26.0,,,,,2049.0,5.0,2050.0,26.0,,,2047.5,0.0
2,136100,KELP,2046.0,26.0,,,,,2050.0,26.0,,,,,2048.0,0.0
2,136200,KELP,2046.0,29.0,,,,,2050.0,29.0,,,,,2048.0,0.0
2,136300,KELP,2046.0,30.0,,,,,2050.0,30.0,,,,,2048.0,0.0
2,136400,KELP,2046.0,27.0,,,,,2050.0,27.0,,,,,2048.0,0.0
2,136500,KELP,2047.0,1.0,2046.0,30.0,,,2048.0,4.0,2050.0,31.0,,,2047.5,0.0
2,136600,KELP,2047.0,24.0,,,,,2048.0,2.0,2050.0,24.0,,,2047.5,0.0
2,136700,KELP,2047.0,26.0,,,,,2050.0,26.0,,,,,2048.5,0.0
2,136800,KELP,2047.0,28.0,,,,,2050.0,29.0,,,,,2048.5,0.0
2,136900,KELP,2047.0,31.0,,,,,2050.0,27.0,,,,,2048.5,0.0
2,137000,KELP,2047.0,28.0,,,,,2050.0,28.0,,,,,2048.5,0.0
2,137100,KELP,2047.0,22.0,,,,,2050.0,22.0,,,,,2048.5,0.0
2,137200,KELP,2047.0,25.0,,,,,2050.0,25.0,,,,,2048.5,0.0
2,137300,KELP,2047.0,14.0,,,,,2050.0,24.0,,,,,2048.5,0.0
2,137400,KELP,2047.0,22.0,,,,,2050.0,22.0,,,,,2048.5,0.0
2,137500,KELP,2047.0,30.0,,,,,2050.0,30.0,,,,,2048.5,0.0
2,137600,KELP,2047.0,27.0,,,,,2049.0,5.0,2050.0,27.0,,,2048.0,0.0
2,137700,KELP,2047.0,23.0,,,,,2050.0,23.0,,,,,2048.5,0.0
2,137800,KELP,2047.0,22.0,,,,,2051.0,22.0,,,,,2049.0,0.0
2,137900,KELP,2047.0,23.0,,,,,2048.0,3.0,2050.0,1.0,2051.0,22.0,2047.5,0.0
2,138000,KELP,2047.0,25.0,,,,,2050.0,25.0,,,,,2048.5,0.0
2,138100,KELP,2047.0,29.0,,,,,2050.0,29.0,,,,,2048.5,0.0
2,138200,KELP,2047.0,24.0,,,,,2050.0,24.0,,,,,2048.5,0.0
2,138300,KELP,2047.0,25.0,,,,,2050.0,25.0,,,,,2048.5,0.0
2,138400,KELP,2047.0,37.0,,,,,2050.0,29.0,,,,,2048.5,0.0
2,138500,KELP,2047.0,23.0,,,,,2050.0,23.0,,,,,2048.5,0.0
2,138600,KELP,2047.0,27.0,,,,,2050.0,27.0,,,,,2048.5,0.0
2,138700,KELP,2047.0,20.0,,,,,2049.0,7.0,2050.0,20.0,,,2048.0,0.0
2,138800,KELP,2049.0,1.0,2046.0,30.0,,,2050.0,30.0,,,,,2049.5,0.0
2,138900,KELP,2047.0,24.0,,,,,2050.0,24.0,,,,,2048.5,0.0
2,139000,KELP,2047.0,1.0,2046.0,24.0,,,2050.0,25.0,,,,,2048.5,0.0
2,139100,KELP,2048.0,3.0,2047.0,32.0,,,2050.0,32.0,,,,,2049.0,0.0
2,139200,KELP,2047.0,28.0,,,,,2050.0,28.0,,,,,2048.5,0.0
2,139300,KELP,2047.0,25.0,,,,,2050.0,25.0,,,,,2048.5,0.0
2,139400,KELP,2047.0,25.0,,,,,2049.0,6.0,2050.0,25.0,,,2048.0,0.0
2,139500,KELP,2047.0,27.0,,,,,2050.0,27.0,,,,,2048.5,0.0
2,139600,KELP,2047.0,23.0,,,,,2050.0,23.0,,,,,2048.5,0.0
2,139700,KELP,2047.0,27.0,,,,,2050.0,27.0,,,,,2048.5,0.0
2,139800,KELP,2047.0,28.0,,,,,2050.0,28.0,,,,,2048.5,0.0
2,139900,KELP,2047.0,21.0,,,,,2050.0,21.0,,,,,2048.5,0.0
2,140000,KELP,2047.0,22.0,,,,,2050.0,22.0,,,,,2048.5,0.0
2,140100,KELP,2047.0,31.0,,,,,2050.0,25.0,,,,,2048.5,0.0
2,140200,KELP,2047.0,32.0,,,,,2050.0,32.0,,,,,2048.5,0.0
2,140300,KELP,2047.0,29.0,,,,,2050.0,1.0,2051.0,26.0,,,2048.5,0.0
2,140400,KELP,2047.0,30.0,,,,,2050.0,2.0,2051.0,27.0,,,2048.5,0.0
2,140500,KELP,2049.0,1.0,2047.0,22.0,,,2050.0,2.0,2051.0,20.0,,,2049.5,0.0
2,140600,KELP,2047.0,24.0,,,,,2050.0,24.0,,,,,2048.5,0.0
2,140700,KELP,2049.0,1.0,2047.0,28.0,,,2050.0,28.0,,,,,2049.5,0.0
2,140800,KELP,2047.0,22.0,,,,,2048.0,3.0,2049.0,2.0,2050.0,22.0,2047.5,0.0
2,140900,KELP,2047.0,22.0,,,,,2050.0,22.0,,,,,2048.5,0.0
2,141000,KELP,2047.0,28.0,,,,,2050.0,2.0,2051.0,26.0,,,2048.5,0.0
2,141100,KELP,2047.0,26.0,,,,,2050.0,27.0,,,,,2048.5,0.0
2,141200,KELP,2047.0,29.0,,,,,2050.0,29.0,,,,,2048.5,0.0
2,141300,KELP,2049.0,4.0,2047.0,31.0,,,2050.0,1.0,2051.0,30.0,,,2049.5,0.0
2,141400,KELP,2047.0,27.0,,,,,2050.0,27.0,,,,,2048.5,0.0
2,141500,KELP,2047.0,13.0,,,,,2050.0,22.0,,,,,2048.5,0.0
2,141600,KELP,2047.0,28.0,,,,,2049.0,7.0,2050.0,28.0,,,2048.0,0.0
2,141700,KELP,2047.0,25.0,,,,,2050.0,25.0,,,,,2048.5,0.0
2,141800,KELP,2047.0,21.0,,,,,2051.0,21.0,,,,,2049.0,0.0
2,141900,KELP,2048.0,3.0,2047.0,21.0,,,2051.0,21.0,,,,,2049.5,0.0
2,142000,KELP,2047.0,31.0,,,,,2051.0,31.0,,,,,2049.0,0.0
2,142100,KELP,2047.0,31.0,,,,,2049.0,5.0,2050.0,2.0,2051.0,29.0,2048.0,0.0
2,142200,KELP,2049.0,1.0,2047.0,30.0,,,2050.0,30.0,,,,,2049.5,0.0
2,142300,KELP,2047.0,26.0,,,,,2051.0,27.0,,,,,2049.0,0.0
2,142400,KELP,2047.0,30.0,,,,,2051.0,30.0,,,,,2049.0,0.0
2,142500,KELP,2049.0,1.0,2047.0,25.0,,,2050.0,25.0,,,,,2049.5,0.0
2,142600,KELP,2047.0,29.0,,,,,2050.0,29.0,,,,,2048.5,0.0
2,142700,KELP,2047.0,20.0,,,,,2050.0,20.0,,,,,2048.5,0.0
2,142800,KELP,2047.0,25.0,,,,,2050.0,24.0,,,,,2048.5,0.0
2,142900,KELP,2047.0,28.0,,,,,2050.0,28.0,,,,,2048.5,0.0
2,143000,KELP,2049.0,9.0,2047.0,26.0,,,2050.0,26.0,,,,,2049.5,0.0
2,143100,KELP,2049.0,1.0,2048.0,2.0,2047.0,23.0,2050.0,23.0,,,,,2049.5,0.0
2,143200,KELP,2049.0,1.0,2047.0,26.0,,,2050.0,26.0,,,,,2049.5,0.0
2,143300,KELP,2047.0,28.0,,,,,2050.0,23.0,,,,,2048.5,0.0
2,143400,KELP,2047.0,23.0,,,,,2051.0,23.0,,,,,2049.0,0.0
2,143500,KELP,2047.0,27.0,,,,,2050.0,24.0,,,,,2048.5,0.0
2,143600,KELP,2047.0,22.0,,,,,2050.0,22.0,,,,,2048.5,0.0
2,143700,KELP,2047.0,26.0,,,,,2050.0,26.0,,,,,2048.5,0.0
2,143800,KELP,2049.0,1.0,2047.0,37.0,,,2050.0,30.0,,,,,2049.5,0.0
2,143900,KELP,2049.0,5.0,2047.0,21.0,,,2050.0,21.0,,,,,2049.5,0.0
2,144000,KELP,2047.0,29.0,,,,,2049.0,3.0,2050.0,29.0,,,2048.0,0.0
2,144100,KELP,2047.0,24.0,,,,,2051.0,24.0,,,,,2049.0,0.0
2,144200,KELP,2047.0,30.0,,,,,2050.0,27.0,,,,,2048.5,0.0
2,144300,KELP,2047.0,28.0,,,,,2049.0,6.0,2050.0,28.0,,,2048.0,0.0
2,144400,KELP,2047.0,21.0,,,,,2050.0,21.0,,,,,2048.5,0.0
2,144500,KELP,2047.0,29.0,,,,,2050.0,29.0,,,,,2048.5,0.0
2,144600,KELP,2049.0,1.0,2047.0,37.0,,,2050.0,29.0,,,,,2049.5,0.0
2,144700,KELP,2047.0,30.0,,,,,2050.0,30.0,,,,,2048.5,0.0
2,144800,KELP,2047.0,24.0,,,,,2050.0,24.0,,,,,2048.5,0.0
2,144900,KELP,2047.0,30.0,,,,,2050.0,30.0,,,,,2048.5,0.0
2,145000,KELP,2048.0,6.0,2047.0,26.0,,,2050.0,26.0,,,,,2049.0,0.0
2,145100,KELP,2047.0,29.0,,,,,2050.0,27.0,,,,,2048.5,0.0
2,145200,KELP,2047.0,32.0,,,,,2050.0,2.0,2051.0,30.0,,,2048.5,0.0
2,145300,KELP,2047.0,21.0,,,,,2050.0,22.0,,,,,2048.5,0.0
2,145400,KELP,2047.0,31.0,,,,,2050.0,31.0,,,,,2048.5,0.0
2,145500,KELP,2047.0,30.0,,,,,2049.0,6.0,2050.0,30.0,,,2048.0,0.0
2,145600,KELP,2047.0,22.0,,,,,2049.0,8.0,2050.0,23.0,,,2048.0,0.0
2,145700,KELP,2047.0,28.0,,,,,2049.0,5.0,2050.0,28.0,,,2048.0,0.0
2,145800,KELP,2047.0,29.0,,,,,2050.0,27.0,,,,,2048.5,0.0
2,145900,KELP,2049.0,1.0,2047.0,32.0,,,2050.0,32.0,,,,,2049.5,0.0
2,146000,KELP,2047.0,22.0,,,,,2050.0,22.0,,,,,2048.5,0.0
2,146100,KELP,2047.0,20.0,,,,,2049.0,5.0,2050.0,20.0,,,2048.0,0.0
2,146200,KELP,2047.0,21.0,,,,,2049.0,7.0,2050.0,21.0,,,2048.0,0.0
2,146300,KELP,2047.0,25.0,,,,,2050.0,25.0,,,,,2048.5,0.0
2,146400,KELP,2047.0,36.0,,,,,2050.0,30.0,,,,,2048.5,0.0
2,146500,KELP,2047.0,28.0,,,,,2050.0,28.0,,,,,2048.5,0.0
2,146600,KELP,2047.0,26.0,,,,,2050.0,26.0,,,,,2048.5,0.0
2,146700,KELP,2047.0,26.0,,,,,2050.0,26.0,,,,,2048.5,0.0
2,146800,KELP,2047.0,32.0,,,,,2050.0,25.0,,,,,2048.5,0.0
2,146900,KELP,2047.0,32.0,,,,,2050.0,32.0,,,,,2048.5,0.0
2,147000,KELP,2047.0,24.0,,,,,2050.0,24.0,,,,,2048.5,0.0
2,147100,KELP,2047.0,30.0,,,,,2050.0,22.0,,,,,2048.5,0.0
2,147200,KELP,2047.0,24.0,,,,,2050.0,24.0,,,,,2048.5,0.0
2,147300,KELP,2049.0,1.0,2046.0,30.0,,,2050.0,30.0,,,,,2049.5,0.0
2,147400,KELP,2046.0,26.0,,,,,2050.0,26.0,,,,,2048.0,0.0
2,147500,KELP,2046.0,32.0,,,,,2050.0,32.0,,,,,2048.0,0.0
2,147600,KELP,2046.0,27.0,,,,,2050.0,28.0,,,,,2048.0,0.0
2,147700,KELP,2047.0,5.0,2046.0,30.0,,,2050.0,30.0,,,,,2048.5,0.0
2,147800,KELP,2047.0,2.0,2046.0,29.0,,,2050.0,31.0,,,,,2048.5,0.0
2,147900,KELP,2047.0,2.0,2046.0,21.0,,,2050.0,23.0,,,,,2048.5,0.0
2,148000,KELP,2047.0,24.0,,,,,2050.0,24.0,,,,,2048.5,0.0
2,148100,KELP,2047.0,26.0,,,,,2050.0,26.0,,,,,2048.5,0.0
2,148200,KELP,2046.0,21.0,,,,,2050.0,21.0,,,,,2048.0,0.0
2,148300,KELP,2046.0,26.0,,,,,2050.0,26.0,,,,,2048.0,0.0
2,148400,KELP,2047.0,23.0,,,,,2050.0,23.0,,,,,2048.5,0.0
2,148500,KELP,2047.0,26.0,,,,,2050.0,24.0,,,,,2048.5,0.0
2,148600,KELP,2047.0,23.0,,,,,2050.0,23.0,,,,,2048.5,0.0
2,148700,KELP,2047.0,23.0,,,,,2050.0,23.0,,,,,2048.5,0.0
2,148800,KELP,2047.0,23.0,,,,,2049.0,2.0,2050.0,23.0,,,2048.0,0.0
2,148900,KELP,2047.0,21.0,,,,,2050.0,21.0,,,,,2048.5,0.0
2,149000,KELP,2047.0,1.0,2046.0,27.0,,,2049.0,5.0,2050.0,28.0,,,2048.0,0.0
2,149100,KELP,2047.0,3.0,2046.0,24.0,,,2049.0,1.0,2050.0,23.0,,,2048.0,0.0
2,149200,KELP,2047.0,5.0,2046.0,24.0,,,2050.0,24.0,,,,,2048.5,0.0
2,149300,KELP,2047.0,3.0,2046.0,30.0,,,2050.0,30.0,,,,,2048.5,0.0
2,149400,KELP,2046.0,25.0,,,,,2050.0,26.0,,,,,2048.0,0.0
2,149500,KELP,2046.0,26.0,,,,,2048.0,4.0,2049.0,26.0,,,2047.0,0.0
2,149600,KELP,2048.0,1.0,2046.0,28.0,,,2049.0,2.0,2050.0,22.0,,,2048.5,0.0
2,149700,KELP,2047.0,7.0,2046.0,26.0,,,2050.0,26.0,,,,,2048.5,0.0
2,149800,KELP,2046.0,30.0,,,,,2048.0,7.0,2050.0,30.0,,,2047.0,0.0
2,149900,KELP,2046.0,26.0,,,,,2050.0,26.0,,,,,2048.0,0.0
2,150000,KELP,2047.0,8.0,2046.0,28.0,,,2050.0,28.0,,,,,2048.5,0.0
2,150100,KELP,2046.0,24.0,,,,,2048.0,1.0,2050.0,25.0,,,2047.0,0.0
2,150200,KELP,2047.0,5.0,2046.0,25.0,,,2050.0,25.0,,,,,2048.5,0.0
2,150300,KELP,2046.0,29.0,,,,,2050.0,29.0,,,,,2048.0,0.0
2,150400,KELP,2046.0,25.0,,,,,2050.0,24.0,,,,,2048.0,0.0
2,150500,KELP,2046.0,31.0,,,,,2050.0,31.0,,,,,2048.0,0.0
2,150600,KELP,2046.0,22.0,,,,,2049.0,1.0,2050.0,21.0,,,2047.5,0.0
2,150700,KELP,2046.0,22.0,,,,,2049.0,22.0,,,,,2047.5,0.0
2,150800,KELP,2047.0,1.0,2046.0,21.0,,,2050.0,21.0,,,,,2048.5,0.0
2,150900,KELP,2046.0,22.0,,,,,2048.0,2.0,2050.0,22.0,,,2047.0,0.0
2,151000,KELP,2047.0,7.0,2046.0,22.0,,,2049.0,2.0,2050.0,20.0,,,2048.0,0.0
2,151100,KELP,2046.0,22.0,,,,,2048.0,2.0,2049.0,22.0,,,2047.0,0.0
2,151200,KELP,2046.0,34.0,,,,,2049.0,29.0,,,,,2047.5,0.0
2,151300,KELP,2046.0,29.0,,,,,2049.0,29.0,,,,,2047.5,0.0
2,151400,KELP,2046.0,29.0,,,,,2048.0,8.0,2049.0,29.0,,,2047.0,0.0
2,151500,KELP,2045.0,29.0,,,,,2049.0,29.0,,,,,2047.0,0.0
2,151600,KELP,2045.0,30.0,,,,,2049.0,30.0,,,,,2047.0,0.0
2,151700,KELP,2045.0,20.0,,,,,2049.0,20.0,,,,,2047.0,0.0
2,151800,KELP,2048.0,1.0,2046.0,30.0,,,2049.0,30.0,,,,,2048.5,0.0
2,151900,KELP,2046.0,30.0,,,,,2049.0,30.0,,,,,2047.5,0.0
2,152000,KELP,2048.0,2.0,2046.0,20.0,,,2049.0,20.0,,,,,2048.5,0.0
2,152100,KELP,2046.0,28.0,,,,,2049.0,25.0,,,,,2047.5,0.0
2,152200,KELP,2046.0,35.0,,,,,2049.0,30.0,,,,,2047.5,0.0
2,152300,KELP,2046.0,1.0,2045.0,28.0,,,2049.0,29.0,,,,,2047.5,0.0
2,152400,KELP,2046.0,24.0,,,,,2049.0,24.0,,,,,2047.5,0.0
2,152500,KELP,2048.0,1.0,2046.0,30.0,,,2049.0,30.0,,,,,2048.5,0.0
2,152600,KELP,2046.0,33.0,,,,,2049.0,28.0,,,,,2047.5,0.0
2,152700,KELP,2046.0,27.0,,,,,2049.0,27.0,,,,,2047.5,0.0
2,152800,KELP,2046.0,28.0,,,,,2048.0,1.0,2049.0,28.0,,,2047.0,0.0
2,152900,KELP,2046.0,29.0,,,,,2049.0,29.0,,,,,2047.5,0.0
2,153000,KELP,2046.0,32.0,,,,,2049.0,2.0,2050.0,30.0,,,2047.5,0.0
2,153100,KELP,2046.0,31.0,,,,,2049.0,31.0,,,,,2047.5,0.0
2,153200,KELP,2046.0,26.0,,,,,2049.0,26.0,,,,,2047.5,0.0
2,153300,KELP,2047.0,4.0,2046.0,26.0,,,2049.0,26.0,,,,,2048.0,0.0
2,153400,KELP,2046.0,23.0,,,,,2049.0,23.0,,,,,2047.5,0.0
2,153500,KELP,2047.0,3.0,2046.0,29.0,,,2049.0,1.0,2050.0,28.0,,,2048.0,0.0
2,153600,KELP,2047.0,2.0,2046.0,27.0,,,2050.0,29.0,,,,,2048.5,0.0
2,153700,KELP,2046.0,24.0,,,,,2050.0,24.0,,,,,2048.0,0.0
2,153800,KELP,2046.0,30.0,,,,,2050.0,30.0,,,,,2048.0,0.0
2,153900,KELP,2047.0,1.0,2046.0,28.0,,,2050.0,29.0,,,,,2048.5,0.0
2,154000,KELP,2047.0,20.0,,,,,2050.0,20.0,,,,,2048.5,0.0
2,154100,KELP,2047.0,22.0,,,,,2050.0,22.0,,,,,2048.5,0.0
2,154200,KELP,2046.0,26.0,,,,,2047.0,6.0,2050.0,26.0,,,2046.5,0.0
2,154300,KELP,2047.0,29.0,,,,,2049.0,4.0,2050.0,30.0,,,2048.0,0.0
2,154400,KELP,2047.0,23.0,,,,,2050.0,23.0,,,,,2048.5,0.0
2,154500,KELP,2047.0,25.0,,,,,2050.0,25.0,,,,,2048.5,0.0
2,154600,KELP,2047.0,37.0,,,,,2050.0,30.0,,,,,2048.5,0.0
2,154700,KELP,2049.0,1.0,2047.0,22.0,,,2050.0,22.0,,,,,2049.5,0.0
2,154800,KELP,2047.0,27.0,,,,,2050.0,27.0,,,,,2048.5,0.0
2,154900,KELP,2047.0,24.0,,,,,2049.0,7.0,2050.0,24.0,,,2048.0,0.0
2,155000,KELP,2047.0,20.0,,,,,2050.0,20.0,,,,,2048.5,0.0
2,155100,KELP,2049.0,1.0,2047.0,30.0,,,2050.0,30.0,,,,,2049.5,0.0
2,155200,KELP,2047.0,27.0,,,,,2050.0,26.0,,,,,2048.5,0.0
2,155300,KELP,2047.0,31.0,,,,,2050.0,31.0,,,,,2048.5,0.0
2,155400,KELP,2047.0,27.0,,,,,2050.0,27.0,,,,,2048.5,0.0
2,155500,KELP,2047.0,23.0,,,,,2050.0,24.0,,,,,2048.5,0.0
2,155600,KELP,2047.0,30.0,,,,,2050.0,30.0,,,,,2048.5,0.0
2,155700,KELP,2047.0,24.0,,,,,2050.0,22.0,,,,,2048.5,0.0
2,155800,KELP,2047.0,23.0,,,,,2050.0,2.0,2051.0,21.0,,,2048.5,0.0
2,155900,KELP,2047.0,24.0,,,,,2049.0,7.0,2050.0,24.0,,,2048.0,0.0
2,156000,KELP,2047.0,30.0,,,,,2050.0,31.0,,,,,2048.5,0.0
2,156100,KELP,2047.0,31.0,,,,,2050.0,31.0,,,,,2048.5,0.0
2,156200,KELP,2047.0,26.0,,,,,2051.0,26.0,,,,,2049.0,0.0
2,156300,KELP,2047.0,25.0,,,,,2051.0,25.0,,,,,2049.0,0.0
2,156400,KELP,2048.0,7.0,2047.0,22.0,,,2051.0,22.0,,,,,2049.5,0.0
2,156500,KELP,2047.0,22.0,,,,,2049.0,7.0,2051.0,22.0,,,2048.0,0.0
2,156600,KELP,2050.0,1.0,2048.0,5.0,2047.0,31.0,2051.0,31.0,,,,,2050.5,0.0
2,156700,KELP,2048.0,9.0,2047.0,27.0,,,2051.0,29.0,,,,,2049.5,0.0
2,156800,KELP,2048.0,6.0,2047.0,30.0,,,2051.0,30.0,,,,,2049.5,0.0
2,156900,KELP,2047.0,28.0,,,,,2051.0,28.0,,,,,2049.0,0.0
2,157000,KELP,2050.0,1.0,2049.0,2.0,2048.0,4.0,2051.0,29.0,,,,,2050.5,0.0
2,157100,KELP,2048.0,26.0,,,,,2050.0,8.0,2051.0,26.0,,,2049.0,0.0
2,157200,KELP,2049.0,2.0,2048.0,26.0,,,2051.0,26.0,,,,,2050.0,0.0
2,157300,KELP,2048.0,28.0,,,,,2051.0,23.0,,,,,2049.5,0.0
2,157400,KELP,2048.0,26.0,,,,,2051.0,26.0,,,,,2049.5,0.0
2,157500,KELP,2048.0,25.0,,,,,2051.0,25.0,,,,,2049.5,0.0
2,157600,KELP,2048.0,20.0,,,,,2051.0,21.0,,,,,2049.5,0.0
2,157700,KELP,2048.0,2.0,2047.0,30.0,,,2051.0,32.0,,,,,2049.5,0.0
2,157800,KELP,2047.0,30.0,,,,,2049.0,4.0,2051.0,30.0,,,2048.0,0.0
2,157900,KELP,2048.0,6.0,2047.0,29.0,,,2051.0,29.0,,,,,2049.5,0.0
2,158000,KELP,2048.0,2.0,2047.0,24.0,,,2051.0,26.0,,,,,2049.5,0.0
2,158100,KELP,2047.0,24.0,,,,,2048.0,1.0,2049.0,5.0,2051.0,24.0,2047.5,0.0
2,158200,KELP,2047.0,26.0,,,,,2049.0,5.0,2051.0,27.0,,,2048.0,0.0
2,158300,KELP,2048.0,8.0,2047.0,28.0,,,2051.0,28.0,,,,,2049.5,0.0
2,158400,KELP,2047.0,26.0,,,,,2051.0,26.0,,,,,2049.0,0.0
2,158500,KELP,2048.0,1.0,2047.0,22.0,,,2051.0,23.0,,,,,2049.5,0.0
2,158600,KELP,2048.0,2.0,2047.0,25.0,,,2051.0,27.0,,,,,2049.5,0.0
2,158700,KELP,2050.0,1.0,2048.0,1.0,2047.0,25.0,2051.0,26.0,,,,,2050.5,0.0
2,158800,KELP,2047.0,30.0,,,,,2051.0,30.0,,,,,2049.0,0.0
2,158900,KELP,2047.0,30.0,,,,,2051.0,30.0,,,,,2049.0,0.0
2,159000,KELP,2048.0,1.0,2047.0,22.0,,,2051.0,23.0,,,,,2049.5,0.0
2,159100,KELP,2048.0,2.0,2047.0,20.0,,,2050.0,1.0,2051.0,22.0,,,2049.0,0.0
2,159200,KELP,2047.0,30.0,,,,,2049.0,2.0,2051.0,30.0,,,2048.0,0.0
2,159300,KELP,2047.0,26.0,,,,,2051.0,26.0,,,,,2049.0,0.0
2,159400,KELP,2047.0,28.0,,,,,2051.0,28.0,,,,,2049.0,0.0
2,159500,KELP,2047.0,27.0,,,,,2048.0,5.0,2051.0,27.0,,,2047.5,0.0
2,159600,KELP,2047.0,29.0,,,,,2051.0,29.0,,,,,2049.0,0.0
2,159700,KELP,2047.0,26.0,,,,,2051.0,26.0,,,,,2049.0,0.0
2,159800,KELP,2047.0,22.0,,,,,2050.0,22.0,,,,,2048.5,0.0
2,159900,KELP,2047.0,27.0,,,,,2050.0,27.0,,,,,2048.5,0.0
2,160000,KELP,2049.0,2.0,2047.0,29.0,,,2050.0,1.0,2051.0,28.0,,,2049.5,0.0
2,160100,KELP,2049.0,2.0,2047.0,26.0,,,2050.0,2.0,2051.0,24.0,,,2049.5,0.0
2,160200,KELP,2047.0,31.0,,,,,2050.0,32.0,,,,,2048.5,0.0
2,160300,KELP,2047.0,28.0,,,,,2050.0,28.0,,,,,2048.5,0.0
2,160400,KELP,2047.0,24.0,,,,,2050.0,24.0,,,,,2048.5,0.0
2,160500,KELP,2047.0,26.0,,,,,2049.0,8.0,2050.0,26.0,,,2048.0,0.0
2,160600,KELP,2047.0,24.0,,,,,2050.0,24.0,,,,,2048.5,0.0
2,160700,KELP,2047.0,29.0,,,,,2050.0,29.0,,,,,2048.5,0.0
2,160800,KELP,2047.0,23.0,,,,,2050.0,23.0,,,,,2048.5,0.0
2,160900,KELP,2047.0,28.0,,,,,2049.0,8.0,2050.0,28.0,,,2048.0,0.0
2,161000,KELP,2048.0,2.0,2047.0,21.0,,,2050.0,21.0,,,,,2049.0,0.0
2,161100,KELP,2047.0,21.0,,,,,2049.0,5.0,2050.0,21.0,,,2048.0,0.0
2,161200,KELP,2048.0,4.0,2047.0,27.0,,,2050.0,27.0,,,,,2049.0,0.0
2,161300,KELP,2047.0,26.0,,,,,2049.0,2.0,2050.0,26.0,,,2048.0,0.0
2,161400,KELP,2047.0,21.0,,,,,2050.0,21.0,,,,,2048.5,0.0
2,161500,KELP,2047.0,20.0,,,,,2049.0,5.0,2050.0,20.0,,,2048.0,0.0
2,161600,KELP,2047.0,23.0,,,,,2050.0,23.0,,,,,2048.5,0.0
2,161700,KELP,2047.0,2.0,2046.0,23.0,,,2050.0,25.0,,,,,2048.5,0.0
2,161800,KELP,2047.0,7.0,2046.0,23.0,,,2050.0,23.0,,,,,2048.5,0.0
2,161900,KELP,2047.0,22.0,,,,,2050.0,22.0,,,,,2048.5,0.0
2,162000,KELP,2046.0,23.0,,,,,2050.0,23.0,,,,,2048.0,0.0
2,162100,KELP,2049.0,1.0,2047.0,1.0,2046.0,29.0,2050.0,30.0,,,,,2049.5,0.0
2,162200,KELP,2047.0,6.0,2046.0,20.0,,,2050.0,20.0,,,,,2048.5,0.0
2,162300,KELP,2046.0,31.0,,,,,2047.0,1.0,2048.0,8.0,2050.0,31.0,2046.5,0.0
2,162400,KELP,2047.0,5.0,2046.0,30.0,,,2050.0,31.0,,,,,2048.5,0.0
2,162500,KELP,2047.0,22.0,,,,,2050.0,22.0,,,,,2048.5,0.0
2,162600,KELP,2047.0,30.0,,,,,2050.0,30.0,,,,,2048.5,0.0
2,162700,KELP,2047.0,1.0,2046.0,22.0,,,2050.0,23.0,,,,,2048.5,0.0
2,162800,KELP,2049.0,1.0,2047.0,1.0,2046.0,27.0,2050.0,28.0,,,,,2049.5,0.0
2,162900,KELP,2047.0,2.0,2046.0,29.0,,,2050.0,31.0,,,,,2048.5,0.0
2,163000,KELP,2047.0,33.0,,,,,2050.0,29.0,,,,,2048.5,0.0
2,163100,KELP,2047.0,27.0,,,,,2049.0,7.0,2050.0,27.0,,,2048.0,0.0
2,163200,KELP,2047.0,27.0,,,,,2050.0,27.0,,,,,2048.5,0.0
2,163300,KELP,2047.0,24.0,,,,,2050.0,24.0,,,,,2048.5,0.0
