timestamp,buyer,seller,symbol,currency,price,quantity
200,Paris,Charlie,KELP,SEASHELLS,2046.0,1
300,Charlie,Paris,KELP,SEASHELLS,2044.0,1
500,Paris,Charlie,KELP,SEASHELLS,2047.0,2
900,Charlie,Gary,KELP,SEASHELLS,2043.0,8
1200,Camilla,Paris,KELP,SEASHELLS,2043.0,1
1500,Charlie,Paris,KELP,SEASHELLS,2044.0,1
3200,Paris,Camilla,KELP,SEASHELLS,2045.0,2
3700,Charlie,Pablo,KELP,SEASHELLS,2044.0,5
4600,Paris,Charlie,KELP,SEASHELLS,2046.0,1
4700,Penelope,Charlie,KELP,SEASHELLS,2047.0,4
4900,Paris,Charlie,KELP,SEASHELLS,2047.0,2
5400,Charlie,Pablo,KELP,SEASHELLS,2044.0,5
5700,Gary,Charlie,KELP,SEASHELLS,2047.0,14
5800,Gary,Charlie,KELP,SEASHELLS,2047.0,14
5900,Gary,Charlie,KELP,SEASHELLS,2047.0,12
5900,Pablo,Paris,KELP,SEASHELLS,2045.0,1
6100,Charlie,Pablo,KELP,SEASHELLS,2044.0,5
6100,Gary,Camilla,KELP,SEASHELLS,2046.0,8
7400,Charlie,Paris,KELP,SEASHELLS,2044.0,1
7800,Paris,Charlie,KELP,SEASHELLS,2046.0,1
9400,Charlie,Paris,KELP,SEASHELLS,2044.0,1
9600,Paris,Paris,KELP,SEASHELLS,2046.0,1
9900,Paris,Caesar,KELP,SEASHELLS,2046.0,1
9900,Charlie,Caesar,KELP,SEASHELLS,2045.0,5
10500,Camilla,Paris,KELP,SEASHELLS,2044.0,2
10600,Paris,Camilla,KELP,SEASHELLS,2046.0,1
11700,Charlie,Caesar,KELP,SEASHELLS,2045.0,3
12100,Paris,Camilla,KELP,SEASHELLS,2046.0,1
12200,Camilla,Paris,KELP,SEASHELLS,2044.0,1
12300,Charlie,Pablo,KELP,SEASHELLS,2044.0,3
12400,Charlie,Paris,KELP,SEASHELLS,2044.0,1
12900,Penelope,Charlie,KELP,SEASHELLS,2048.0,6
13700,Pablo,Camilla,KELP,SEASHELLS,2047.0,3
13900,Charlie,Paris,KELP,SEASHELLS,2045.0,1
13900,Penelope,Camilla,KELP,SEASHELLS,2047.0,3
14000,Charlie,Penelope,KELP,SEASHELLS,2045.0,15
14100,Pablo,Charlie,KELP,SEASHELLS,2047.0,4
14500,Charlie,Pablo,KELP,SEASHELLS,2046.0,5
14700,Paris,Charlie,KELP,SEASHELLS,2047.0,1
15000,Paris,Charlie,KELP,SEASHELLS,2047.0,1
15200,Camilla,Pablo,KELP,SEASHELLS,2045.0,2
15200,Charlie,Pablo,KELP,SEASHELLS,2045.0,1
15500,Camilla,Paris,KELP,SEASHELLS,2045.0,1
16100,Camilla,Paris,KELP,SEASHELLS,2045.0,1
16300,Paris,Camilla,KELP,SEASHELLS,2047.0,1
16400,Gary,Caesar,KELP,SEASHELLS,2048.0,1
16400,Gary,Charlie,KELP,SEASHELLS,2048.0,8
16700,Paris,Charlie,KELP,SEASHELLS,2048.0,2
17900,Paris,Charlie,KELP,SEASHELLS,2047.0,1
18000,Paris,Paris,KELP,SEASHELLS,2047.0,1
18600,Charlie,Paris,KELP,SEASHELLS,2045.0,1
18700,Paris,Charlie,KELP,SEASHELLS,2047.0,1
19000,Paris,Camilla,KELP,SEASHELLS,2047.0,1
19100,Caesar,Pablo,KELP,SEASHELLS,2045.0,1
19100,Charlie,Pablo,KELP,SEASHELLS,2045.0,1
19200,Paris,Camilla,KELP,SEASHELLS,2046.0,1
19300,Gary,Charlie,KELP,SEASHELLS,2048.0,10
19500,Caesar,Paris,KELP,SEASHELLS,2045.0,1
19500,Charlie,Paris,KELP,SEASHELLS,2045.0,1
19700,Caesar,Paris,KELP,SEASHELLS,2045.0,1
19700,Caesar,Penelope,KELP,SEASHELLS,2045.0,1
19700,Charlie,Penelope,KELP,SEASHELLS,2045.0,14
20000,Paris,Camilla,KELP,SEASHELLS,2047.0,1
20100,Paris,Charlie,KELP,SEASHELLS,2048.0,2
20300,Charlie,Paris,KELP,SEASHELLS,2045.0,1
21300,Paris,Charlie,KELP,SEASHELLS,2047.0,1
21700,Paris,Camilla,KELP,SEASHELLS,2047.0,1
21800,Gina,Charlie,KELP,SEASHELLS,2047.0,10
21900,Charlie,Gary,KELP,SEASHELLS,2045.0,13
22000,Charlie,Pablo,KELP,SEASHELLS,2045.0,3
22600,Gina,Camilla,KELP,SEASHELLS,2047.0,2
22600,Gina,Charlie,KELP,SEASHELLS,2047.0,5
22700,Charlie,Gary,KELP,SEASHELLS,2045.0,11
23700,Paris,Charlie,KELP,SEASHELLS,2048.0,1
24400,Charlie,Paris,KELP,SEASHELLS,2046.0,1
25800,Charlie,Penelope,KELP,SEASHELLS,2045.0,8
26800,Paris,Charlie,KELP,SEASHELLS,2048.0,1
27100,Paris,Camilla,KELP,SEASHELLS,2047.0,1
27600,Penelope,Charlie,KELP,SEASHELLS,2049.0,10
28600,Camilla,Gina,KELP,SEASHELLS,2046.0,1
28600,Charlie,Gina,KELP,SEASHELLS,2046.0,6
28800,Charlie,Paris,KELP,SEASHELLS,2045.0,2
29100,Paris,Charlie,KELP,SEASHELLS,2047.0,1
29500,Penelope,Charlie,KELP,SEASHELLS,2049.0,4
29800,Camilla,Paris,KELP,SEASHELLS,2045.0,1
29900,Caesar,Pablo,KELP,SEASHELLS,2046.0,2
30100,Charlie,Pablo,KELP,SEASHELLS,2046.0,3
30300,Paris,Camilla,KELP,SEASHELLS,2047.0,1
31300,Paris,Charlie,KELP,SEASHELLS,2048.0,1
31700,Paris,Camilla,KELP,SEASHELLS,2048.0,1
32000,Charlie,Pablo,KELP,SEASHELLS,2047.0,4
32200,Charlie,Caesar,KELP,SEASHELLS,2047.0,4
32900,Charlie,Paris,KELP,SEASHELLS,2047.0,1
33100,Charlie,Paris,KELP,SEASHELLS,2046.0,1
33600,Paris,Charlie,KELP,SEASHELLS,2050.0,1
34800,Pablo,Penelope,KELP,SEASHELLS,2048.0,3
34800,Caesar,Penelope,KELP,SEASHELLS,2048.0,4
35200,Charlie,Paris,KELP,SEASHELLS,2047.0,1
36900,Charlie,Paris,KELP,SEASHELLS,2046.0,1
37800,Charlie,Paris,KELP,SEASHELLS,2046.0,2
37900,Charlie,Pablo,KELP,SEASHELLS,2047.0,4
38300,Charlie,Gary,KELP,SEASHELLS,2046.0,8
38400,Charlie,Gary,KELP,SEASHELLS,2046.0,8
39500,Paris,Charlie,KELP,SEASHELLS,2048.0,1
40300,Charlie,Pablo,KELP,SEASHELLS,2046.0,2
40400,Charlie,Gina,KELP,SEASHELLS,2046.0,8
41200,Charlie,Paris,KELP,SEASHELLS,2046.0,1
41300,Charlie,Pablo,KELP,SEASHELLS,2046.0,4
42800,Charlie,Paris,KELP,SEASHELLS,2046.0,1
43200,Paris,Pablo,KELP,SEASHELLS,2046.0,1
43200,Charlie,Pablo,KELP,SEASHELLS,2046.0,2
43700,Charlie,Caesar,KELP,SEASHELLS,2047.0,5
44900,Paris,Camilla,KELP,SEASHELLS,2048.0,1
45000,Charlie,Paris,KELP,SEASHELLS,2046.0,1
45600,Caesar,Paris,KELP,SEASHELLS,2046.0,1
46500,Paris,Camilla,KELP,SEASHELLS,2048.0,1
47100,Camilla,Paris,KELP,SEASHELLS,2046.0,1
47200,Charlie,Gina,KELP,SEASHELLS,2046.0,8
47400,Charlie,Paris,KELP,SEASHELLS,2046.0,1
47500,Paris,Charlie,KELP,SEASHELLS,2049.0,1
48400,Charlie,Paris,KELP,SEASHELLS,2046.0,1
49000,Charlie,Paris,KELP,SEASHELLS,2046.0,2
49100,Camilla,Paris,KELP,SEASHELLS,2046.0,1
49300,Caesar,Paris,KELP,SEASHELLS,2046.0,1
49400,Paris,Charlie,KELP,SEASHELLS,2048.0,1
50400,Charlie,Paris,KELP,SEASHELLS,2045.0,1
50500,Charlie,Paris,KELP,SEASHELLS,2045.0,1
50600,Paris,Charlie,KELP,SEASHELLS,2049.0,2
50600,Paris,Charlie,KELP,SEASHELLS,2048.0,1
50900,Charlie,Paris,KELP,SEASHELLS,2046.0,1
51100,Charlie,Penelope,KELP,SEASHELLS,2046.0,15
51200,Charlie,Paris,KELP,SEASHELLS,2046.0,2
51500,Gary,Caesar,KELP,SEASHELLS,2047.0,3
53000,Paris,Paris,KELP,SEASHELLS,2048.0,1
53600,Paris,Charlie,KELP,SEASHELLS,2049.0,1
53900,Paris,Charlie,KELP,SEASHELLS,2049.0,1
54100,Caesar,Paris,KELP,SEASHELLS,2046.0,1
54500,Charlie,Paris,KELP,SEASHELLS,2045.0,1
54800,Caesar,Paris,KELP,SEASHELLS,2046.0,1
56000,Paris,Charlie,KELP,SEASHELLS,2049.0,1
56100,Charlie,Paris,KELP,SEASHELLS,2045.0,1
56100,Penelope,Charlie,KELP,SEASHELLS,2049.0,8
56300,Charlie,Penelope,KELP,SEASHELLS,2045.0,8
56800,Charlie,Paris,KELP,SEASHELLS,2045.0,2
57500,Penelope,Camilla,KELP,SEASHELLS,2047.0,1
57500,Penelope,Charlie,KELP,SEASHELLS,2047.0,4
57600,Charlie,Paris,KELP,SEASHELLS,2045.0,1
57600,Paris,Charlie,KELP,SEASHELLS,2048.0,1
57800,Paris,Charlie,KELP,SEASHELLS,2047.0,1
57900,Gina,Paris,KELP,SEASHELLS,2045.0,1
58300,Charlie,Paris,KELP,SEASHELLS,2045.0,1
58400,Paris,Pablo,KELP,SEASHELLS,2046.0,1
58400,Paris,Pablo,KELP,SEASHELLS,2046.0,1
58900,Paris,Charlie,KELP,SEASHELLS,2049.0,2
59100,Charlie,Paris,KELP,SEASHELLS,2046.0,2
59700,Paris,Caesar,KELP,SEASHELLS,2048.0,1
59800,Charlie,Gina,KELP,SEASHELLS,2046.0,10
59900,Camilla,Paris,KELP,SEASHELLS,2046.0,1
60000,Camilla,Paris,KELP,SEASHELLS,2046.0,1
60100,Caesar,Paris,KELP,SEASHELLS,2046.0,1
61200,Paris,Charlie,KELP,SEASHELLS,2048.0,1
61400,Charlie,Paris,KELP,SEASHELLS,2046.0,1
61600,Penelope,Charlie,KELP,SEASHELLS,2049.0,10
62200,Camilla,Paris,KELP,SEASHELLS,2046.0,1
62300,Charlie,Paris,KELP,SEASHELLS,2046.0,1
62500,Charlie,Paris,KELP,SEASHELLS,2046.0,1
62600,Paris,Charlie,KELP,SEASHELLS,2048.0,1
62700,Paris,Camilla,KELP,SEASHELLS,2048.0,1
62700,Penelope,Camilla,KELP,SEASHELLS,2048.0,7
63200,Paris,Charlie,KELP,SEASHELLS,2049.0,1
63400,Paris,Camilla,KELP,SEASHELLS,2048.0,1
63800,Paris,Charlie,KELP,SEASHELLS,2048.0,1
64200,Charlie,Paris,KELP,SEASHELLS,2046.0,1
64600,Charlie,Paris,KELP,SEASHELLS,2046.0,1
64800,Charlie,Caesar,KELP,SEASHELLS,2047.0,2
65000,Paris,Camilla,KELP,SEASHELLS,2048.0,2
65100,Camilla,Paris,KELP,SEASHELLS,2046.0,1
65400,Charlie,Paris,KELP,SEASHELLS,2046.0,1
65500,Gina,Camilla,KELP,SEASHELLS,2048.0,4
65500,Gina,Gary,KELP,SEASHELLS,2048.0,4
65700,Charlie,Paris,KELP,SEASHELLS,2046.0,1
66000,Paris,Charlie,KELP,SEASHELLS,2049.0,2
66300,Charlie,Paris,KELP,SEASHELLS,2045.0,1
66500,Caesar,Paris,KELP,SEASHELLS,2046.0,1
66700,Camilla,Paris,KELP,SEASHELLS,2046.0,1
66900,Gina,Penelope,KELP,SEASHELLS,2047.0,8
67300,Charlie,Paris,KELP,SEASHELLS,2045.0,1
67600,Charlie,Paris,KELP,SEASHELLS,2045.0,2
67700,Camilla,Paris,KELP,SEASHELLS,2046.0,1
67800,Paris,Caesar,KELP,SEASHELLS,2048.0,1
68000,Paris,Charlie,KELP,SEASHELLS,2049.0,2
68100,Penelope,Charlie,KELP,SEASHELLS,2049.0,11
68300,Charlie,Paris,KELP,SEASHELLS,2046.0,1
69000,Paris,Charlie,KELP,SEASHELLS,2049.0,2
70200,Charlie,Pablo,KELP,SEASHELLS,2046.0,3
72200,Charlie,Paris,KELP,SEASHELLS,2045.0,1
72200,Penelope,Charlie,KELP,SEASHELLS,2049.0,14
72400,Penelope,Charlie,KELP,SEASHELLS,2049.0,6
72500,Charlie,Paris,KELP,SEASHELLS,2045.0,2
72800,Paris,Charlie,KELP,SEASHELLS,2049.0,2
72900,Charlie,Paris,KELP,SEASHELLS,2046.0,1
74100,Penelope,Charlie,KELP,SEASHELLS,2049.0,8
74300,Paris,Charlie,KELP,SEASHELLS,2048.0,1
74400,Charlie,Paris,KELP,SEASHELLS,2046.0,1
74800,Paris,Charlie,KELP,SEASHELLS,2048.0,1
75200,Charlie,Paris,KELP,SEASHELLS,2046.0,1
75400,Charlie,Gary,KELP,SEASHELLS,2046.0,15
75600,Charlie,Paris,KELP,SEASHELLS,2046.0,1
76000,Pablo,Camilla,KELP,SEASHELLS,2047.0,2
76400,Paris,Charlie,KELP,SEASHELLS,2048.0,1
76500,Paris,Charlie,KELP,SEASHELLS,2048.0,1
77100,Paris,Charlie,KELP,SEASHELLS,2048.0,1
78100,Camilla,Paris,KELP,SEASHELLS,2046.0,1
78300,Paris,Charlie,KELP,SEASHELLS,2049.0,1
78300,Paris,Charlie,KELP,SEASHELLS,2048.0,1
78400,Penelope,Charlie,KELP,SEASHELLS,2049.0,5
79100,Charlie,Paris,KELP,SEASHELLS,2046.0,1
79300,Charlie,Gina,KELP,SEASHELLS,2046.0,10
79900,Camilla,Gina,KELP,SEASHELLS,2046.0,2
79900,Charlie,Gina,KELP,SEASHELLS,2046.0,5
80100,Paris,Camilla,KELP,SEASHELLS,2048.0,1
80900,Gary,Charlie,KELP,SEASHELLS,2050.0,15
80900,Paris,Charlie,KELP,SEASHELLS,2049.0,1
81200,Charlie,Paris,KELP,SEASHELLS,2047.0,2
81700,Paris,Caesar,KELP,SEASHELLS,2049.0,1
81800,Paris,Charlie,KELP,SEASHELLS,2050.0,2
81900,Paris,Charlie,KELP,SEASHELLS,2050.0,2
82000,Penelope,Charlie,KELP,SEASHELLS,2050.0,13
82200,Penelope,Charlie,KELP,SEASHELLS,2050.0,4
82500,Charlie,Gary,KELP,SEASHELLS,2047.0,15
82700,Charlie,Paris,KELP,SEASHELLS,2047.0,1
82900,Charlie,Paris,KELP,SEASHELLS,2047.0,1
83000,Penelope,Charlie,KELP,SEASHELLS,2050.0,8
83500,Charlie,Paris,KELP,SEASHELLS,2047.0,1
84000,Paris,Charlie,KELP,SEASHELLS,2050.0,2
84200,Paris,Camilla,KELP,SEASHELLS,2050.0,1
84300,Paris,Charlie,KELP,SEASHELLS,2050.0,1
84700,Camilla,Paris,KELP,SEASHELLS,2048.0,1
85200,Charlie,Camilla,KELP,SEASHELLS,2049.0,1
85800,Camilla,Penelope,KELP,SEASHELLS,2048.0,2
85800,Charlie,Penelope,KELP,SEASHELLS,2048.0,4
86700,Paris,Charlie,KELP,SEASHELLS,2050.0,1
86800,Paris,Charlie,KELP,SEASHELLS,2051.0,1
86900,Caesar,Pablo,KELP,SEASHELLS,2048.0,2
87000,Charlie,Pablo,KELP,SEASHELLS,2048.0,4
87100,Charlie,Pablo,KELP,SEASHELLS,2048.0,3
87900,Caesar,Paris,KELP,SEASHELLS,2049.0,1
88300,Paris,Charlie,KELP,SEASHELLS,2052.0,2
88600,Paris,Charlie,KELP,SEASHELLS,2051.0,1
88900,Charlie,Gary,KELP,SEASHELLS,2049.0,14
89800,Pablo,Paris,KELP,SEASHELLS,2050.0,2
90600,Charlie,Gina,KELP,SEASHELLS,2048.0,8
90800,Charlie,Paris,KELP,SEASHELLS,2048.0,1
90800,Paris,Charlie,KELP,SEASHELLS,2051.0,1
91200,Charlie,Paris,KELP,SEASHELLS,2048.0,2
91200,Charlie,Pablo,KELP,SEASHELLS,2049.0,3
91300,Paris,Charlie,KELP,SEASHELLS,2050.0,1
91500,Charlie,Penelope,KELP,SEASHELLS,2048.0,13
92500,Charlie,Gary,KELP,SEASHELLS,2048.0,15
93000,Caesar,Paris,KELP,SEASHELLS,2049.0,1
93300,Penelope,Camilla,KELP,SEASHELLS,2051.0,5
93600,Charlie,Pablo,KELP,SEASHELLS,2049.0,3
94200,Paris,Charlie,KELP,SEASHELLS,2051.0,1
94300,Penelope,Camilla,KELP,SEASHELLS,2050.0,1
94500,Paris,Charlie,KELP,SEASHELLS,2052.0,2
94600,Paris,Paris,KELP,SEASHELLS,2051.0,1
94800,Caesar,Paris,KELP,SEASHELLS,2049.0,1
95400,Paris,Charlie,KELP,SEASHELLS,2051.0,1
97300,Camilla,Paris,KELP,SEASHELLS,2049.0,1
97400,Charlie,Paris,KELP,SEASHELLS,2049.0,1
97400,Charlie,Penelope,KELP,SEASHELLS,2049.0,5
98800,Charlie,Paris,KELP,SEASHELLS,2049.0,1
99000,Charlie,Paris,KELP,SEASHELLS,2049.0,1
99300,Paris,Camilla,KELP,SEASHELLS,2051.0,2
99500,Gary,Charlie,KELP,SEASHELLS,2052.0,15
100600,Paris,Caesar,KELP,SEASHELLS,2052.0,1
100900,Paris,Camilla,KELP,SEASHELLS,2051.0,1
100900,Charlie,Penelope,KELP,SEASHELLS,2049.0,5
101700,Charlie,Paris,KELP,SEASHELLS,2049.0,1
101800,Charlie,Paris,KELP,SEASHELLS,2049.0,2
101900,Charlie,Paris,KELP,SEASHELLS,2050.0,1
102100,Charlie,Pablo,KELP,SEASHELLS,2050.0,5
102400,Charlie,Paris,KELP,SEASHELLS,2050.0,1
102400,Charlie,Caesar,KELP,SEASHELLS,2051.0,2
102400,Charlie,Olivia,KELP,SEASHELLS,2050.0,15
102600,Penelope,Charlie,KELP,SEASHELLS,2053.0,15
103100,Charlie,Pablo,KELP,SEASHELLS,2050.0,5
103200,Paris,Charlie,KELP,SEASHELLS,2052.0,1
103800,Paris,Gary,KELP,SEASHELLS,2051.0,1
104400,Charlie,Pablo,KELP,SEASHELLS,2049.0,4
104500,Charlie,Paris,KELP,SEASHELLS,2049.0,1
104600,Charlie,Paris,KELP,SEASHELLS,2049.0,1
104700,Charlie,Paris,KELP,SEASHELLS,2049.0,1
105200,Charlie,Paris,KELP,SEASHELLS,2048.0,1
105300,Caesar,Paris,KELP,SEASHELLS,2049.0,1
105300,Caesar,Gary,KELP,SEASHELLS,2050.0,1
105500,Paris,Charlie,KELP,SEASHELLS,2051.0,1
105700,Pablo,Camilla,KELP,SEASHELLS,2050.0,2
106500,Gary,Charlie,KELP,SEASHELLS,2051.0,8
106800,Camilla,Paris,KELP,SEASHELLS,2048.0,1
106800,Penelope,Charlie,KELP,SEASHELLS,2051.0,11
106900,Camilla,Gary,KELP,SEASHELLS,2048.0,1
106900,Charlie,Gary,KELP,SEASHELLS,2048.0,8
107600,Charlie,Paris,KELP,SEASHELLS,2048.0,1
107800,Paris,Paris,KELP,SEASHELLS,2050.0,1
107900,Paris,Camilla,KELP,SEASHELLS,2050.0,1
108600,Pablo,Paris,KELP,SEASHELLS,2050.0,1
109000,Camilla,Paris,KELP,SEASHELLS,2049.0,1
109300,Penelope,Charlie,KELP,SEASHELLS,2052.0,7
109400,Gina,Camilla,KELP,SEASHELLS,2051.0,6
109400,Gina,Charlie,KELP,SEASHELLS,2051.0,2
109900,Paris,Charlie,KELP,SEASHELLS,2051.0,1
111000,Penelope,Charlie,KELP,SEASHELLS,2051.0,15
111200,Camilla,Paris,KELP,SEASHELLS,2048.0,1
111400,Charlie,Paris,KELP,SEASHELLS,2048.0,1
112300,Charlie,Paris,KELP,SEASHELLS,2048.0,1
112700,Paris,Charlie,KELP,SEASHELLS,2050.0,1
112900,Charlie,Paris,KELP,SEASHELLS,2048.0,1
114100,Charlie,Penelope,KELP,SEASHELLS,2048.0,5
114100,Paris,Charlie,KELP,SEASHELLS,2051.0,1
114200,Charlie,Penelope,KELP,SEASHELLS,2048.0,14
114300,Paris,Paris,KELP,SEASHELLS,2050.0,1
114800,Charlie,Caesar,KELP,SEASHELLS,2049.0,5
115000,Paris,Camilla,KELP,SEASHELLS,2050.0,1
115000,Charlie,Gary,KELP,SEASHELLS,2048.0,10
115400,Camilla,Penelope,KELP,SEASHELLS,2048.0,5
115400,Charlie,Penelope,KELP,SEASHELLS,2048.0,5
115500,Paris,Charlie,KELP,SEASHELLS,2050.0,1
116100,Charlie,Paris,KELP,SEASHELLS,2048.0,1
116600,Caesar,Paris,KELP,SEASHELLS,2048.0,1
117100,Paris,Camilla,KELP,SEASHELLS,2050.0,1
117300,Caesar,Paris,KELP,SEASHELLS,2048.0,1
117500,Charlie,Paris,KELP,SEASHELLS,2048.0,1
117700,Charlie,Penelope,KELP,SEASHELLS,2048.0,9
117800,Paris,Camilla,KELP,SEASHELLS,2050.0,1
118100,Camilla,Paris,KELP,SEASHELLS,2048.0,2
118800,Caesar,Paris,KELP,SEASHELLS,2048.0,1
119100,Paris,Charlie,KELP,SEASHELLS,2051.0,2
119900,Charlie,Caesar,KELP,SEASHELLS,2049.0,2
120300,Charlie,Paris,KELP,SEASHELLS,2047.0,1
120900,Paris,Camilla,KELP,SEASHELLS,2050.0,1
121400,Charlie,Paris,KELP,SEASHELLS,2047.0,1
121600,Charlie,Paris,KELP,SEASHELLS,2047.0,1
122200,Charlie,Paris,KELP,SEASHELLS,2047.0,1
122500,Charlie,Paris,KELP,SEASHELLS,2047.0,1
122900,Charlie,Paris,KELP,SEASHELLS,2047.0,1
123000,Gary,Charlie,KELP,SEASHELLS,2051.0,9
123200,Paris,Charlie,KELP,SEASHELLS,2049.0,1
123400,Penelope,Charlie,KELP,SEASHELLS,2050.0,11
123800,Penelope,Caesar,KELP,SEASHELLS,2050.0,1
123800,Paris,Charlie,KELP,SEASHELLS,2051.0,2
124400,Paris,Charlie,KELP,SEASHELLS,2049.0,1
125100,Charlie,Paris,KELP,SEASHELLS,2047.0,1
125100,Charlie,Paris,KELP,SEASHELLS,2047.0,1
125300,Camilla,Gina,KELP,SEASHELLS,2047.0,8
125300,Charlie,Gina,KELP,SEASHELLS,2047.0,1
125800,Charlie,Gary,KELP,SEASHELLS,2047.0,14
125900,Pablo,Charlie,KELP,SEASHELLS,2049.0,2
126400,Charlie,Paris,KELP,SEASHELLS,2047.0,1
126500,Paris,Charlie,KELP,SEASHELLS,2050.0,1
126700,Charlie,Paris,KELP,SEASHELLS,2047.0,1
126700,Charlie,Paris,KELP,SEASHELLS,2047.0,1
127000,Paris,Caesar,KELP,SEASHELLS,2049.0,1
127100,Caesar,Camilla,KELP,SEASHELLS,2049.0,1
127400,Charlie,Penelope,KELP,SEASHELLS,2047.0,10
127700,Camilla,Paris,KELP,SEASHELLS,2047.0,1
127900,Charlie,Paris,KELP,SEASHELLS,2047.0,1
128000,Camilla,Penelope,KELP,SEASHELLS,2047.0,4
128000,Charlie,Penelope,KELP,SEASHELLS,2047.0,7
128000,Camilla,Paris,KELP,SEASHELLS,2047.0,0
128000,Charlie,Paris,KELP,SEASHELLS,2047.0,2
128100,Paris,Pablo,KELP,SEASHELLS,2048.0,1
128200,Charlie,Paris,KELP,SEASHELLS,2047.0,1
128500,Gary,Charlie,KELP,SEASHELLS,2050.0,10
129100,Charlie,Paris,KELP,SEASHELLS,2047.0,1
129200,Charlie,Paris,KELP,SEASHELLS,2047.0,1
129300,Camilla,Paris,KELP,SEASHELLS,2047.0,1
129600,Paris,Caesar,KELP,SEASHELLS,2048.0,1
129600,Charlie,Caesar,KELP,SEASHELLS,2048.0,2
129700,Caesar,Pablo,KELP,SEASHELLS,2047.0,1
130000,Caesar,Paris,KELP,SEASHELLS,2047.0,2
131600,Pablo,Charlie,KELP,SEASHELLS,2048.0,2
131900,Paris,Gary,KELP,SEASHELLS,2048.0,1
132100,Camilla,Paris,KELP,SEASHELLS,2046.0,1
132500,Camilla,Caesar,KELP,SEASHELLS,2047.0,2
132600,Paris,Caesar,KELP,SEASHELLS,2049.0,2
132900,Caesar,Paris,KELP,SEASHELLS,2047.0,1
134800,Paris,Camilla,KELP,SEASHELLS,2049.0,1
135000,Paris,Charlie,KELP,SEASHELLS,2049.0,1
135400,Charlie,Caesar,KELP,SEASHELLS,2048.0,5
136500,Caesar,Paris,KELP,SEASHELLS,2047.0,1
136600,Charlie,Caesar,KELP,SEASHELLS,2048.0,2
136800,Charlie,Paris,KELP,SEASHELLS,2047.0,1
137300,Charlie,Gina,KELP,SEASHELLS,2047.0,10
137300,Penelope,Charlie,KELP,SEASHELLS,2050.0,13
137600,Paris,Camilla,KELP,SEASHELLS,2049.0,1
137700,Charlie,Gary,KELP,SEASHELLS,2047.0,12
138700,Charlie,Penelope,KELP,SEASHELLS,2047.0,5
138800,Paris,Charlie,KELP,SEASHELLS,2049.0,1
140100,Camilla,Paris,KELP,SEASHELLS,2047.0,1
140400,Camilla,Paris,KELP,SEASHELLS,2047.0,1
140400,Paris,Caesar,KELP,SEASHELLS,2050.0,2
140500,Paris,Charlie,KELP,SEASHELLS,2049.0,1
140800,Charlie,Caesar,KELP,SEASHELLS,2048.0,3
141100,Charlie,Paris,KELP,SEASHELLS,2047.0,1
141300,Pablo,Camilla,KELP,SEASHELLS,2049.0,1
141500,Charlie,Gina,KELP,SEASHELLS,2047.0,9
141900,Camilla,Paris,KELP,SEASHELLS,2047.0,1
141900,Paris,Charlie,KELP,SEASHELLS,2051.0,1
142100,Charlie,Paris,KELP,SEASHELLS,2047.0,1
142300,Charlie,Paris,KELP,SEASHELLS,2047.0,1
143200,Paris,Charlie,KELP,SEASHELLS,2049.0,1
144200,Camilla,Paris,KELP,SEASHELLS,2047.0,2
144600,Paris,Charlie,KELP,SEASHELLS,2049.0,1
145100,Camilla,Paris,KELP,SEASHELLS,2047.0,1
145300,Charlie,Paris,KELP,SEASHELLS,2047.0,1
145600,Charlie,Paris,KELP,SEASHELLS,2047.0,1
145600,Gary,Camilla,KELP,SEASHELLS,2049.0,8
145900,Paris,Charlie,KELP,SEASHELLS,2049.0,1
147000,Penelope,Charlie,KELP,SEASHELLS,2050.0,9
147600,Caesar,Paris,KELP,SEASHELLS,2047.0,1
147700,Camilla,Paris,KELP,SEASHELLS,2047.0,1
147800,Penelope,Charlie,KELP,SEASHELLS,2050.0,9
149400,Charlie,Paris,KELP,SEASHELLS,2046.0,1
150100,Charlie,Paris,KELP,SEASHELLS,2046.0,1
150300,Penelope,Charlie,KELP,SEASHELLS,2050.0,13
150600,Paris,Caesar,KELP,SEASHELLS,2049.0,1
152100,Camilla,Paris,KELP,SEASHELLS,2046.0,1
152200,Paris,Charlie,KELP,SEASHELLS,2049.0,1
154200,Paris,Gina,KELP,SEASHELLS,2049.0,1
154300,Charlie,Paris,KELP,SEASHELLS,2047.0,1
155200,Camilla,Paris,KELP,SEASHELLS,2047.0,1
155200,Charlie,Paris,KELP,SEASHELLS,2047.0,1
155500,Charlie,Paris,KELP,SEASHELLS,2047.0,1
156000,Charlie,Paris,KELP,SEASHELLS,2047.0,1
156100,Paris,Charlie,KELP,SEASHELLS,2050.0,2
156300,Gary,Charlie,KELP,SEASHELLS,2051.0,14
156300,Paris,Charlie,KELP,SEASHELLS,2051.0,2
156600,Paris,Charlie,KELP,SEASHELLS,2050.0,1
157300,Camilla,Paris,KELP,SEASHELLS,2048.0,1
157600,Charlie,Paris,KELP,SEASHELLS,2048.0,1
158200,Charlie,Paris,KELP,SEASHELLS,2047.0,1
158300,Camilla,Paris,KELP,SEASHELLS,2048.0,2
159500,Charlie,Caesar,KELP,SEASHELLS,2048.0,5
159700,Charlie,Paris,KELP,SEASHELLS,2047.0,1
159800,Charlie,Paris,KELP,SEASHELLS,2047.0,2
160000,Penelope,Caesar,KELP,SEASHELLS,2050.0,1
160200,Charlie,Paris,KELP,SEASHELLS,2047.0,1
160900,Paris,Camilla,KELP,SEASHELLS,2049.0,1
161100,Charlie,Paris,KELP,SEASHELLS,2047.0,1
161200,Caesar,Paris,KELP,SEASHELLS,2047.0,1
161500,Paris,Camilla,KELP,SEASHELLS,2049.0,1
162100,Penelope,Charlie,KELP,SEASHELLS,2050.0,6
162100,Paris,Charlie,KELP,SEASHELLS,2049.0,1
162600,Paris,Charlie,KELP,SEASHELLS,2050.0,2
163000,Camilla,Pablo,KELP,SEASHELLS,2047.0,3
163000,Paris,Charlie,KELP,SEASHELLS,2050.0,1
163800,Charlie,Paris,KELP,SEASHELLS,2047.0,1
163800,Paris,Camilla,KELP,SEASHELLS,2049.0,1
163900,Paris,Charlie,KELP,SEASHELLS,2050.0,2
163900,Pablo,Charlie,KELP,SEASHELLS,2049.0,5
164300,Paris,Charlie,KELP,SEASHELLS,2049.0,1
164800,Paris,Charlie,KELP,SEASHELLS,2050.0,1
165000,Charlie,Paris,KELP,SEASHELLS,2047.0,1
165300,Penelope,Camilla,KELP,SEASHELLS,2049.0,1
165800,Camilla,Paris,KELP,SEASHELLS,2047.0,1
166500,Charlie,Penelope,KELP,SEASHELLS,2047.0,9
166600,Charlie,Paris,KELP,SEASHELLS,2047.0,1
167100,Charlie,Paris,KELP,SEASHELLS,2047.0,1
167500,Paris,Camilla,KELP,SEASHELLS,2049.0,2
167700,Camilla,Paris,KELP,SEASHELLS,2047.0,1
168500,Charlie,Paris,KELP,SEASHELLS,2047.0,1
168900,Charlie,Paris,KELP,SEASHELLS,2047.0,2
169400,Paris,Charlie,KELP,SEASHELLS,2049.0,1
169700,Penelope,Charlie,KELP,SEASHELLS,2050.0,13
169800,Paris,Charlie,KELP,SEASHELLS,2050.0,2
170100,Paris,Charlie,KELP,SEASHELLS,2050.0,2
170300,Charlie,Pablo,KELP,SEASHELLS,2047.0,5
170400,Camilla,Paris,KELP,SEASHELLS,2046.0,1
170700,Charlie,Paris,KELP,SEASHELLS,2046.0,1
171900,Pablo,Camilla,KELP,SEASHELLS,2048.0,1
172000,Caesar,Penelope,KELP,SEASHELLS,2047.0,2
172000,Charlie,Penelope,KELP,SEASHELLS,2047.0,6
172300,Charlie,Penelope,KELP,SEASHELLS,2046.0,13
172400,Charlie,Paris,KELP,SEASHELLS,2046.0,1
172500,Charlie,Paris,KELP,SEASHELLS,2046.0,1
172700,Caesar,Camilla,KELP,SEASHELLS,2048.0,3
173100,Charlie,Paris,KELP,SEASHELLS,2047.0,1
173300,Charlie,Paris,KELP,SEASHELLS,2047.0,1
173400,Paris,Charlie,KELP,SEASHELLS,2049.0,1
173600,Paris,Charlie,KELP,SEASHELLS,2049.0,1
173900,Gina,Paris,KELP,SEASHELLS,2047.0,1
173900,Gina,Charlie,KELP,SEASHELLS,2049.0,7
174600,Paris,Camilla,KELP,SEASHELLS,2049.0,1
174700,Charlie,Paris,KELP,SEASHELLS,2047.0,1
174800,Charlie,Paris,KELP,SEASHELLS,2047.0,1
175200,Charlie,Caesar,KELP,SEASHELLS,2048.0,2
175300,Charlie,Paris,KELP,SEASHELLS,2047.0,1
175500,Charlie,Gary,KELP,SEASHELLS,2047.0,9
175800,Charlie,Paris,KELP,SEASHELLS,2047.0,1
176200,Paris,Charlie,KELP,SEASHELLS,2050.0,1
177000,Gary,Charlie,KELP,SEASHELLS,2050.0,11
177700,Paris,Charlie,KELP,SEASHELLS,2049.0,1
178100,Charlie,Paris,KELP,SEASHELLS,2047.0,1
178700,Camilla,Paris,KELP,SEASHELLS,2047.0,1
178800,Paris,Charlie,KELP,SEASHELLS,2050.0,2
179100,Penelope,Charlie,KELP,SEASHELLS,2050.0,10
179300,Caesar,Penelope,KELP,SEASHELLS,2047.0,2
179300,Charlie,Penelope,KELP,SEASHELLS,2047.0,6
179700,Charlie,Paris,KELP,SEASHELLS,2047.0,1
179800,Paris,Charlie,KELP,SEASHELLS,2050.0,2
180300,Paris,Charlie,KELP,SEASHELLS,2049.0,1
180500,Penelope,Charlie,KELP,SEASHELLS,2050.0,7
180600,Paris,Charlie,KELP,SEASHELLS,2050.0,1
180900,Charlie,Paris,KELP,SEASHELLS,2047.0,1
181700,Paris,Charlie,KELP,SEASHELLS,2050.0,1
182300,Charlie,Pablo,KELP,SEASHELLS,2047.0,4
182800,Charlie,Pablo,KELP,SEASHELLS,2047.0,5
183000,Charlie,Gary,KELP,SEASHELLS,2047.0,11
183200,Charlie,Paris,KELP,SEASHELLS,2047.0,1
183300,Charlie,Paris,KELP,SEASHELLS,2047.0,1
183400,Camilla,Paris,KELP,SEASHELLS,2047.0,1
183800,Charlie,Paris,KELP,SEASHELLS,2047.0,1
183900,Paris,Gina,KELP,SEASHELLS,2049.0,1
183900,Charlie,Gina,KELP,SEASHELLS,2047.0,7
183900,Charlie,Paris,KELP,SEASHELLS,2047.0,2
184000,Paris,Camilla,KELP,SEASHELLS,2049.0,1
184800,Paris,Charlie,KELP,SEASHELLS,2049.0,1
185900,Paris,Charlie,KELP,SEASHELLS,2050.0,2
186100,Paris,Camilla,KELP,SEASHELLS,2049.0,1
186200,Charlie,Paris,KELP,SEASHELLS,2047.0,1
186700,Paris,Penelope,KELP,SEASHELLS,2049.0,1
186800,Paris,Charlie,KELP,SEASHELLS,2049.0,1
187200,Pablo,Charlie,KELP,SEASHELLS,2049.0,2
187500,Charlie,Caesar,KELP,SEASHELLS,2048.0,2
187900,Camilla,Paris,KELP,SEASHELLS,2047.0,2
188200,Paris,Pablo,KELP,SEASHELLS,2047.0,1
188200,Charlie,Pablo,KELP,SEASHELLS,2047.0,4
188600,Charlie,Paris,KELP,SEASHELLS,2047.0,1
189100,Charlie,Paris,KELP,SEASHELLS,2047.0,2
189600,Charlie,Pablo,KELP,SEASHELLS,2048.0,3
189700,Paris,Charlie,KELP,SEASHELLS,2049.0,1
189800,Paris,Charlie,KELP,SEASHELLS,2050.0,1
189900,Paris,Camilla,KELP,SEASHELLS,2049.0,1
190000,Penelope,Charlie,KELP,SEASHELLS,2050.0,15
190200,Charlie,Paris,KELP,SEASHELLS,2047.0,1
190300,Charlie,Paris,KELP,SEASHELLS,2047.0,1
190600,Penelope,Charlie,KELP,SEASHELLS,2050.0,4
190900,Paris,Camilla,KELP,SEASHELLS,2050.0,1
192100,Charlie,Paris,KELP,SEASHELLS,2047.0,1
192200,Gary,Charlie,KELP,SEASHELLS,2051.0,11
192400,Penelope,Caesar,KELP,SEASHELLS,2050.0,1
192900,Pablo,Gary,KELP,SEASHELLS,2049.0,3
193000,Charlie,Pablo,KELP,SEASHELLS,2048.0,4
193200,Paris,Camilla,KELP,SEASHELLS,2049.0,1
194100,Charlie,Paris,KELP,SEASHELLS,2047.0,1
194200,Paris,Charlie,KELP,SEASHELLS,2049.0,1
194700,Paris,Charlie,KELP,SEASHELLS,2051.0,2
194900,Charlie,Caesar,KELP,SEASHELLS,2048.0,3
195700,Camilla,Paris,KELP,SEASHELLS,2047.0,1
195800,Charlie,Paris,KELP,SEASHELLS,2047.0,1
196400,Camilla,Pablo,KELP,SEASHELLS,2047.0,2
196400,Charlie,Pablo,KELP,SEASHELLS,2047.0,3
196400,Charlie,Paris,KELP,SEASHELLS,2047.0,1
196400,Penelope,Charlie,KELP,SEASHELLS,2050.0,5
196500,Charlie,Paris,KELP,SEASHELLS,2047.0,1
197200,Charlie,Paris,KELP,SEASHELLS,2047.0,1
197400,Charlie,Paris,KELP,SEASHELLS,2047.0,1
198300,Charlie,Caesar,KELP,SEASHELLS,2048.0,6
198400,Penelope,Charlie,KELP,SEASHELLS,2050.0,9
198900,Paris,Camilla,KELP,SEASHELLS,2050.0,1
199000,Paris,Caesar,KELP,SEASHELLS,2050.0,1
199700,Paris,Charlie,KELP,SEASHELLS,2051.0,2
200600,Caesar,Pablo,KELP,SEASHELLS,2048.0,2
200600,Paris,Pablo,KELP,SEASHELLS,2048.0,2
200600,Charlie,Pablo,KELP,SEASHELLS,2048.0,1
201300,Charlie,Paris,KELP,SEASHELLS,2048.0,1
201700,Paris,Camilla,KELP,SEASHELLS,2050.0,1
201700,Paris,Camilla,KELP,SEASHELLS,2050.0,1
202100,Camilla,Paris,KELP,SEASHELLS,2047.0,1
202200,Pablo,Camilla,KELP,SEASHELLS,2049.0,2
202300,Charlie,Paris,KELP,SEASHELLS,2047.0,1
202800,Gina,Camilla,KELP,SEASHELLS,2049.0,1
203300,Charlie,Paris,KELP,SEASHELLS,2047.0,1
203300,Charlie,Pablo,KELP,SEASHELLS,2048.0,3
203700,Paris,Charlie,KELP,SEASHELLS,2051.0,1
205100,Charlie,Penelope,KELP,SEASHELLS,2047.0,9
205300,Charlie,Paris,KELP,SEASHELLS,2047.0,1
205400,Gina,Paris,KELP,SEASHELLS,2047.0,1
205700,Paris,Charlie,KELP,SEASHELLS,2050.0,1
206100,Paris,Charlie,KELP,SEASHELLS,2049.0,1
206500,Paris,Charlie,KELP,SEASHELLS,2050.0,1
206800,Paris,Camilla,KELP,SEASHELLS,2049.0,1
206800,Charlie,Gary,KELP,SEASHELLS,2047.0,10
207100,Paris,Paris,KELP,SEASHELLS,2049.0,1
207200,Pablo,Caesar,KELP,SEASHELLS,2049.0,2
207200,Pablo,Camilla,KELP,SEASHELLS,2049.0,3
207300,Gary,Charlie,KELP,SEASHELLS,2050.0,8
207500,Charlie,Gary,KELP,SEASHELLS,2047.0,12
207600,Gary,Charlie,KELP,SEASHELLS,2051.0,12
207700,Camilla,Paris,KELP,SEASHELLS,2048.0,1
208600,Paris,Caesar,KELP,SEASHELLS,2050.0,1
208600,Paris,Charlie,KELP,SEASHELLS,2050.0,1
208700,Camilla,Gina,KELP,SEASHELLS,2048.0,1
209500,Charlie,Paris,KELP,SEASHELLS,2047.0,1
209600,Gary,Charlie,KELP,SEASHELLS,2051.0,12
210700,Paris,Caesar,KELP,SEASHELLS,2049.0,1
211100,Charlie,Paris,KELP,SEASHELLS,2047.0,1
211200,Charlie,Paris,KELP,SEASHELLS,2047.0,2
211300,Charlie,Gary,KELP,SEASHELLS,2047.0,15
211500,Paris,Charlie,KELP,SEASHELLS,2049.0,1
211700,Charlie,Paris,KELP,SEASHELLS,2047.0,1
211800,Paris,Charlie,KELP,SEASHELLS,2049.0,1
212200,Camilla,Gary,KELP,SEASHELLS,2047.0,6
212200,Charlie,Gary,KELP,SEASHELLS,2047.0,9
212300,Charlie,Paris,KELP,SEASHELLS,2047.0,1
212300,Penelope,Pablo,KELP,SEASHELLS,2048.0,4
212300,Penelope,Caesar,KELP,SEASHELLS,2048.0,2
212500,Paris,Penelope,KELP,SEASHELLS,2049.0,1
212900,Charlie,Paris,KELP,SEASHELLS,2047.0,1
213100,Charlie,Paris,KELP,SEASHELLS,2047.0,1
213200,Charlie,Paris,KELP,SEASHELLS,2047.0,1
213600,Charlie,Paris,KELP,SEASHELLS,2047.0,1
213900,Paris,Camilla,KELP,SEASHELLS,2049.0,1
214100,Paris,Charlie,KELP,SEASHELLS,2049.0,1
214800,Camilla,Penelope,KELP,SEASHELLS,2047.0,1
214800,Charlie,Penelope,KELP,SEASHELLS,2047.0,8
215600,Penelope,Charlie,KELP,SEASHELLS,2051.0,7
216100,Charlie,Penelope,KELP,SEASHELLS,2047.0,8
216600,Caesar,Paris,KELP,SEASHELLS,2047.0,1
217400,Charlie,Paris,KELP,SEASHELLS,2047.0,1
217600,Paris,Camilla,KELP,SEASHELLS,2049.0,1
217700,Charlie,Paris,KELP,SEASHELLS,2047.0,1
218100,Charlie,Paris,KELP,SEASHELLS,2047.0,1
219000,Paris,Charlie,KELP,SEASHELLS,2050.0,1
219100,Charlie,Gary,KELP,SEASHELLS,2047.0,12
219400,Paris,Charlie,KELP,SEASHELLS,2049.0,1
221000,Charlie,Gina,KELP,SEASHELLS,2047.0,7
221300,Paris,Charlie,KELP,SEASHELLS,2050.0,1
221800,Paris,Charlie,KELP,SEASHELLS,2050.0,1
221900,Charlie,Paris,KELP,SEASHELLS,2047.0,1
222400,Charlie,Paris,KELP,SEASHELLS,2047.0,1
222500,Charlie,Paris,KELP,SEASHELLS,2047.0,2
222700,Charlie,Paris,KELP,SEASHELLS,2047.0,1
223100,Pablo,Paris,KELP,SEASHELLS,2049.0,1
223100,Pablo,Camilla,KELP,SEASHELLS,2049.0,3
223300,Camilla,Paris,KELP,SEASHELLS,2047.0,1
223400,Paris,Caesar,KELP,SEASHELLS,2050.0,1
223700,Charlie,Paris,KELP,SEASHELLS,2047.0,1
223700,Paris,Charlie,KELP,SEASHELLS,2051.0,2
224400,Caesar,Penelope,KELP,SEASHELLS,2048.0,2
224400,Charlie,Penelope,KELP,SEASHELLS,2048.0,6
224500,Paris,Charlie,KELP,SEASHELLS,2050.0,1
225200,Charlie,Gina,KELP,SEASHELLS,2047.0,10
225400,Charlie,Paris,KELP,SEASHELLS,2047.0,2
226300,Charlie,Penelope,KELP,SEASHELLS,2047.0,13
226800,Charlie,Paris,KELP,SEASHELLS,2047.0,1
227100,Charlie,Paris,KELP,SEASHELLS,2047.0,1
227100,Charlie,Gary,KELP,SEASHELLS,2047.0,9
227300,Charlie,Paris,KELP,SEASHELLS,2047.0,1
228800,Charlie,Paris,KELP,SEASHELLS,2047.0,1
229600,Pablo,Camilla,KELP,SEASHELLS,2049.0,1
229700,Charlie,Paris,KELP,SEASHELLS,2047.0,1
230000,Charlie,Paris,KELP,SEASHELLS,2048.0,1
230200,Charlie,Paris,KELP,SEASHELLS,2047.0,1
230800,Charlie,Paris,KELP,SEASHELLS,2048.0,1
231100,Charlie,Pablo,KELP,SEASHELLS,2049.0,5
231200,Paris,Charlie,KELP,SEASHELLS,2051.0,1
231700,Charlie,Pablo,KELP,SEASHELLS,2048.0,2
232700,Charlie,Paris,KELP,SEASHELLS,2048.0,1
232800,Charlie,Caesar,KELP,SEASHELLS,2049.0,4
233000,Paris,Charlie,KELP,SEASHELLS,2050.0,1
233500,Paris,Charlie,KELP,SEASHELLS,2050.0,1
234100,Paris,Charlie,KELP,SEASHELLS,2051.0,2
234300,Paris,Charlie,KELP,SEASHELLS,2051.0,1
235000,Paris,Charlie,KELP,SEASHELLS,2051.0,2
235400,Paris,Charlie,KELP,SEASHELLS,2051.0,1
235800,Paris,Charlie,KELP,SEASHELLS,2050.0,1
236100,Charlie,Paris,KELP,SEASHELLS,2048.0,1
236300,Charlie,Paris,KELP,SEASHELLS,2048.0,1
236600,Paris,Camilla,KELP,SEASHELLS,2050.0,1
237500,Paris,Charlie,KELP,SEASHELLS,2051.0,1
238300,Caesar,Paris,KELP,SEASHELLS,2049.0,2
238800,Pablo,Charlie,KELP,SEASHELLS,2050.0,5
238900,Charlie,Paris,KELP,SEASHELLS,2048.0,1
240100,Gary,Charlie,KELP,SEASHELLS,2051.0,13
240200,Charlie,Pablo,KELP,SEASHELLS,2048.0,4
240300,Camilla,Paris,KELP,SEASHELLS,2048.0,1
240900,Paris,Camilla,KELP,SEASHELLS,2050.0,1
241300,Paris,Charlie,KELP,SEASHELLS,2051.0,1
241400,Camilla,Paris,KELP,SEASHELLS,2048.0,1
241500,Charlie,Caesar,KELP,SEASHELLS,2049.0,4
241900,Camilla,Paris,KELP,SEASHELLS,2048.0,1
242300,Charlie,Pablo,KELP,SEASHELLS,2048.0,2
242600,Charlie,Pablo,KELP,SEASHELLS,2048.0,3
243000,Caesar,Paris,KELP,SEASHELLS,2048.0,1
243000,Paris,Camilla,KELP,SEASHELLS,2049.0,2
243100,Gary,Charlie,KELP,SEASHELLS,2051.0,8
243200,Gina,Charlie,KELP,SEASHELLS,2050.0,7
243900,Charlie,Paris,KELP,SEASHELLS,2048.0,2
244100,Charlie,Gary,KELP,SEASHELLS,2048.0,14
244300,Charlie,Pablo,KELP,SEASHELLS,2048.0,5
244900,Paris,Caesar,KELP,SEASHELLS,2051.0,1
245300,Charlie,Paris,KELP,SEASHELLS,2048.0,2
246100,Paris,Charlie,KELP,SEASHELLS,2051.0,2
247500,Charlie,Penelope,KELP,SEASHELLS,2048.0,7
247600,Paris,Charlie,KELP,SEASHELLS,2051.0,1
248800,Charlie,Paris,KELP,SEASHELLS,2049.0,2
249200,Charlie,Paris,KELP,SEASHELLS,2049.0,2
249300,Charlie,Paris,KELP,SEASHELLS,2049.0,1
249500,Camilla,Paris,KELP,SEASHELLS,2049.0,1
249600,Paris,Charlie,KELP,SEASHELLS,2052.0,2
249700,Charlie,Caesar,KELP,SEASHELLS,2050.0,5
249900,Paris,Camilla,KELP,SEASHELLS,2051.0,1
249900,Gina,Paris,KELP,SEASHELLS,2051.0,1
249900,Gina,Charlie,KELP,SEASHELLS,2051.0,9
250100,Charlie,Paris,KELP,SEASHELLS,2049.0,1
250400,Charlie,Paris,KELP,SEASHELLS,2049.0,1
250400,Charlie,Gary,KELP,SEASHELLS,2049.0,15
251300,Paris,Camilla,KELP,SEASHELLS,2051.0,1
251400,Charlie,Pablo,KELP,SEASHELLS,2049.0,3
251400,Charlie,Paris,KELP,SEASHELLS,2049.0,1
251400,Charlie,Penelope,KELP,SEASHELLS,2049.0,6
251600,Paris,Charlie,KELP,SEASHELLS,2051.0,1
251900,Charlie,Paris,KELP,SEASHELLS,2049.0,1
252600,Camilla,Paris,KELP,SEASHELLS,2049.0,1
253000,Charlie,Caesar,KELP,SEASHELLS,2050.0,2
253500,Charlie,Paris,KELP,SEASHELLS,2049.0,1
253700,Gina,Camilla,KELP,SEASHELLS,2050.0,4
254000,Gary,Charlie,KELP,SEASHELLS,2052.0,10
254200,Paris,Charlie,KELP,SEASHELLS,2052.0,1
254300,Charlie,Gina,KELP,SEASHELLS,2049.0,7
254700,Paris,Caesar,KELP,SEASHELLS,2051.0,2
254900,Paris,Gina,KELP,SEASHELLS,2051.0,1
254900,Pablo,Gina,KELP,SEASHELLS,2050.0,3
254900,Charlie,Gina,KELP,SEASHELLS,2049.0,5
255100,Pablo,Camilla,KELP,SEASHELLS,2050.0,1
255600,Pablo,Paris,KELP,SEASHELLS,2050.0,1
255600,Pablo,Paris,KELP,SEASHELLS,2050.0,2
256200,Charlie,Paris,KELP,SEASHELLS,2049.0,1
257100,Charlie,Paris,KELP,SEASHELLS,2048.0,1
257100,Charlie,Paris,KELP,SEASHELLS,2049.0,1
257700,Paris,Charlie,KELP,SEASHELLS,2052.0,1
258400,Charlie,Paris,KELP,SEASHELLS,2049.0,1
258500,Paris,Camilla,KELP,SEASHELLS,2051.0,1
259800,Charlie,Paris,KELP,SEASHELLS,2048.0,1
260300,Paris,Camilla,KELP,SEASHELLS,2050.0,1
260600,Charlie,Paris,KELP,SEASHELLS,2048.0,1
260600,Charlie,Penelope,KELP,SEASHELLS,2048.0,4
260600,Charlie,Caesar,KELP,SEASHELLS,2049.0,4
261000,Paris,Charlie,KELP,SEASHELLS,2050.0,1
261200,Charlie,Pablo,KELP,SEASHELLS,2048.0,3
261500,Paris,Charlie,KELP,SEASHELLS,2050.0,1
261800,Gary,Camilla,KELP,SEASHELLS,2050.0,5
262200,Paris,Camilla,KELP,SEASHELLS,2050.0,1
262200,Charlie,Penelope,KELP,SEASHELLS,2048.0,5
262800,Paris,Charlie,KELP,SEASHELLS,2051.0,1
263100,Paris,Charlie,KELP,SEASHELLS,2050.0,1
264100,Paris,Charlie,KELP,SEASHELLS,2050.0,1
264300,Caesar,Paris,KELP,SEASHELLS,2049.0,1
264800,Paris,Charlie,KELP,SEASHELLS,2051.0,1
265100,Caesar,Paris,KELP,SEASHELLS,2048.0,1
265500,Charlie,Paris,KELP,SEASHELLS,2048.0,1
265800,Paris,Charlie,KELP,SEASHELLS,2050.0,1
266000,Charlie,Caesar,KELP,SEASHELLS,2049.0,5
266400,Charlie,Paris,KELP,SEASHELLS,2048.0,1
266600,Camilla,Penelope,KELP,SEASHELLS,2048.0,7
266600,Charlie,Penelope,KELP,SEASHELLS,2048.0,4
267200,Paris,Camilla,KELP,SEASHELLS,2050.0,1
267700,Gary,Charlie,KELP,SEASHELLS,2051.0,10
269100,Charlie,Paris,KELP,SEASHELLS,2047.0,1
269300,Paris,Gina,KELP,SEASHELLS,2049.0,1
269300,Charlie,Gina,KELP,SEASHELLS,2047.0,7
269600,Charlie,Caesar,KELP,SEASHELLS,2048.0,4
270300,Charlie,Paris,KELP,SEASHELLS,2047.0,1
271000,Caesar,Paris,KELP,SEASHELLS,2047.0,1
271600,Charlie,Gina,KELP,SEASHELLS,2047.0,7
271900,Camilla,Penelope,KELP,SEASHELLS,2047.0,5
271900,Charlie,Penelope,KELP,SEASHELLS,2047.0,6
272000,Camilla,Gina,KELP,SEASHELLS,2047.0,8
272900,Charlie,Paris,KELP,SEASHELLS,2047.0,1
273300,Camilla,Paris,KELP,SEASHELLS,2048.0,1
273800,Charlie,Penelope,KELP,SEASHELLS,2047.0,5
274900,Charlie,Penelope,KELP,SEASHELLS,2047.0,14
275400,Caesar,Paris,KELP,SEASHELLS,2047.0,1
275800,Paris,Charlie,KELP,SEASHELLS,2050.0,2
276300,Charlie,Paris,KELP,SEASHELLS,2047.0,1
276900,Caesar,Paris,KELP,SEASHELLS,2048.0,1
278000,Gary,Charlie,KELP,SEASHELLS,2051.0,15
278200,Paris,Charlie,KELP,SEASHELLS,2050.0,1
278400,Pablo,Caesar,KELP,SEASHELLS,2049.0,2
278600,Caesar,Paris,KELP,SEASHELLS,2048.0,1
279200,Paris,Charlie,KELP,SEASHELLS,2050.0,1
279400,Caesar,Paris,KELP,SEASHELLS,2048.0,1
279400,Charlie,Paris,KELP,SEASHELLS,2047.0,1
279500,Charlie,Paris,KELP,SEASHELLS,2048.0,1
279800,Camilla,Paris,KELP,SEASHELLS,2048.0,1
280100,Paris,Camilla,KELP,SEASHELLS,2050.0,1
280200,Gary,Camilla,KELP,SEASHELLS,2050.0,6
280900,Charlie,Paris,KELP,SEASHELLS,2048.0,1
281000,Paris,Camilla,KELP,SEASHELLS,2050.0,1
281100,Charlie,Paris,KELP,SEASHELLS,2048.0,1
281500,Penelope,Charlie,KELP,SEASHELLS,2051.0,6
281800,Charlie,Paris,KELP,SEASHELLS,2047.0,2
281800,Charlie,Caesar,KELP,SEASHELLS,2048.0,6
282300,Paris,Charlie,KELP,SEASHELLS,2051.0,2
283800,Camilla,Pablo,KELP,SEASHELLS,2048.0,2
283900,Camilla,Paris,KELP,SEASHELLS,2048.0,1
284100,Charlie,Gary,KELP,SEASHELLS,2047.0,15
284100,Charlie,Gina,KELP,SEASHELLS,2048.0,7
284300,Charlie,Paris,KELP,SEASHELLS,2048.0,1
284700,Charlie,Paris,KELP,SEASHELLS,2048.0,1
285500,Pablo,Gary,KELP,SEASHELLS,2049.0,3
285600,Pablo,Camilla,KELP,SEASHELLS,2050.0,3
285700,Paris,Charlie,KELP,SEASHELLS,2050.0,1
286200,Charlie,Paris,KELP,SEASHELLS,2048.0,1
286500,Charlie,Caesar,KELP,SEASHELLS,2049.0,2
287400,Paris,Charlie,KELP,SEASHELLS,2050.0,1
287500,Charlie,Paris,KELP,SEASHELLS,2048.0,1
287600,Paris,Camilla,KELP,SEASHELLS,2050.0,1
287900,Charlie,Paris,KELP,SEASHELLS,2048.0,1
288000,Paris,Camilla,KELP,SEASHELLS,2050.0,1
288300,Charlie,Caesar,KELP,SEASHELLS,2049.0,2
288400,Charlie,Paris,KELP,SEASHELLS,2048.0,1
288600,Gary,Charlie,KELP,SEASHELLS,2051.0,13
289400,Charlie,Paris,KELP,SEASHELLS,2048.0,1
290800,Charlie,Paris,KELP,SEASHELLS,2048.0,1
291500,Penelope,Charlie,KELP,SEASHELLS,2051.0,7
292300,Caesar,Paris,KELP,SEASHELLS,2048.0,1
292400,Paris,Charlie,KELP,SEASHELLS,2050.0,1
292700,Paris,Charlie,KELP,SEASHELLS,2051.0,2
293500,Charlie,Pablo,KELP,SEASHELLS,2048.0,3
293600,Paris,Charlie,KELP,SEASHELLS,2051.0,1
294100,Camilla,Paris,KELP,SEASHELLS,2048.0,1
294500,Charlie,Paris,KELP,SEASHELLS,2047.0,1
294500,Charlie,Paris,KELP,SEASHELLS,2047.0,1
294700,Charlie,Penelope,KELP,SEASHELLS,2048.0,15
295100,Gary,Charlie,KELP,SEASHELLS,2051.0,14
295200,Paris,Charlie,KELP,SEASHELLS,2051.0,2
295200,Paris,Charlie,KELP,SEASHELLS,2050.0,1
295400,Paris,Charlie,KELP,SEASHELLS,2051.0,2
295500,Penelope,Charlie,KELP,SEASHELLS,2051.0,13
296000,Paris,Camilla,KELP,SEASHELLS,2050.0,1
296100,Charlie,Paris,KELP,SEASHELLS,2048.0,1
296700,Paris,Camilla,KELP,SEASHELLS,2050.0,1
296800,Charlie,Paris,KELP,SEASHELLS,2048.0,1
297100,Paris,Charlie,KELP,SEASHELLS,2051.0,2
297200,Gary,Charlie,KELP,SEASHELLS,2051.0,12
298100,Charlie,Paris,KELP,SEASHELLS,2048.0,1
298600,Camilla,Paris,KELP,SEASHELLS,2048.0,1
298700,Camilla,Penelope,KELP,SEASHELLS,2048.0,3
298700,Charlie,Penelope,KELP,SEASHELLS,2048.0,12
298700,Camilla,Paris,KELP,SEASHELLS,2048.0,0
298700,Charlie,Paris,KELP,SEASHELLS,2048.0,1
298900,Charlie,Paris,KELP,SEASHELLS,2048.0,1
299600,Penelope,Caesar,KELP,SEASHELLS,2049.0,4
299700,Charlie,Paris,KELP,SEASHELLS,2048.0,1
299800,Paris,Charlie,KELP,SEASHELLS,2051.0,1
300200,Charlie,Paris,KELP,SEASHELLS,2048.0,1
300200,Penelope,Charlie,KELP,SEASHELLS,2051.0,6
301000,Camilla,Paris,KELP,SEASHELLS,2048.0,1
301100,Gary,Charlie,KELP,SEASHELLS,2051.0,15
301100,Paris,Charlie,KELP,SEASHELLS,2051.0,2
301200,Charlie,Paris,KELP,SEASHELLS,2048.0,1
301200,Charlie,Paris,KELP,SEASHELLS,2048.0,2
301600,Gary,Charlie,KELP,SEASHELLS,2051.0,12
301600,Charlie,Paris,KELP,SEASHELLS,2048.0,2
301800,Paris,Charlie,KELP,SEASHELLS,2050.0,1
303800,Caesar,Gina,KELP,SEASHELLS,2048.0,6
303800,Camilla,Gina,KELP,SEASHELLS,2048.0,1
303800,Paris,Charlie,KELP,SEASHELLS,2051.0,2
304400,Paris,Paris,KELP,SEASHELLS,2050.0,1
304500,Paris,Charlie,KELP,SEASHELLS,2051.0,2
304600,Charlie,Pablo,KELP,SEASHELLS,2048.0,2
304600,Charlie,Paris,KELP,SEASHELLS,2048.0,1
305100,Paris,Charlie,KELP,SEASHELLS,2051.0,2
305200,Paris,Charlie,KELP,SEASHELLS,2050.0,1
305300,Charlie,Paris,KELP,SEASHELLS,2048.0,1
305400,Paris,Penelope,KELP,SEASHELLS,2050.0,1
305600,Camilla,Paris,KELP,SEASHELLS,2048.0,1
305700,Charlie,Paris,KELP,SEASHELLS,2048.0,1
306300,Camilla,Paris,KELP,SEASHELLS,2049.0,1
306700,Paris,Camilla,KELP,SEASHELLS,2051.0,1
307300,Charlie,Paris,KELP,SEASHELLS,2048.0,1
307300,Charlie,Paris,KELP,SEASHELLS,2048.0,2
307500,Paris,Camilla,KELP,SEASHELLS,2050.0,1
308400,Charlie,Pablo,KELP,SEASHELLS,2049.0,5
308600,Paris,Charlie,KELP,SEASHELLS,2051.0,2
309200,Charlie,Pablo,KELP,SEASHELLS,2049.0,4
309800,Charlie,Paris,KELP,SEASHELLS,2048.0,1
311000,Gary,Caesar,KELP,SEASHELLS,2051.0,1
311200,Paris,Charlie,KELP,SEASHELLS,2051.0,2
311400,Charlie,Paris,KELP,SEASHELLS,2048.0,1
312100,Paris,Charlie,KELP,SEASHELLS,2051.0,2
312700,Charlie,Paris,KELP,SEASHELLS,2048.0,1
313700,Charlie,Gina,KELP,SEASHELLS,2049.0,8
314500,Charlie,Paris,KELP,SEASHELLS,2048.0,2
314900,Paris,Gina,KELP,SEASHELLS,2051.0,1
314900,Paris,Gina,KELP,SEASHELLS,2049.0,2
315200,Charlie,Paris,KELP,SEASHELLS,2048.0,2
315400,Caesar,Paris,KELP,SEASHELLS,2049.0,1
315600,Charlie,Penelope,KELP,SEASHELLS,2049.0,10
316000,Paris,Charlie,KELP,SEASHELLS,2051.0,1
316400,Charlie,Paris,KELP,SEASHELLS,2049.0,1
316900,Charlie,Paris,KELP,SEASHELLS,2049.0,1
317300,Charlie,Paris,KELP,SEASHELLS,2048.0,1
317400,Charlie,Pablo,KELP,SEASHELLS,2049.0,2
317800,Charlie,Paris,KELP,SEASHELLS,2048.0,1
318900,Camilla,Paris,KELP,SEASHELLS,2048.0,1
319600,Charlie,Paris,KELP,SEASHELLS,2048.0,1
319700,Charlie,Paris,KELP,SEASHELLS,2048.0,1
320000,Paris,Charlie,KELP,SEASHELLS,2051.0,2
320600,Charlie,Paris,KELP,SEASHELLS,2048.0,1
320600,Charlie,Paris,KELP,SEASHELLS,2048.0,2
321400,Charlie,Paris,KELP,SEASHELLS,2048.0,1
321600,Charlie,Paris,KELP,SEASHELLS,2048.0,1
322200,Camilla,Paris,KELP,SEASHELLS,2048.0,1
322500,Paris,Caesar,KELP,SEASHELLS,2051.0,1
322600,Charlie,Caesar,KELP,SEASHELLS,2049.0,2
322800,Charlie,Gina,KELP,SEASHELLS,2049.0,7
323300,Charlie,Paris,KELP,SEASHELLS,2048.0,1
323800,Charlie,Paris,KELP,SEASHELLS,2048.0,1
324000,Gary,Charlie,KELP,SEASHELLS,2051.0,15
324100,Penelope,Charlie,KELP,SEASHELLS,2051.0,11
324300,Paris,Charlie,KELP,SEASHELLS,2050.0,1
324400,Paris,Camilla,KELP,SEASHELLS,2050.0,2
325200,Charlie,Pablo,KELP,SEASHELLS,2048.0,3
325300,Camilla,Paris,KELP,SEASHELLS,2048.0,1
326000,Charlie,Caesar,KELP,SEASHELLS,2049.0,2
326300,Gary,Charlie,KELP,SEASHELLS,2051.0,11
326500,Paris,Pablo,KELP,SEASHELLS,2048.0,1
326500,Camilla,Pablo,KELP,SEASHELLS,2048.0,1
326500,Charlie,Pablo,KELP,SEASHELLS,2048.0,1
326900,Charlie,Paris,KELP,SEASHELLS,2048.0,2
327300,Charlie,Paris,KELP,SEASHELLS,2048.0,1
328000,Paris,Camilla,KELP,SEASHELLS,2050.0,1
328500,Camilla,Paris,KELP,SEASHELLS,2049.0,1
329600,Pablo,Paris,KELP,SEASHELLS,2050.0,1
329900,Charlie,Penelope,KELP,SEASHELLS,2048.0,13
330300,Charlie,Paris,KELP,SEASHELLS,2048.0,1
330400,Camilla,Penelope,KELP,SEASHELLS,2049.0,3
330700,Charlie,Penelope,KELP,SEASHELLS,2048.0,13
330900,Charlie,Paris,KELP,SEASHELLS,2048.0,1
331000,Paris,Pablo,KELP,SEASHELLS,2049.0,1
331000,Charlie,Pablo,KELP,SEASHELLS,2049.0,4
331300,Charlie,Paris,KELP,SEASHELLS,2048.0,2
331900,Paris,Charlie,KELP,SEASHELLS,2050.0,1
332100,Camilla,Paris,KELP,SEASHELLS,2048.0,1
332100,Paris,Charlie,KELP,SEASHELLS,2051.0,2
332600,Paris,Pablo,KELP,SEASHELLS,2048.0,1
332600,Charlie,Pablo,KELP,SEASHELLS,2048.0,3
332800,Charlie,Paris,KELP,SEASHELLS,2048.0,1
334000,Camilla,Pablo,KELP,SEASHELLS,2048.0,4
334000,Camilla,Paris,KELP,SEASHELLS,2048.0,1
334000,Charlie,Paris,KELP,SEASHELLS,2048.0,0
334500,Camilla,Paris,KELP,SEASHELLS,2048.0,1
334600,Charlie,Paris,KELP,SEASHELLS,2047.0,2
334900,Caesar,Penelope,KELP,SEASHELLS,2048.0,2
334900,Charlie,Penelope,KELP,SEASHELLS,2048.0,5
335100,Paris,Charlie,KELP,SEASHELLS,2050.0,1
335500,Penelope,Camilla,KELP,SEASHELLS,2049.0,7
336500,Paris,Charlie,KELP,SEASHELLS,2051.0,1
336800,Penelope,Charlie,KELP,SEASHELLS,2051.0,10
336900,Charlie,Pablo,KELP,SEASHELLS,2048.0,4
337300,Gary,Charlie,KELP,SEASHELLS,2051.0,13
337300,Penelope,Charlie,KELP,SEASHELLS,2051.0,5
337700,Charlie,Camilla,KELP,SEASHELLS,2049.0,1
338100,Charlie,Paris,KELP,SEASHELLS,2048.0,1
338200,Charlie,Paris,KELP,SEASHELLS,2048.0,1
338900,Penelope,Charlie,KELP,SEASHELLS,2051.0,6
339100,Paris,Camilla,KELP,SEASHELLS,2050.0,1
339100,Charlie,Camilla,KELP,SEASHELLS,2049.0,1
339400,Paris,Camilla,KELP,SEASHELLS,2050.0,1
339400,Pablo,Camilla,KELP,SEASHELLS,2049.0,4
340100,Paris,Charlie,KELP,SEASHELLS,2051.0,1
340200,Paris,Camilla,KELP,SEASHELLS,2049.0,2
340700,Penelope,Charlie,KELP,SEASHELLS,2051.0,8
341200,Camilla,Penelope,KELP,SEASHELLS,2048.0,8
341200,Charlie,Penelope,KELP,SEASHELLS,2048.0,1
342500,Paris,Charlie,KELP,SEASHELLS,2051.0,1
342800,Paris,Charlie,KELP,SEASHELLS,2049.0,1
343600,Charlie,Paris,KELP,SEASHELLS,2047.0,2
343800,Charlie,Paris,KELP,SEASHELLS,2047.0,1
343900,Paris,Paris,KELP,SEASHELLS,2049.0,1
344900,Caesar,Paris,KELP,SEASHELLS,2048.0,1
345700,Penelope,Charlie,KELP,SEASHELLS,2051.0,4
345800,Charlie,Paris,KELP,SEASHELLS,2048.0,1
346600,Charlie,Penelope,KELP,SEASHELLS,2048.0,4
346900,Paris,Charlie,KELP,SEASHELLS,2051.0,2
347500,Paris,Charlie,KELP,SEASHELLS,2052.0,2
347500,Paris,Charlie,KELP,SEASHELLS,2051.0,1
347700,Charlie,Gina,KELP,SEASHELLS,2049.0,9
347800,Penelope,Charlie,KELP,SEASHELLS,2052.0,6
348300,Charlie,Paris,KELP,SEASHELLS,2048.0,1
348800,Camilla,Pablo,KELP,SEASHELLS,2049.0,5
349400,Pablo,Camilla,KELP,SEASHELLS,2050.0,2
349400,Paris,Charlie,KELP,SEASHELLS,2052.0,2
349600,Paris,Penelope,KELP,SEASHELLS,2050.0,1
349700,Charlie,Paris,KELP,SEASHELLS,2048.0,1
350100,Paris,Caesar,KELP,SEASHELLS,2051.0,1
350300,Charlie,Paris,KELP,SEASHELLS,2048.0,1
351100,Charlie,Paris,KELP,SEASHELLS,2048.0,1
351200,Paris,Camilla,KELP,SEASHELLS,2050.0,1
351900,Penelope,Caesar,KELP,SEASHELLS,2051.0,2
352000,Charlie,Paris,KELP,SEASHELLS,2048.0,1
352200,Pablo,Charlie,KELP,SEASHELLS,2050.0,4
352300,Caesar,Paris,KELP,SEASHELLS,2049.0,1
352400,Charlie,Paris,KELP,SEASHELLS,2048.0,1
352500,Camilla,Paris,KELP,SEASHELLS,2048.0,1
352800,Camilla,Paris,KELP,SEASHELLS,2048.0,1
352900,Camilla,Paris,KELP,SEASHELLS,2048.0,2
354000,Paris,Camilla,KELP,SEASHELLS,2050.0,2
354200,Camilla,Penelope,KELP,SEASHELLS,2048.0,4
354200,Charlie,Penelope,KELP,SEASHELLS,2048.0,2
354200,Paris,Charlie,KELP,SEASHELLS,2051.0,1
354300,Charlie,Paris,KELP,SEASHELLS,2048.0,1
354600,Charlie,Pablo,KELP,SEASHELLS,2048.0,4
354700,Camilla,Paris,KELP,SEASHELLS,2048.0,1
354800,Paris,Charlie,KELP,SEASHELLS,2050.0,1
354900,Paris,Charlie,KELP,SEASHELLS,2051.0,1
355200,Charlie,Paris,KELP,SEASHELLS,2048.0,1
355400,Charlie,Paris,KELP,SEASHELLS,2048.0,1
355500,Charlie,Paris,KELP,SEASHELLS,2048.0,2
356000,Charlie,Gina,KELP,SEASHELLS,2048.0,10
356700,Paris,Charlie,KELP,SEASHELLS,2050.0,1
356800,Caesar,Paris,KELP,SEASHELLS,2048.0,1
356800,Charlie,Paris,KELP,SEASHELLS,2048.0,1
357100,Paris,Camilla,KELP,SEASHELLS,2050.0,1
357500,Paris,Camilla,KELP,SEASHELLS,2050.0,1
357600,Charlie,Paris,KELP,SEASHELLS,2048.0,1
358400,Camilla,Penelope,KELP,SEASHELLS,2048.0,4
358400,Charlie,Penelope,KELP,SEASHELLS,2048.0,2
358800,Paris,Charlie,KELP,SEASHELLS,2050.0,1
358900,Charlie,Penelope,KELP,SEASHELLS,2048.0,4
359300,Charlie,Gary,KELP,SEASHELLS,2048.0,11
359400,Penelope,Charlie,KELP,SEASHELLS,2051.0,10
359500,Charlie,Pablo,KELP,SEASHELLS,2048.0,2
359700,Charlie,Paris,KELP,SEASHELLS,2048.0,1
359800,Charlie,Paris,KELP,SEASHELLS,2048.0,1
360800,Paris,Charlie,KELP,SEASHELLS,2050.0,1
361400,Penelope,Charlie,KELP,SEASHELLS,2051.0,5
362100,Caesar,Pablo,KELP,SEASHELLS,2048.0,2
362100,Charlie,Pablo,KELP,SEASHELLS,2048.0,3
362200,Caesar,Paris,KELP,SEASHELLS,2048.0,1
362200,Charlie,Paris,KELP,SEASHELLS,2048.0,1
362600,Paris,Charlie,KELP,SEASHELLS,2050.0,1
362700,Charlie,Paris,KELP,SEASHELLS,2048.0,1
363100,Paris,Charlie,KELP,SEASHELLS,2051.0,1
363200,Caesar,Paris,KELP,SEASHELLS,2048.0,2
363300,Gary,Charlie,KELP,SEASHELLS,2051.0,14
363600,Paris,Pablo,KELP,SEASHELLS,2048.0,1
363600,Charlie,Pablo,KELP,SEASHELLS,2048.0,4
364100,Charlie,Paris,KELP,SEASHELLS,2048.0,1
364100,Gary,Charlie,KELP,SEASHELLS,2051.0,12
364200,Charlie,Paris,KELP,SEASHELLS,2048.0,1
364300,Charlie,Paris,KELP,SEASHELLS,2048.0,1
364600,Charlie,Paris,KELP,SEASHELLS,2047.0,1
364700,Charlie,Paris,KELP,SEASHELLS,2047.0,1
364900,Charlie,Paris,KELP,SEASHELLS,2047.0,1
365000,Gary,Charlie,KELP,SEASHELLS,2051.0,14
365100,Camilla,Gina,KELP,SEASHELLS,2048.0,8
365400,Charlie,Paris,KELP,SEASHELLS,2047.0,2
365500,Paris,Charlie,KELP,SEASHELLS,2049.0,1
365900,Charlie,Paris,KELP,SEASHELLS,2047.0,1
366100,Charlie,Paris,KELP,SEASHELLS,2047.0,1
366100,Paris,Charlie,KELP,SEASHELLS,2051.0,1
366200,Charlie,Paris,KELP,SEASHELLS,2047.0,1
366300,Pablo,Camilla,KELP,SEASHELLS,2049.0,5
366700,Charlie,Paris,KELP,SEASHELLS,2047.0,1
367000,Charlie,Pablo,KELP,SEASHELLS,2048.0,4
367100,Paris,Charlie,KELP,SEASHELLS,2049.0,1
367200,Charlie,Pablo,KELP,SEASHELLS,2048.0,2
367300,Charlie,Paris,KELP,SEASHELLS,2047.0,1
367300,Paris,Charlie,KELP,SEASHELLS,2050.0,2
367500,Charlie,Paris,KELP,SEASHELLS,2047.0,1
367700,Charlie,Paris,KELP,SEASHELLS,2047.0,1
368100,Paris,Gina,KELP,SEASHELLS,2048.0,2
368400,Penelope,Charlie,KELP,SEASHELLS,2050.0,15
368700,Paris,Charlie,KELP,SEASHELLS,2049.0,1
369000,Paris,Camilla,KELP,SEASHELLS,2049.0,1
369200,Charlie,Caesar,KELP,SEASHELLS,2048.0,2
370200,Charlie,Paris,KELP,SEASHELLS,2047.0,1
370800,Charlie,Caesar,KELP,SEASHELLS,2048.0,6
371300,Camilla,Penelope,KELP,SEASHELLS,2047.0,4
371400,Charlie,Paris,KELP,SEASHELLS,2047.0,2
371600,Charlie,Paris,KELP,SEASHELLS,2047.0,1
371800,Charlie,Paris,KELP,SEASHELLS,2047.0,2
372200,Charlie,Paris,KELP,SEASHELLS,2047.0,1
372700,Paris,Gary,KELP,SEASHELLS,2049.0,1
373100,Charlie,Penelope,KELP,SEASHELLS,2047.0,7
373300,Paris,Charlie,KELP,SEASHELLS,2051.0,1
373500,Charlie,Gary,KELP,SEASHELLS,2047.0,10
373600,Penelope,Caesar,KELP,SEASHELLS,2050.0,1
373600,Penelope,Charlie,KELP,SEASHELLS,2050.0,6
373800,Charlie,Paris,KELP,SEASHELLS,2047.0,1
373900,Paris,Charlie,KELP,SEASHELLS,2049.0,1
374700,Charlie,Paris,KELP,SEASHELLS,2047.0,1
374700,Penelope,Caesar,KELP,SEASHELLS,2050.0,2
374700,Penelope,Charlie,KELP,SEASHELLS,2050.0,11
375400,Camilla,Gina,KELP,SEASHELLS,2048.0,7
375700,Paris,Charlie,KELP,SEASHELLS,2049.0,1
375800,Charlie,Paris,KELP,SEASHELLS,2047.0,1
376000,Paris,Camilla,KELP,SEASHELLS,2049.0,1
376400,Pablo,Camilla,KELP,SEASHELLS,2049.0,2
376700,Paris,Charlie,KELP,SEASHELLS,2050.0,1
377300,Paris,Camilla,KELP,SEASHELLS,2049.0,1
378100,Charlie,Gina,KELP,SEASHELLS,2047.0,7
378400,Paris,Camilla,KELP,SEASHELLS,2049.0,1
378500,Charlie,Paris,KELP,SEASHELLS,2047.0,1
379000,Paris,Charlie,KELP,SEASHELLS,2050.0,1
379200,Paris,Charlie,KELP,SEASHELLS,2050.0,2
379400,Charlie,Paris,KELP,SEASHELLS,2047.0,1
379500,Charlie,Gary,KELP,SEASHELLS,2047.0,14
379600,Paris,Charlie,KELP,SEASHELLS,2050.0,2
380300,Charlie,Paris,KELP,SEASHELLS,2047.0,1
380900,Paris,Charlie,KELP,SEASHELLS,2050.0,1
381600,Paris,Camilla,KELP,SEASHELLS,2050.0,1
382400,Pablo,Paris,KELP,SEASHELLS,2049.0,2
383100,Paris,Caesar,KELP,SEASHELLS,2050.0,1
383200,Charlie,Paris,KELP,SEASHELLS,2047.0,1
383600,Charlie,Paris,KELP,SEASHELLS,2047.0,1
383600,Paris,Camilla,KELP,SEASHELLS,2049.0,1
385300,Charlie,Paris,KELP,SEASHELLS,2047.0,1
385700,Charlie,Gary,KELP,SEASHELLS,2047.0,9
385700,Penelope,Camilla,KELP,SEASHELLS,2049.0,8
385700,Penelope,Paris,KELP,SEASHELLS,2049.0,2
385800,Gary,Charlie,KELP,SEASHELLS,2051.0,9
386000,Charlie,Paris,KELP,SEASHELLS,2047.0,1
386300,Charlie,Gary,KELP,SEASHELLS,2047.0,15
386600,Charlie,Paris,KELP,SEASHELLS,2047.0,1
387100,Caesar,Penelope,KELP,SEASHELLS,2048.0,2
387100,Charlie,Penelope,KELP,SEASHELLS,2048.0,12
387200,Paris,Charlie,KELP,SEASHELLS,2051.0,1
387400,Charlie,Paris,KELP,SEASHELLS,2047.0,2
387500,Paris,Camilla,KELP,SEASHELLS,2050.0,2
387600,Paris,Charlie,KELP,SEASHELLS,2051.0,1
387800,Camilla,Paris,KELP,SEASHELLS,2048.0,1
388000,Charlie,Paris,KELP,SEASHELLS,2048.0,1
388100,Paris,Camilla,KELP,SEASHELLS,2050.0,1
388100,Penelope,Camilla,KELP,SEASHELLS,2050.0,4
388100,Charlie,Paris,KELP,SEASHELLS,2048.0,2
388400,Camilla,Gina,KELP,SEASHELLS,2048.0,3
388400,Charlie,Gina,KELP,SEASHELLS,2048.0,5
388900,Camilla,Paris,KELP,SEASHELLS,2048.0,1
389500,Gary,Charlie,KELP,SEASHELLS,2051.0,14
390400,Camilla,Pablo,KELP,SEASHELLS,2048.0,3
390900,Caesar,Gina,KELP,SEASHELLS,2048.0,2
390900,Charlie,Gina,KELP,SEASHELLS,2048.0,7
391800,Charlie,Penelope,KELP,SEASHELLS,2047.0,7
392000,Gary,Charlie,KELP,SEASHELLS,2051.0,15
392400,Charlie,Paris,KELP,SEASHELLS,2048.0,1
393000,Gary,Camilla,KELP,SEASHELLS,2050.0,5
393000,Gary,Charlie,KELP,SEASHELLS,2050.0,6
393200,Charlie,Paris,KELP,SEASHELLS,2048.0,1
393300,Charlie,Paris,KELP,SEASHELLS,2048.0,1
394200,Charlie,Paris,KELP,SEASHELLS,2048.0,1
394500,Caesar,Paris,KELP,SEASHELLS,2048.0,1
394600,Charlie,Caesar,KELP,SEASHELLS,2049.0,6
394800,Charlie,Paris,KELP,SEASHELLS,2048.0,1
394800,Paris,Charlie,KELP,SEASHELLS,2051.0,1
395200,Penelope,Charlie,KELP,SEASHELLS,2051.0,13
395200,Paris,Charlie,KELP,SEASHELLS,2051.0,2
395300,Charlie,Paris,KELP,SEASHELLS,2048.0,1
395800,Charlie,Paris,KELP,SEASHELLS,2048.0,1
395800,Paris,Charlie,KELP,SEASHELLS,2051.0,2
396500,Paris,Charlie,KELP,SEASHELLS,2051.0,2
396800,Penelope,Charlie,KELP,SEASHELLS,2051.0,7
396900,Charlie,Caesar,KELP,SEASHELLS,2049.0,6
397300,Paris,Camilla,KELP,SEASHELLS,2050.0,1
397600,Caesar,Paris,KELP,SEASHELLS,2048.0,1
398300,Paris,Charlie,KELP,SEASHELLS,2051.0,1
398300,Paris,Charlie,KELP,SEASHELLS,2050.0,1
398700,Charlie,Paris,KELP,SEASHELLS,2047.0,1
399200,Caesar,Paris,KELP,SEASHELLS,2047.0,1
399700,Charlie,Paris,KELP,SEASHELLS,2047.0,1
400000,Penelope,Charlie,KELP,SEASHELLS,2051.0,7
400200,Paris,Charlie,KELP,SEASHELLS,2051.0,2
400900,Charlie,Penelope,KELP,SEASHELLS,2047.0,7
401100,Charlie,Paris,KELP,SEASHELLS,2047.0,1
401300,Charlie,Caesar,KELP,SEASHELLS,2048.0,2
401600,Pablo,Charlie,KELP,SEASHELLS,2049.0,3
401700,Charlie,Paris,KELP,SEASHELLS,2047.0,1
402000,Pablo,Camilla,KELP,SEASHELLS,2049.0,3
402100,Penelope,Charlie,KELP,SEASHELLS,2050.0,12
403600,Pablo,Paris,KELP,SEASHELLS,2049.0,1
403600,Pablo,Camilla,KELP,SEASHELLS,2049.0,3
403700,Charlie,Paris,KELP,SEASHELLS,2047.0,1
404200,Charlie,Paris,KELP,SEASHELLS,2047.0,2
404600,Paris,Camilla,KELP,SEASHELLS,2049.0,2
404800,Charlie,Paris,KELP,SEASHELLS,2047.0,1
404900,Camilla,Caesar,KELP,SEASHELLS,2048.0,5
405100,Paris,Camilla,KELP,SEASHELLS,2049.0,1
406000,Charlie,Caesar,KELP,SEASHELLS,2048.0,2
406100,Charlie,Gina,KELP,SEASHELLS,2048.0,7
406700,Charlie,Penelope,KELP,SEASHELLS,2047.0,7
407200,Charlie,Paris,KELP,SEASHELLS,2047.0,1
407700,Paris,Camilla,KELP,SEASHELLS,2049.0,1
407900,Gary,Charlie,KELP,SEASHELLS,2050.0,13
408300,Paris,Camilla,KELP,SEASHELLS,2049.0,1
408300,Paris,Camilla,KELP,SEASHELLS,2049.0,1
408900,Caesar,Paris,KELP,SEASHELLS,2047.0,1
409100,Pablo,Paris,KELP,SEASHELLS,2049.0,1
409300,Paris,Charlie,KELP,SEASHELLS,2051.0,1
409400,Charlie,Pablo,KELP,SEASHELLS,2048.0,4
409700,Penelope,Charlie,KELP,SEASHELLS,2051.0,15
409900,Caesar,Paris,KELP,SEASHELLS,2048.0,1
410600,Pablo,Camilla,KELP,SEASHELLS,2049.0,1
410700,Penelope,Charlie,KELP,SEASHELLS,2051.0,10
410800,Paris,Charlie,KELP,SEASHELLS,2050.0,1
411000,Caesar,Pablo,KELP,SEASHELLS,2048.0,2
411200,Charlie,Paris,KELP,SEASHELLS,2048.0,1
411200,Charlie,Paris,KELP,SEASHELLS,2048.0,2
411300,Paris,Gina,KELP,SEASHELLS,2050.0,1
411300,Charlie,Gina,KELP,SEASHELLS,2048.0,6
411700,Pablo,Charlie,KELP,SEASHELLS,2050.0,5
411900,Paris,Charlie,KELP,SEASHELLS,2051.0,1
412000,Charlie,Paris,KELP,SEASHELLS,2048.0,1
412500,Charlie,Paris,KELP,SEASHELLS,2048.0,1
413000,Camilla,Paris,KELP,SEASHELLS,2048.0,1
413200,Gary,Charlie,KELP,SEASHELLS,2051.0,13
413600,Charlie,Paris,KELP,SEASHELLS,2048.0,1
414100,Paris,Paris,KELP,SEASHELLS,2048.0,1
414800,Paris,Charlie,KELP,SEASHELLS,2051.0,2
415600,Paris,Charlie,KELP,SEASHELLS,2050.0,1
416200,Penelope,Charlie,KELP,SEASHELLS,2051.0,15
416800,Charlie,Paris,KELP,SEASHELLS,2048.0,1
417200,Paris,Paris,KELP,SEASHELLS,2050.0,1
417300,Penelope,Charlie,KELP,SEASHELLS,2051.0,6
417600,Charlie,Paris,KELP,SEASHELLS,2048.0,2
418200,Penelope,Charlie,KELP,SEASHELLS,2052.0,11
418900,Camilla,Paris,KELP,SEASHELLS,2049.0,2
419200,Charlie,Paris,KELP,SEASHELLS,2049.0,1
419200,Charlie,Gina,KELP,SEASHELLS,2049.0,10
419300,Charlie,Gary,KELP,SEASHELLS,2048.0,8
419600,Paris,Caesar,KELP,SEASHELLS,2050.0,1
419900,Camilla,Gary,KELP,SEASHELLS,2048.0,8
419900,Charlie,Gary,KELP,SEASHELLS,2048.0,4
420500,Paris,Pablo,KELP,SEASHELLS,2049.0,1
420500,Charlie,Pablo,KELP,SEASHELLS,2049.0,3
421600,Camilla,Paris,KELP,SEASHELLS,2048.0,1
422700,Camilla,Paris,KELP,SEASHELLS,2048.0,1
423200,Camilla,Paris,KELP,SEASHELLS,2048.0,1
423900,Camilla,Paris,KELP,SEASHELLS,2048.0,1
424000,Paris,Charlie,KELP,SEASHELLS,2051.0,2
424700,Camilla,Paris,KELP,SEASHELLS,2048.0,1
425100,Paris,Charlie,KELP,SEASHELLS,2051.0,1
425100,Gina,Charlie,KELP,SEASHELLS,2050.0,10
425200,Charlie,Gina,KELP,SEASHELLS,2048.0,7
425300,Charlie,Gary,KELP,SEASHELLS,2048.0,9
425500,Paris,Caesar,KELP,SEASHELLS,2051.0,1
425800,Pablo,Charlie,KELP,SEASHELLS,2050.0,3
426000,Camilla,Penelope,KELP,SEASHELLS,2049.0,2
426000,Charlie,Penelope,KELP,SEASHELLS,2049.0,13
426400,Paris,Charlie,KELP,SEASHELLS,2051.0,1
426600,Caesar,Paris,KELP,SEASHELLS,2049.0,1
426600,Caesar,Gina,KELP,SEASHELLS,2049.0,3
426600,Camilla,Paris,KELP,SEASHELLS,2049.0,0
426600,Camilla,Gina,KELP,SEASHELLS,2049.0,4
426600,Charlie,Paris,KELP,SEASHELLS,2048.0,2
427000,Paris,Camilla,KELP,SEASHELLS,2051.0,1
427200,Caesar,Pablo,KELP,SEASHELLS,2049.0,3
427600,Gina,Charlie,KELP,SEASHELLS,2051.0,8
427700,Charlie,Paris,KELP,SEASHELLS,2049.0,1
428000,Paris,Charlie,KELP,SEASHELLS,2051.0,1
428000,Gina,Charlie,KELP,SEASHELLS,2051.0,9
428600,Charlie,Paris,KELP,SEASHELLS,2049.0,1
429000,Charlie,Paris,KELP,SEASHELLS,2049.0,1
429900,Charlie,Paris,KELP,SEASHELLS,2049.0,1
430000,Charlie,Paris,KELP,SEASHELLS,2049.0,1
430200,Charlie,Paris,KELP,SEASHELLS,2049.0,1
430700,Charlie,Caesar,KELP,SEASHELLS,2050.0,4
431800,Paris,Camilla,KELP,SEASHELLS,2051.0,1
432800,Charlie,Paris,KELP,SEASHELLS,2048.0,2
432800,Charlie,Paris,KELP,SEASHELLS,2049.0,1
433400,Paris,Charlie,KELP,SEASHELLS,2052.0,1
434000,Charlie,Caesar,KELP,SEASHELLS,2049.0,5
434900,Paris,Charlie,KELP,SEASHELLS,2052.0,2
435600,Caesar,Gina,KELP,SEASHELLS,2049.0,1
435600,Charlie,Penelope,KELP,SEASHELLS,2048.0,9
435600,Charlie,Gina,KELP,SEASHELLS,2049.0,8
435700,Pablo,Camilla,KELP,SEASHELLS,2050.0,3
435700,Penelope,Charlie,KELP,SEASHELLS,2052.0,8
435900,Caesar,Paris,KELP,SEASHELLS,2049.0,1
436300,Caesar,Paris,KELP,SEASHELLS,2049.0,1
436500,Paris,Charlie,KELP,SEASHELLS,2052.0,1
436800,Charlie,Paris,KELP,SEASHELLS,2048.0,1
436800,Charlie,Penelope,KELP,SEASHELLS,2048.0,13
436900,Paris,Paris,KELP,SEASHELLS,2051.0,1
437800,Charlie,Pablo,KELP,SEASHELLS,2049.0,2
437900,Charlie,Paris,KELP,SEASHELLS,2048.0,1
438000,Paris,Camilla,KELP,SEASHELLS,2050.0,1
438100,Paris,Charlie,KELP,SEASHELLS,2052.0,1
438300,Charlie,Paris,KELP,SEASHELLS,2048.0,1
438400,Charlie,Paris,KELP,SEASHELLS,2048.0,1
438600,Charlie,Paris,KELP,SEASHELLS,2048.0,1
438700,Paris,Charlie,KELP,SEASHELLS,2052.0,2
439100,Gary,Charlie,KELP,SEASHELLS,2052.0,15
440200,Paris,Caesar,KELP,SEASHELLS,2051.0,1
440600,Camilla,Paris,KELP,SEASHELLS,2049.0,1
440600,Paris,Charlie,KELP,SEASHELLS,2052.0,1
440800,Paris,Charlie,KELP,SEASHELLS,2052.0,2
441300,Paris,Charlie,KELP,SEASHELLS,2052.0,2
441600,Caesar,Paris,KELP,SEASHELLS,2049.0,1
443000,Paris,Charlie,KELP,SEASHELLS,2052.0,2
443200,Camilla,Penelope,KELP,SEASHELLS,2049.0,5
443200,Charlie,Penelope,KELP,SEASHELLS,2049.0,3
443500,Paris,Charlie,KELP,SEASHELLS,2051.0,1
444100,Charlie,Paris,KELP,SEASHELLS,2048.0,2
444800,Paris,Charlie,KELP,SEASHELLS,2051.0,1
445200,Paris,Charlie,KELP,SEASHELLS,2052.0,1
445300,Paris,Charlie,KELP,SEASHELLS,2051.0,1
445700,Paris,Pablo,KELP,SEASHELLS,2049.0,1
445700,Penelope,Pablo,KELP,SEASHELLS,2049.0,4
446000,Penelope,Charlie,KELP,SEASHELLS,2052.0,7
447000,Charlie,Penelope,KELP,SEASHELLS,2048.0,11
447100,Caesar,Gina,KELP,SEASHELLS,2048.0,5
447100,Charlie,Gina,KELP,SEASHELLS,2048.0,2
447500,Camilla,Paris,KELP,SEASHELLS,2049.0,1
447600,Gary,Charlie,KELP,SEASHELLS,2052.0,9
448300,Paris,Caesar,KELP,SEASHELLS,2051.0,1
448500,Charlie,Gina,KELP,SEASHELLS,2048.0,7
448900,Camilla,Caesar,KELP,SEASHELLS,2049.0,4
450500,Paris,Caesar,KELP,SEASHELLS,2051.0,1
450900,Camilla,Paris,KELP,SEASHELLS,2049.0,2
451000,Gary,Camilla,KELP,SEASHELLS,2050.0,2
451000,Penelope,Charlie,KELP,SEASHELLS,2052.0,15
451600,Penelope,Camilla,KELP,SEASHELLS,2051.0,2
451600,Penelope,Charlie,KELP,SEASHELLS,2051.0,5
451700,Paris,Charlie,KELP,SEASHELLS,2052.0,2
451800,Charlie,Paris,KELP,SEASHELLS,2048.0,1
452100,Charlie,Paris,KELP,SEASHELLS,2048.0,1
452300,Charlie,Paris,KELP,SEASHELLS,2048.0,1
452500,Paris,Pablo,KELP,SEASHELLS,2049.0,1
452500,Charlie,Pablo,KELP,SEASHELLS,2049.0,3
454700,Paris,Camilla,KELP,SEASHELLS,2050.0,1
455600,Charlie,Paris,KELP,SEASHELLS,2048.0,1
456200,Paris,Camilla,KELP,SEASHELLS,2050.0,1
456300,Charlie,Paris,KELP,SEASHELLS,2048.0,1
456400,Paris,Camilla,KELP,SEASHELLS,2050.0,1
457000,Charlie,Paris,KELP,SEASHELLS,2048.0,1
457100,Penelope,Charlie,KELP,SEASHELLS,2051.0,14
457400,Paris,Pablo,KELP,SEASHELLS,2048.0,1
457400,Caesar,Pablo,KELP,SEASHELLS,2048.0,2
457600,Penelope,Charlie,KELP,SEASHELLS,2051.0,12
458200,Caesar,Paris,KELP,SEASHELLS,2048.0,1
458300,Charlie,Gary,KELP,SEASHELLS,2048.0,9
458700,Penelope,Charlie,KELP,SEASHELLS,2051.0,11
458700,Camilla,Paris,KELP,SEASHELLS,2048.0,1
458800,Camilla,Paris,KELP,SEASHELLS,2048.0,1
459200,Charlie,Paris,KELP,SEASHELLS,2048.0,1
459500,Charlie,Paris,KELP,SEASHELLS,2048.0,1
459800,Charlie,Paris,KELP,SEASHELLS,2048.0,1
460600,Paris,Charlie,KELP,SEASHELLS,2050.0,1
460900,Paris,Caesar,KELP,SEASHELLS,2050.0,1
460900,Charlie,Paris,KELP,SEASHELLS,2048.0,1
461000,Paris,Charlie,KELP,SEASHELLS,2051.0,2
461300,Paris,Charlie,KELP,SEASHELLS,2050.0,1
461400,Gary,Charlie,KELP,SEASHELLS,2051.0,12
461500,Caesar,Paris,KELP,SEASHELLS,2048.0,1
462000,Pablo,Charlie,KELP,SEASHELLS,2050.0,4
462000,Paris,Charlie,KELP,SEASHELLS,2050.0,1
463300,Charlie,Paris,KELP,SEASHELLS,2048.0,1
463300,Charlie,Penelope,KELP,SEASHELLS,2048.0,12
463600,Charlie,Pablo,KELP,SEASHELLS,2049.0,5
463700,Camilla,Paris,KELP,SEASHELLS,2049.0,1
464000,Camilla,Paris,KELP,SEASHELLS,2049.0,1
464300,Charlie,Paris,KELP,SEASHELLS,2048.0,2
464500,Paris,Charlie,KELP,SEASHELLS,2052.0,2
465100,Penelope,Charlie,KELP,SEASHELLS,2052.0,11
465700,Paris,Charlie,KELP,SEASHELLS,2051.0,1
465900,Charlie,Gina,KELP,SEASHELLS,2049.0,9
467000,Charlie,Paris,KELP,SEASHELLS,2048.0,1
467100,Paris,Caesar,KELP,SEASHELLS,2050.0,1
468000,Paris,Charlie,KELP,SEASHELLS,2050.0,1
468200,Paris,Charlie,KELP,SEASHELLS,2050.0,1
468700,Camilla,Paris,KELP,SEASHELLS,2048.0,1
468800,Camilla,Paris,KELP,SEASHELLS,2048.0,1
469300,Camilla,Paris,KELP,SEASHELLS,2048.0,1
469600,Charlie,Paris,KELP,SEASHELLS,2048.0,1
470600,Paris,Caesar,KELP,SEASHELLS,2051.0,2
470700,Paris,Camilla,KELP,SEASHELLS,2050.0,1
470800,Penelope,Charlie,KELP,SEASHELLS,2051.0,9
470800,Paris,Charlie,KELP,SEASHELLS,2050.0,1
471200,Charlie,Paris,KELP,SEASHELLS,2048.0,1
471500,Penelope,Charlie,KELP,SEASHELLS,2051.0,9
471600,Pablo,Charlie,KELP,SEASHELLS,2050.0,2
471600,Paris,Charlie,KELP,SEASHELLS,2050.0,1
471900,Charlie,Paris,KELP,SEASHELLS,2048.0,1
472400,Charlie,Penelope,KELP,SEASHELLS,2048.0,14
472500,Charlie,Penelope,KELP,SEASHELLS,2048.0,15
472600,Charlie,Gina,KELP,SEASHELLS,2048.0,8
472800,Paris,Charlie,KELP,SEASHELLS,2051.0,2
473100,Camilla,Paris,KELP,SEASHELLS,2048.0,1
473100,Charlie,Paris,KELP,SEASHELLS,2048.0,2
473500,Charlie,Caesar,KELP,SEASHELLS,2049.0,5
473700,Charlie,Caesar,KELP,SEASHELLS,2049.0,6
473800,Paris,Charlie,KELP,SEASHELLS,2050.0,1
473900,Paris,Charlie,KELP,SEASHELLS,2050.0,1
474500,Pablo,Camilla,KELP,SEASHELLS,2050.0,2
474900,Paris,Caesar,KELP,SEASHELLS,2050.0,1
474900,Charlie,Caesar,KELP,SEASHELLS,2049.0,2
475100,Charlie,Paris,KELP,SEASHELLS,2048.0,1
475300,Charlie,Pablo,KELP,SEASHELLS,2048.0,5
475400,Charlie,Gary,KELP,SEASHELLS,2048.0,12
476100,Paris,Camilla,KELP,SEASHELLS,2050.0,1
476300,Paris,Charlie,KELP,SEASHELLS,2050.0,1
476900,Paris,Charlie,KELP,SEASHELLS,2050.0,1
477500,Charlie,Caesar,KELP,SEASHELLS,2049.0,4
478000,Caesar,Paris,KELP,SEASHELLS,2048.0,1
478100,Camilla,Paris,KELP,SEASHELLS,2048.0,2
478800,Charlie,Pablo,KELP,SEASHELLS,2048.0,3
479300,Camilla,Paris,KELP,SEASHELLS,2048.0,2
479400,Charlie,Caesar,KELP,SEASHELLS,2049.0,5
481000,Charlie,Paris,KELP,SEASHELLS,2048.0,1
481300,Charlie,Pablo,KELP,SEASHELLS,2049.0,3
481600,Charlie,Paris,KELP,SEASHELLS,2048.0,1
481800,Charlie,Paris,KELP,SEASHELLS,2048.0,1
481800,Charlie,Paris,KELP,SEASHELLS,2048.0,1
482600,Charlie,Paris,KELP,SEASHELLS,2048.0,1
482600,Penelope,Charlie,KELP,SEASHELLS,2052.0,8
482700,Paris,Caesar,KELP,SEASHELLS,2051.0,1
483000,Paris,Camilla,KELP,SEASHELLS,2050.0,1
484200,Charlie,Paris,KELP,SEASHELLS,2048.0,1
484300,Pablo,Camilla,KELP,SEASHELLS,2050.0,4
484800,Charlie,Paris,KELP,SEASHELLS,2048.0,1
484900,Charlie,Gina,KELP,SEASHELLS,2048.0,9
485000,Paris,Charlie,KELP,SEASHELLS,2050.0,1
485300,Paris,Pablo,KELP,SEASHELLS,2049.0,1
485700,Paris,Charlie,KELP,SEASHELLS,2051.0,2
486000,Paris,Charlie,KELP,SEASHELLS,2051.0,1
486300,Paris,Charlie,KELP,SEASHELLS,2051.0,2
486400,Camilla,Paris,KELP,SEASHELLS,2048.0,1
486400,Paris,Charlie,KELP,SEASHELLS,2051.0,1
487700,Caesar,Paris,KELP,SEASHELLS,2049.0,1
491000,Pablo,Charlie,KELP,SEASHELLS,2050.0,2
491100,Charlie,Paris,KELP,SEASHELLS,2048.0,1
491200,Pablo,Caesar,KELP,SEASHELLS,2050.0,4
491400,Charlie,Paris,KELP,SEASHELLS,2048.0,1
491900,Charlie,Paris,KELP,SEASHELLS,2048.0,1
492500,Charlie,Gina,KELP,SEASHELLS,2048.0,7
493100,Gary,Charlie,KELP,SEASHELLS,2051.0,10
493200,Charlie,Paris,KELP,SEASHELLS,2048.0,1
493400,Paris,Charlie,KELP,SEASHELLS,2050.0,1
493900,Paris,Camilla,KELP,SEASHELLS,2050.0,2
494000,Penelope,Charlie,KELP,SEASHELLS,2051.0,9
494100,Camilla,Paris,KELP,SEASHELLS,2048.0,1
494300,Charlie,Caesar,KELP,SEASHELLS,2049.0,5
495000,Paris,Charlie,KELP,SEASHELLS,2051.0,1
495100,Camilla,Paris,KELP,SEASHELLS,2048.0,1
495200,Camilla,Paris,KELP,SEASHELLS,2048.0,2
496000,Paris,Charlie,KELP,SEASHELLS,2050.0,1
496100,Paris,Charlie,KELP,SEASHELLS,2052.0,2
496700,Paris,Charlie,KELP,SEASHELLS,2052.0,1
496900,Gary,Camilla,KELP,SEASHELLS,2050.0,8
497600,Caesar,Penelope,KELP,SEASHELLS,2050.0,6
497900,Paris,Charlie,KELP,SEASHELLS,2051.0,1
498100,Charlie,Penelope,KELP,SEASHELLS,2048.0,14
498100,Paris,Charlie,KELP,SEASHELLS,2052.0,2
498200,Charlie,Paris,KELP,SEASHELLS,2049.0,1
498400,Paris,Charlie,KELP,SEASHELLS,2052.0,1
498700,Paris,Charlie,KELP,SEASHELLS,2051.0,1
498800,Paris,Charlie,KELP,SEASHELLS,2051.0,1
499600,Paris,Charlie,KELP,SEASHELLS,2050.0,1
500400,Charlie,Paris,KELP,SEASHELLS,2048.0,1
500400,Penelope,Charlie,KELP,SEASHELLS,2052.0,7
501000,Charlie,Paris,KELP,SEASHELLS,2048.0,1
501300,Paris,Charlie,KELP,SEASHELLS,2052.0,2
501700,Charlie,Paris,KELP,SEASHELLS,2048.0,1
501800,Paris,Charlie,KELP,SEASHELLS,2052.0,1
502200,Paris,Charlie,KELP,SEASHELLS,2051.0,1
502400,Charlie,Penelope,KELP,SEASHELLS,2048.0,9
502900,Gary,Charlie,KELP,SEASHELLS,2052.0,11
503000,Charlie,Paris,KELP,SEASHELLS,2048.0,1
503600,Paris,Charlie,KELP,SEASHELLS,2052.0,2
503700,Camilla,Caesar,KELP,SEASHELLS,2049.0,3
504000,Charlie,Gary,KELP,SEASHELLS,2048.0,15
504400,Gary,Charlie,KELP,SEASHELLS,2052.0,15
505500,Camilla,Paris,KELP,SEASHELLS,2048.0,1
505500,Charlie,Caesar,KELP,SEASHELLS,2049.0,4
505900,Gary,Caesar,KELP,SEASHELLS,2051.0,1
506100,Gary,Camilla,KELP,SEASHELLS,2050.0,8
506200,Charlie,Paris,KELP,SEASHELLS,2048.0,1
506300,Charlie,Paris,KELP,SEASHELLS,2048.0,1
506500,Charlie,Paris,KELP,SEASHELLS,2048.0,1
506600,Gina,Paris,KELP,SEASHELLS,2048.0,1
506600,Gina,Pablo,KELP,SEASHELLS,2049.0,2
507200,Charlie,Gina,KELP,SEASHELLS,2048.0,7
507500,Charlie,Paris,KELP,SEASHELLS,2048.0,2
507600,Charlie,Pablo,KELP,SEASHELLS,2048.0,3
507700,Charlie,Paris,KELP,SEASHELLS,2048.0,1
508100,Paris,Charlie,KELP,SEASHELLS,2050.0,1
508200,Paris,Charlie,KELP,SEASHELLS,2050.0,1
508400,Charlie,Paris,KELP,SEASHELLS,2048.0,1
508600,Charlie,Paris,KELP,SEASHELLS,2048.0,1
509300,Camilla,Pablo,KELP,SEASHELLS,2048.0,3
509500,Paris,Pablo,KELP,SEASHELLS,2048.0,1
510400,Paris,Camilla,KELP,SEASHELLS,2049.0,1
510600,Paris,Camilla,KELP,SEASHELLS,2049.0,1
510900,Paris,Pablo,KELP,SEASHELLS,2047.0,1
510900,Camilla,Pablo,KELP,SEASHELLS,2047.0,2
511000,Charlie,Paris,KELP,SEASHELLS,2047.0,1
511100,Charlie,Paris,KELP,SEASHELLS,2047.0,1
511400,Paris,Charlie,KELP,SEASHELLS,2049.0,1
512300,Penelope,Charlie,KELP,SEASHELLS,2051.0,4
513300,Charlie,Paris,KELP,SEASHELLS,2048.0,1
513700,Paris,Charlie,KELP,SEASHELLS,2050.0,1
513900,Gary,Camilla,KELP,SEASHELLS,2050.0,6
514100,Camilla,Paris,KELP,SEASHELLS,2049.0,1
514300,Camilla,Paris,KELP,SEASHELLS,2048.0,1
514600,Paris,Camilla,KELP,SEASHELLS,2051.0,1
515400,Charlie,Paris,KELP,SEASHELLS,2049.0,1
515800,Caesar,Paris,KELP,SEASHELLS,2049.0,1
516100,Camilla,Pablo,KELP,SEASHELLS,2049.0,1
516100,Charlie,Pablo,KELP,SEASHELLS,2049.0,4
516600,Paris,Charlie,KELP,SEASHELLS,2051.0,1
516700,Paris,Camilla,KELP,SEASHELLS,2051.0,1
517400,Charlie,Gina,KELP,SEASHELLS,2048.0,9
518100,Paris,Charlie,KELP,SEASHELLS,2051.0,1
518100,Paris,Charlie,KELP,SEASHELLS,2050.0,1
518200,Charlie,Gary,KELP,SEASHELLS,2048.0,8
518300,Charlie,Paris,KELP,SEASHELLS,2048.0,1
519200,Paris,Caesar,KELP,SEASHELLS,2050.0,2
519600,Charlie,Gary,KELP,SEASHELLS,2047.0,11
519800,Charlie,Penelope,KELP,SEASHELLS,2047.0,7
520000,Penelope,Charlie,KELP,SEASHELLS,2050.0,13
520300,Camilla,Paris,KELP,SEASHELLS,2048.0,2
520500,Charlie,Paris,KELP,SEASHELLS,2047.0,1
520800,Paris,Charlie,KELP,SEASHELLS,2050.0,1
520900,Charlie,Paris,KELP,SEASHELLS,2047.0,1
521000,Paris,Camilla,KELP,SEASHELLS,2049.0,1
521200,Paris,Camilla,KELP,SEASHELLS,2049.0,1
521400,Paris,Charlie,KELP,SEASHELLS,2049.0,1
521700,Pablo,Charlie,KELP,SEASHELLS,2049.0,5
521900,Penelope,Camilla,KELP,SEASHELLS,2048.0,7
522500,Caesar,Paris,KELP,SEASHELLS,2047.0,1
522700,Paris,Gary,KELP,SEASHELLS,2049.0,1
523000,Charlie,Paris,KELP,SEASHELLS,2047.0,1
523000,Charlie,Paris,KELP,SEASHELLS,2047.0,1
523100,Charlie,Paris,KELP,SEASHELLS,2047.0,1
523100,Paris,Charlie,KELP,SEASHELLS,2050.0,2
523300,Paris,Charlie,KELP,SEASHELLS,2049.0,1
524200,Penelope,Charlie,KELP,SEASHELLS,2050.0,13
524500,Charlie,Paris,KELP,SEASHELLS,2047.0,1
526100,Paris,Charlie,KELP,SEASHELLS,2048.0,1
526500,Paris,Camilla,KELP,SEASHELLS,2048.0,2
526800,Paris,Camilla,KELP,SEASHELLS,2049.0,1
528000,Paris,Caesar,KELP,SEASHELLS,2049.0,1
528000,Charlie,Paris,KELP,SEASHELLS,2047.0,2
528600,Charlie,Paris,KELP,SEASHELLS,2047.0,1
529900,Charlie,Paris,KELP,SEASHELLS,2048.0,1
530000,Charlie,Paris,KELP,SEASHELLS,2047.0,1
530800,Caesar,Paris,KELP,SEASHELLS,2048.0,1
531100,Caesar,Paris,KELP,SEASHELLS,2048.0,1
531900,Paris,Camilla,KELP,SEASHELLS,2050.0,1
532300,Paris,Charlie,KELP,SEASHELLS,2051.0,2
532500,Charlie,Paris,KELP,SEASHELLS,2047.0,1
532900,Charlie,Paris,KELP,SEASHELLS,2047.0,1
533700,Paris,Charlie,KELP,SEASHELLS,2049.0,1
534300,Paris,Caesar,KELP,SEASHELLS,2049.0,1
534300,Charlie,Paris,KELP,SEASHELLS,2047.0,2
534800,Charlie,Paris,KELP,SEASHELLS,2047.0,1
535200,Gina,Paris,KELP,SEASHELLS,2047.0,1
535200,Paris,Charlie,KELP,SEASHELLS,2050.0,2
535500,Charlie,Paris,KELP,SEASHELLS,2047.0,1
535600,Paris,Gary,KELP,SEASHELLS,2049.0,1
536200,Pablo,Camilla,KELP,SEASHELLS,2049.0,5
536300,Camilla,Penelope,KELP,SEASHELLS,2047.0,8
536300,Charlie,Penelope,KELP,SEASHELLS,2047.0,1
536500,Charlie,Paris,KELP,SEASHELLS,2047.0,1
537000,Charlie,Paris,KELP,SEASHELLS,2048.0,1
537000,Charlie,Paris,KELP,SEASHELLS,2048.0,1
537200,Charlie,Pablo,KELP,SEASHELLS,2048.0,2
537300,Camilla,Penelope,KELP,SEASHELLS,2048.0,1
537300,Caesar,Penelope,KELP,SEASHELLS,2048.0,1
537300,Charlie,Penelope,KELP,SEASHELLS,2048.0,11
537500,Charlie,Paris,KELP,SEASHELLS,2047.0,2
538000,Pablo,Penelope,KELP,SEASHELLS,2049.0,5
538300,Paris,Charlie,KELP,SEASHELLS,2050.0,1
538400,Gary,Charlie,KELP,SEASHELLS,2051.0,8
539000,Caesar,Paris,KELP,SEASHELLS,2048.0,1
539600,Charlie,Gina,KELP,SEASHELLS,2048.0,7
539800,Charlie,Paris,KELP,SEASHELLS,2048.0,1
539900,Camilla,Gina,KELP,SEASHELLS,2048.0,2
539900,Charlie,Gina,KELP,SEASHELLS,2048.0,8
540300,Paris,Camilla,KELP,SEASHELLS,2050.0,1
541200,Gary,Charlie,KELP,SEASHELLS,2051.0,13
541500,Charlie,Paris,KELP,SEASHELLS,2048.0,1
542800,Charlie,Gary,KELP,SEASHELLS,2048.0,11
543100,Paris,Charlie,KELP,SEASHELLS,2050.0,1
543300,Charlie,Penelope,KELP,SEASHELLS,2048.0,15
543500,Charlie,Pablo,KELP,SEASHELLS,2049.0,2
544100,Charlie,Paris,KELP,SEASHELLS,2048.0,1
544200,Charlie,Paris,KELP,SEASHELLS,2048.0,1
544600,Charlie,Paris,KELP,SEASHELLS,2048.0,1
544900,Paris,Charlie,KELP,SEASHELLS,2051.0,1
545000,Gina,Camilla,KELP,SEASHELLS,2050.0,6
545000,Gina,Charlie,KELP,SEASHELLS,2050.0,2
545100,Paris,Camilla,KELP,SEASHELLS,2050.0,1
545300,Paris,Camilla,KELP,SEASHELLS,2050.0,1
545500,Paris,Camilla,KELP,SEASHELLS,2050.0,2
545700,Paris,Paris,KELP,SEASHELLS,2050.0,1
546000,Camilla,Paris,KELP,SEASHELLS,2048.0,1
546500,Charlie,Paris,KELP,SEASHELLS,2048.0,1
546800,Charlie,Paris,KELP,SEASHELLS,2048.0,1
547300,Charlie,Paris,KELP,SEASHELLS,2048.0,1
547400,Charlie,Paris,KELP,SEASHELLS,2048.0,1
547400,Penelope,Camilla,KELP,SEASHELLS,2050.0,8
547900,Paris,Charlie,KELP,SEASHELLS,2050.0,1
548100,Charlie,Paris,KELP,SEASHELLS,2048.0,1
548200,Charlie,Paris,KELP,SEASHELLS,2048.0,2
548500,Paris,Charlie,KELP,SEASHELLS,2051.0,1
548600,Penelope,Charlie,KELP,SEASHELLS,2051.0,15
548700,Charlie,Paris,KELP,SEASHELLS,2048.0,1
549500,Charlie,Paris,KELP,SEASHELLS,2048.0,1
549500,Charlie,Caesar,KELP,SEASHELLS,2049.0,2
549800,Charlie,Paris,KELP,SEASHELLS,2048.0,2
550900,Paris,Charlie,KELP,SEASHELLS,2052.0,2
550900,Paris,Charlie,KELP,SEASHELLS,2051.0,1
551200,Charlie,Penelope,KELP,SEASHELLS,2049.0,15
551300,Charlie,Pablo,KELP,SEASHELLS,2049.0,4
551300,Charlie,Paris,KELP,SEASHELLS,2049.0,1
551500,Charlie,Paris,KELP,SEASHELLS,2049.0,2
551600,Paris,Charlie,KELP,SEASHELLS,2052.0,2
551800,Charlie,Paris,KELP,SEASHELLS,2048.0,2
551900,Charlie,Paris,KELP,SEASHELLS,2048.0,1
552100,Paris,Camilla,KELP,SEASHELLS,2051.0,1
552600,Charlie,Paris,KELP,SEASHELLS,2048.0,1
552800,Charlie,Paris,KELP,SEASHELLS,2048.0,1
553300,Charlie,Paris,KELP,SEASHELLS,2048.0,1
553700,Paris,Charlie,KELP,SEASHELLS,2052.0,2
554000,Paris,Camilla,KELP,SEASHELLS,2050.0,1
554600,Paris,Charlie,KELP,SEASHELLS,2050.0,1
554900,Pablo,Penelope,KELP,SEASHELLS,2050.0,4
555900,Paris,Charlie,KELP,SEASHELLS,2052.0,2
556100,Gina,Camilla,KELP,SEASHELLS,2050.0,7
556100,Paris,Charlie,KELP,SEASHELLS,2052.0,2
556800,Charlie,Pablo,KELP,SEASHELLS,2049.0,3
556800,Charlie,Paris,KELP,SEASHELLS,2049.0,1
556900,Pablo,Paris,KELP,SEASHELLS,2050.0,1
557800,Charlie,Paris,KELP,SEASHELLS,2048.0,1
557900,Charlie,Paris,KELP,SEASHELLS,2048.0,1
558300,Paris,Camilla,KELP,SEASHELLS,2051.0,1
558400,Caesar,Camilla,KELP,SEASHELLS,2050.0,2
558700,Caesar,Camilla,KELP,SEASHELLS,2050.0,5
558700,Charlie,Paris,KELP,SEASHELLS,2048.0,1
560000,Charlie,Pablo,KELP,SEASHELLS,2049.0,2
562400,Paris,Camilla,KELP,SEASHELLS,2051.0,1
563300,Gina,Charlie,KELP,SEASHELLS,2051.0,9
564200,Charlie,Paris,KELP,SEASHELLS,2048.0,1
565000,Charlie,Paris,KELP,SEASHELLS,2048.0,2
565200,Penelope,Caesar,KELP,SEASHELLS,2051.0,1
565200,Penelope,Charlie,KELP,SEASHELLS,2051.0,4
565800,Charlie,Paris,KELP,SEASHELLS,2048.0,1
565800,Penelope,Caesar,KELP,SEASHELLS,2051.0,2
566100,Paris,Camilla,KELP,SEASHELLS,2050.0,1
566300,Charlie,Caesar,KELP,SEASHELLS,2049.0,3
566400,Charlie,Paris,KELP,SEASHELLS,2048.0,1
566500,Camilla,Paris,KELP,SEASHELLS,2048.0,1
566500,Paris,Charlie,KELP,SEASHELLS,2052.0,1
566700,Charlie,Paris,KELP,SEASHELLS,2048.0,1
567400,Charlie,Paris,KELP,SEASHELLS,2048.0,1
567400,Charlie,Paris,KELP,SEASHELLS,2048.0,2
567600,Charlie,Paris,KELP,SEASHELLS,2048.0,1
568700,Gary,Charlie,KELP,SEASHELLS,2051.0,11
569300,Paris,Charlie,KELP,SEASHELLS,2050.0,1
569600,Gary,Charlie,KELP,SEASHELLS,2051.0,10
569800,Paris,Charlie,KELP,SEASHELLS,2050.0,1
570500,Charlie,Paris,KELP,SEASHELLS,2048.0,1
570600,Charlie,Paris,KELP,SEASHELLS,2048.0,1
570700,Charlie,Paris,KELP,SEASHELLS,2048.0,1
571800,Paris,Charlie,KELP,SEASHELLS,2051.0,2
572600,Charlie,Paris,KELP,SEASHELLS,2048.0,2
573100,Charlie,Caesar,KELP,SEASHELLS,2049.0,4
573200,Gina,Paris,KELP,SEASHELLS,2048.0,1
573200,Paris,Charlie,KELP,SEASHELLS,2051.0,1
574500,Charlie,Paris,KELP,SEASHELLS,2048.0,1
574600,Camilla,Paris,KELP,SEASHELLS,2048.0,1
574800,Gina,Charlie,KELP,SEASHELLS,2050.0,7
575700,Paris,Camilla,KELP,SEASHELLS,2050.0,1
575700,Paris,Camilla,KELP,SEASHELLS,2050.0,2
575800,Charlie,Paris,KELP,SEASHELLS,2048.0,1
576600,Charlie,Paris,KELP,SEASHELLS,2048.0,1
576900,Camilla,Penelope,KELP,SEASHELLS,2048.0,5
576900,Charlie,Penelope,KELP,SEASHELLS,2048.0,7
577500,Gina,Camilla,KELP,SEASHELLS,2050.0,1
577600,Paris,Charlie,KELP,SEASHELLS,2050.0,1
578400,Charlie,Paris,KELP,SEASHELLS,2048.0,1
578700,Charlie,Paris,KELP,SEASHELLS,2048.0,1
579300,Charlie,Paris,KELP,SEASHELLS,2048.0,1
579400,Paris,Charlie,KELP,SEASHELLS,2050.0,1
579500,Charlie,Paris,KELP,SEASHELLS,2048.0,1
579900,Charlie,Gary,KELP,SEASHELLS,2048.0,14
579900,Charlie,Caesar,KELP,SEASHELLS,2049.0,4
580300,Pablo,Camilla,KELP,SEASHELLS,2050.0,1
580400,Penelope,Charlie,KELP,SEASHELLS,2051.0,10
581000,Charlie,Paris,KELP,SEASHELLS,2048.0,1
581200,Charlie,Paris,KELP,SEASHELLS,2048.0,1
581700,Charlie,Paris,KELP,SEASHELLS,2048.0,1
583000,Camilla,Paris,KELP,SEASHELLS,2048.0,1
583000,Paris,Charlie,KELP,SEASHELLS,2051.0,2
585400,Paris,Gary,KELP,SEASHELLS,2050.0,1
585600,Paris,Charlie,KELP,SEASHELLS,2051.0,2
585800,Camilla,Gary,KELP,SEASHELLS,2047.0,4
585800,Charlie,Gary,KELP,SEASHELLS,2047.0,11
586000,Paris,Camilla,KELP,SEASHELLS,2049.0,1
586300,Charlie,Paris,KELP,SEASHELLS,2047.0,1
586600,Paris,Gina,KELP,SEASHELLS,2050.0,1
586600,Charlie,Paris,KELP,SEASHELLS,2047.0,1
587400,Charlie,Paris,KELP,SEASHELLS,2048.0,1
587500,Charlie,Pablo,KELP,SEASHELLS,2048.0,3
587600,Gary,Charlie,KELP,SEASHELLS,2051.0,12
588000,Penelope,Charlie,KELP,SEASHELLS,2051.0,7
588300,Paris,Camilla,KELP,SEASHELLS,2049.0,1
588400,Paris,Charlie,KELP,SEASHELLS,2051.0,1
588800,Camilla,Pablo,KELP,SEASHELLS,2048.0,2
588900,Paris,Charlie,KELP,SEASHELLS,2050.0,1
589100,Paris,Charlie,KELP,SEASHELLS,2051.0,1
589900,Caesar,Paris,KELP,SEASHELLS,2048.0,1
590000,Camilla,Paris,KELP,SEASHELLS,2048.0,1
590200,Paris,Charlie,KELP,SEASHELLS,2051.0,1
590400,Paris,Gary,KELP,SEASHELLS,2049.0,1
590800,Charlie,Paris,KELP,SEASHELLS,2047.0,1
591300,Caesar,Camilla,KELP,SEASHELLS,2049.0,4
591400,Charlie,Paris,KELP,SEASHELLS,2048.0,1
591500,Charlie,Paris,KELP,SEASHELLS,2047.0,2
591800,Paris,Camilla,KELP,SEASHELLS,2050.0,1
591800,Charlie,Gary,KELP,SEASHELLS,2047.0,9
592100,Paris,Charlie,KELP,SEASHELLS,2050.0,1
592400,Paris,Charlie,KELP,SEASHELLS,2051.0,1
592700,Gary,Paris,KELP,SEASHELLS,2048.0,1
592700,Penelope,Charlie,KELP,SEASHELLS,2051.0,14
592800,Charlie,Penelope,KELP,SEASHELLS,2047.0,11
593000,Gary,Charlie,KELP,SEASHELLS,2051.0,11
594400,Charlie,Penelope,KELP,SEASHELLS,2047.0,9
595400,Charlie,Paris,KELP,SEASHELLS,2047.0,1
595700,Charlie,Paris,KELP,SEASHELLS,2047.0,1
595800,Penelope,Charlie,KELP,SEASHELLS,2051.0,11
595900,Charlie,Paris,KELP,SEASHELLS,2047.0,1
596000,Gary,Charlie,KELP,SEASHELLS,2050.0,12
596300,Pablo,Camilla,KELP,SEASHELLS,2049.0,3
596400,Charlie,Pablo,KELP,SEASHELLS,2047.0,4
597200,Camilla,Paris,KELP,SEASHELLS,2047.0,1
597800,Charlie,Penelope,KELP,SEASHELLS,2047.0,6
598900,Camilla,Paris,KELP,SEASHELLS,2047.0,1
599200,Penelope,Camilla,KELP,SEASHELLS,2049.0,1
599700,Caesar,Paris,KELP,SEASHELLS,2048.0,1
600100,Paris,Charlie,KELP,SEASHELLS,2050.0,1
602000,Charlie,Paris,KELP,SEASHELLS,2047.0,1
602400,Charlie,Caesar,KELP,SEASHELLS,2048.0,5
602500,Paris,Camilla,KELP,SEASHELLS,2049.0,1
602600,Charlie,Paris,KELP,SEASHELLS,2047.0,1
603100,Charlie,Paris,KELP,SEASHELLS,2047.0,1
603200,Paris,Caesar,KELP,SEASHELLS,2049.0,1
603700,Pablo,Charlie,KELP,SEASHELLS,2049.0,3
604000,Penelope,Charlie,KELP,SEASHELLS,2050.0,11
604500,Charlie,Paris,KELP,SEASHELLS,2047.0,1
604600,Charlie,Paris,KELP,SEASHELLS,2047.0,1
604900,Camilla,Paris,KELP,SEASHELLS,2047.0,1
605000,Paris,Charlie,KELP,SEASHELLS,2050.0,1
605300,Charlie,Caesar,KELP,SEASHELLS,2048.0,6
605700,Paris,Charlie,KELP,SEASHELLS,2049.0,1
606300,Paris,Charlie,KELP,SEASHELLS,2050.0,1
606700,Charlie,Paris,KELP,SEASHELLS,2047.0,1
607200,Charlie,Paris,KELP,SEASHELLS,2047.0,1
607700,Charlie,Pablo,KELP,SEASHELLS,2047.0,3
607900,Charlie,Caesar,KELP,SEASHELLS,2048.0,3
608100,Charlie,Paris,KELP,SEASHELLS,2047.0,1
608100,Gary,Charlie,KELP,SEASHELLS,2050.0,8
608400,Paris,Charlie,KELP,SEASHELLS,2049.0,1
608900,Charlie,Paris,KELP,SEASHELLS,2047.0,1
609400,Charlie,Paris,KELP,SEASHELLS,2047.0,1
610000,Paris,Charlie,KELP,SEASHELLS,2049.0,1
610100,Camilla,Gina,KELP,SEASHELLS,2047.0,3
610100,Charlie,Gina,KELP,SEASHELLS,2047.0,4
612200,Charlie,Paris,KELP,SEASHELLS,2046.0,1
612700,Charlie,Pablo,KELP,SEASHELLS,2047.0,5
612700,Charlie,Caesar,KELP,SEASHELLS,2047.0,5
613000,Penelope,Charlie,KELP,SEASHELLS,2050.0,9
613000,Charlie,Paris,KELP,SEASHELLS,2046.0,1
614000,Charlie,Pablo,KELP,SEASHELLS,2046.0,4
614200,Charlie,Penelope,KELP,SEASHELLS,2045.0,12
614500,Charlie,Gina,KELP,SEASHELLS,2045.0,7
614700,Paris,Camilla,KELP,SEASHELLS,2047.0,1
614700,Paris,Camilla,KELP,SEASHELLS,2047.0,1
615000,Paris,Charlie,KELP,SEASHELLS,2049.0,2
615200,Camilla,Paris,KELP,SEASHELLS,2045.0,1
615600,Penelope,Charlie,KELP,SEASHELLS,2049.0,9
616300,Caesar,Paris,KELP,SEASHELLS,2046.0,1
616400,Charlie,Gina,KELP,SEASHELLS,2046.0,7
617100,Charlie,Paris,KELP,SEASHELLS,2045.0,1
617400,Paris,Charlie,KELP,SEASHELLS,2047.0,1
617800,Paris,Charlie,KELP,SEASHELLS,2046.0,1
617900,Paris,Charlie,KELP,SEASHELLS,2046.0,1
618300,Charlie,Paris,KELP,SEASHELLS,2044.0,1
618400,Paris,Charlie,KELP,SEASHELLS,2047.0,2
618500,Paris,Charlie,KELP,SEASHELLS,2046.0,1
618700,Paris,Charlie,KELP,SEASHELLS,2047.0,1
618700,Pablo,Charlie,KELP,SEASHELLS,2046.0,4
619900,Paris,Camilla,KELP,SEASHELLS,2047.0,1
620300,Gina,Penelope,KELP,SEASHELLS,2047.0,7
621100,Caesar,Gina,KELP,SEASHELLS,2046.0,2
621100,Charlie,Gina,KELP,SEASHELLS,2046.0,6
621500,Gary,Charlie,KELP,SEASHELLS,2049.0,11
621600,Caesar,Paris,KELP,SEASHELLS,2046.0,1
622100,Camilla,Paris,KELP,SEASHELLS,2045.0,1
622300,Paris,Charlie,KELP,SEASHELLS,2047.0,1
622600,Paris,Charlie,KELP,SEASHELLS,2047.0,1
622700,Charlie,Paris,KELP,SEASHELLS,2044.0,2
622900,Pablo,Paris,KELP,SEASHELLS,2046.0,2
623200,Charlie,Paris,KELP,SEASHELLS,2044.0,1
623600,Charlie,Gary,KELP,SEASHELLS,2045.0,15
624000,Gary,Charlie,KELP,SEASHELLS,2048.0,9
624100,Pablo,Camilla,KELP,SEASHELLS,2046.0,2
624700,Paris,Charlie,KELP,SEASHELLS,2047.0,1
625700,Charlie,Penelope,KELP,SEASHELLS,2045.0,8
625800,Paris,Pablo,KELP,SEASHELLS,2046.0,1
625800,Charlie,Pablo,KELP,SEASHELLS,2046.0,3
626800,Charlie,Paris,KELP,SEASHELLS,2046.0,1
628300,Penelope,Charlie,KELP,SEASHELLS,2049.0,6
628400,Camilla,Pablo,KELP,SEASHELLS,2045.0,2
629100,Charlie,Pablo,KELP,SEASHELLS,2045.0,2
629100,Charlie,Paris,KELP,SEASHELLS,2045.0,1
629300,Gina,Charlie,KELP,SEASHELLS,2047.0,10
629400,Charlie,Penelope,KELP,SEASHELLS,2045.0,11
629500,Charlie,Paris,KELP,SEASHELLS,2045.0,1
630000,Camilla,Penelope,KELP,SEASHELLS,2045.0,5
630000,Charlie,Penelope,KELP,SEASHELLS,2045.0,7
630800,Paris,Charlie,KELP,SEASHELLS,2047.0,1
631100,Charlie,Caesar,KELP,SEASHELLS,2046.0,4
632300,Gary,Caesar,KELP,SEASHELLS,2046.0,3
632500,Charlie,Paris,KELP,SEASHELLS,2045.0,1
633100,Charlie,Paris,KELP,SEASHELLS,2045.0,1
633200,Paris,Camilla,KELP,SEASHELLS,2047.0,1
633300,Pablo,Charlie,KELP,SEASHELLS,2047.0,3
633400,Paris,Charlie,KELP,SEASHELLS,2047.0,1
633500,Charlie,Paris,KELP,SEASHELLS,2045.0,1
633500,Charlie,Gina,KELP,SEASHELLS,2046.0,10
634100,Penelope,Charlie,KELP,SEASHELLS,2049.0,9
634900,Camilla,Pablo,KELP,SEASHELLS,2046.0,4
634900,Charlie,Pablo,KELP,SEASHELLS,2046.0,1
635000,Paris,Charlie,KELP,SEASHELLS,2049.0,1
635500,Charlie,Paris,KELP,SEASHELLS,2046.0,1
636100,Caesar,Paris,KELP,SEASHELLS,2046.0,1
636200,Camilla,Paris,KELP,SEASHELLS,2046.0,1
636300,Caesar,Paris,KELP,SEASHELLS,2046.0,1
636400,Paris,Paris,KELP,SEASHELLS,2048.0,1
636600,Caesar,Gina,KELP,SEASHELLS,2046.0,4
636600,Camilla,Gina,KELP,SEASHELLS,2046.0,6
636900,Charlie,Paris,KELP,SEASHELLS,2046.0,1
637200,Paris,Charlie,KELP,SEASHELLS,2048.0,1
637300,Charlie,Pablo,KELP,SEASHELLS,2046.0,2
637900,Paris,Charlie,KELP,SEASHELLS,2048.0,1
638500,Charlie,Paris,KELP,SEASHELLS,2046.0,1
638500,Charlie,Paris,KELP,SEASHELLS,2046.0,1
639000,Camilla,Paris,KELP,SEASHELLS,2046.0,1
639100,Charlie,Gina,KELP,SEASHELLS,2046.0,8
639600,Charlie,Caesar,KELP,SEASHELLS,2047.0,2
640800,Pablo,Paris,KELP,SEASHELLS,2048.0,1
640800,Pablo,Camilla,KELP,SEASHELLS,2048.0,2
640900,Charlie,Pablo,KELP,SEASHELLS,2047.0,5
641600,Charlie,Paris,KELP,SEASHELLS,2046.0,1
641900,Charlie,Caesar,KELP,SEASHELLS,2047.0,5
642600,Paris,Charlie,KELP,SEASHELLS,2050.0,1
642900,Paris,Charlie,KELP,SEASHELLS,2050.0,2
643100,Charlie,Pablo,KELP,SEASHELLS,2047.0,4
643800,Charlie,Penelope,KELP,SEASHELLS,2046.0,9
644000,Paris,Charlie,KELP,SEASHELLS,2049.0,1
644200,Caesar,Gary,KELP,SEASHELLS,2047.0,2
644500,Paris,Camilla,KELP,SEASHELLS,2048.0,1
644800,Caesar,Paris,KELP,SEASHELLS,2047.0,1
645100,Caesar,Paris,KELP,SEASHELLS,2046.0,1
645100,Charlie,Paris,KELP,SEASHELLS,2045.0,1
645500,Caesar,Pablo,KELP,SEASHELLS,2046.0,1
646200,Paris,Paris,KELP,SEASHELLS,2048.0,1
647400,Caesar,Paris,KELP,SEASHELLS,2046.0,1
647600,Paris,Charlie,KELP,SEASHELLS,2049.0,1
648300,Paris,Gina,KELP,SEASHELLS,2048.0,1
648300,Gary,Gina,KELP,SEASHELLS,2046.0,6
649000,Paris,Charlie,KELP,SEASHELLS,2048.0,1
649200,Camilla,Paris,KELP,SEASHELLS,2046.0,1
649300,Penelope,Charlie,KELP,SEASHELLS,2049.0,11
649400,Charlie,Paris,KELP,SEASHELLS,2046.0,1
649900,Charlie,Paris,KELP,SEASHELLS,2046.0,1
650300,Paris,Charlie,KELP,SEASHELLS,2048.0,1
651000,Paris,Charlie,KELP,SEASHELLS,2048.0,1
651500,Charlie,Paris,KELP,SEASHELLS,2046.0,1
651500,Paris,Charlie,KELP,SEASHELLS,2049.0,2
651600,Caesar,Gary,KELP,SEASHELLS,2047.0,2
651900,Paris,Charlie,KELP,SEASHELLS,2049.0,2
652100,Paris,Charlie,KELP,SEASHELLS,2049.0,2
652300,Penelope,Charlie,KELP,SEASHELLS,2049.0,13
652700,Charlie,Penelope,KELP,SEASHELLS,2045.0,13
652800,Paris,Charlie,KELP,SEASHELLS,2049.0,2
653200,Charlie,Paris,KELP,SEASHELLS,2045.0,1
653400,Paris,Camilla,KELP,SEASHELLS,2047.0,1
653700,Charlie,Paris,KELP,SEASHELLS,2046.0,1
653800,Camilla,Gina,KELP,SEASHELLS,2046.0,2
653800,Charlie,Gina,KELP,SEASHELLS,2046.0,7
653800,Paris,Charlie,KELP,SEASHELLS,2049.0,2
653900,Paris,Camilla,KELP,SEASHELLS,2048.0,1
654100,Paris,Charlie,KELP,SEASHELLS,2048.0,1
654300,Charlie,Penelope,KELP,SEASHELLS,2046.0,12
654500,Paris,Charlie,KELP,SEASHELLS,2049.0,2
654800,Charlie,Caesar,KELP,SEASHELLS,2047.0,2
655000,Camilla,Paris,KELP,SEASHELLS,2046.0,1
655000,Camilla,Paris,KELP,SEASHELLS,2046.0,2
656300,Charlie,Paris,KELP,SEASHELLS,2046.0,1
656300,Penelope,Camilla,KELP,SEASHELLS,2048.0,8
656300,Penelope,Charlie,KELP,SEASHELLS,2048.0,1
656400,Pablo,Paris,KELP,SEASHELLS,2048.0,1
656400,Paris,Charlie,KELP,SEASHELLS,2049.0,2
656400,Pablo,Charlie,KELP,SEASHELLS,2048.0,4
656600,Penelope,Charlie,KELP,SEASHELLS,2049.0,6
656600,Charlie,Paris,KELP,SEASHELLS,2046.0,2
656900,Charlie,Paris,KELP,SEASHELLS,2046.0,1
657700,Charlie,Paris,KELP,SEASHELLS,2046.0,1
657800,Charlie,Pablo,KELP,SEASHELLS,2047.0,2
658400,Charlie,Paris,KELP,SEASHELLS,2046.0,2
658700,Charlie,Paris,KELP,SEASHELLS,2046.0,1
659700,Charlie,Penelope,KELP,SEASHELLS,2046.0,11
660500,Charlie,Paris,KELP,SEASHELLS,2046.0,1
660800,Charlie,Paris,KELP,SEASHELLS,2046.0,1
660900,Charlie,Paris,KELP,SEASHELLS,2046.0,2
662200,Charlie,Paris,KELP,SEASHELLS,2046.0,2
662600,Penelope,Charlie,KELP,SEASHELLS,2049.0,15
662600,Paris,Charlie,KELP,SEASHELLS,2048.0,1
662700,Charlie,Paris,KELP,SEASHELLS,2046.0,1
663000,Gina,Camilla,KELP,SEASHELLS,2048.0,3
663800,Penelope,Charlie,KELP,SEASHELLS,2049.0,11
664200,Charlie,Paris,KELP,SEASHELLS,2046.0,1
664500,Paris,Camilla,KELP,SEASHELLS,2048.0,1
664800,Paris,Pablo,KELP,SEASHELLS,2047.0,1
664800,Charlie,Pablo,KELP,SEASHELLS,2047.0,4
665500,Paris,Charlie,KELP,SEASHELLS,2049.0,1
665800,Charlie,Gary,KELP,SEASHELLS,2046.0,14
665800,Paris,Charlie,KELP,SEASHELLS,2050.0,1
666700,Paris,Charlie,KELP,SEASHELLS,2050.0,2
666800,Charlie,Paris,KELP,SEASHELLS,2046.0,1
667000,Charlie,Pablo,KELP,SEASHELLS,2047.0,4
667200,Paris,Charlie,KELP,SEASHELLS,2049.0,1
667600,Charlie,Gina,KELP,SEASHELLS,2047.0,10
667600,Charlie,Caesar,KELP,SEASHELLS,2047.0,5
667800,Charlie,Paris,KELP,SEASHELLS,2046.0,1
668000,Camilla,Paris,KELP,SEASHELLS,2046.0,1
668300,Pablo,Caesar,KELP,SEASHELLS,2048.0,3
668300,Charlie,Paris,KELP,SEASHELLS,2046.0,1
669200,Penelope,Charlie,KELP,SEASHELLS,2050.0,13
669900,Pablo,Camilla,KELP,SEASHELLS,2048.0,3
670100,Charlie,Paris,KELP,SEASHELLS,2046.0,1
671000,Paris,Charlie,KELP,SEASHELLS,2049.0,1
671800,Charlie,Paris,KELP,SEASHELLS,2047.0,1
672300,Charlie,Gina,KELP,SEASHELLS,2047.0,9
672500,Paris,Charlie,KELP,SEASHELLS,2050.0,1
672600,Charlie,Paris,KELP,SEASHELLS,2047.0,1
672800,Penelope,Charlie,KELP,SEASHELLS,2050.0,8
673000,Paris,Charlie,KELP,SEASHELLS,2050.0,2
673100,Paris,Charlie,KELP,SEASHELLS,2050.0,1
674100,Paris,Camilla,KELP,SEASHELLS,2049.0,1
674700,Caesar,Paris,KELP,SEASHELLS,2047.0,1
675000,Paris,Caesar,KELP,SEASHELLS,2049.0,1
675100,Paris,Camilla,KELP,SEASHELLS,2049.0,1
676100,Paris,Charlie,KELP,SEASHELLS,2050.0,2
676200,Penelope,Charlie,KELP,SEASHELLS,2050.0,15
676800,Paris,Caesar,KELP,SEASHELLS,2049.0,2
677100,Paris,Camilla,KELP,SEASHELLS,2048.0,1
677200,Paris,Charlie,KELP,SEASHELLS,2049.0,1
677600,Charlie,Paris,KELP,SEASHELLS,2046.0,2
677800,Charlie,Paris,KELP,SEASHELLS,2046.0,2
678000,Paris,Charlie,KELP,SEASHELLS,2050.0,1
678000,Paris,Charlie,KELP,SEASHELLS,2049.0,1
678400,Charlie,Paris,KELP,SEASHELLS,2046.0,1
678500,Paris,Camilla,KELP,SEASHELLS,2048.0,2
679400,Charlie,Paris,KELP,SEASHELLS,2047.0,2
679500,Charlie,Pablo,KELP,SEASHELLS,2047.0,3
679700,Charlie,Paris,KELP,SEASHELLS,2047.0,1
679800,Camilla,Paris,KELP,SEASHELLS,2047.0,1
680300,Camilla,Pablo,KELP,SEASHELLS,2047.0,2
680300,Charlie,Pablo,KELP,SEASHELLS,2047.0,1
680400,Caesar,Paris,KELP,SEASHELLS,2047.0,1
681200,Charlie,Paris,KELP,SEASHELLS,2047.0,2
681500,Charlie,Paris,KELP,SEASHELLS,2047.0,1
681600,Paris,Charlie,KELP,SEASHELLS,2049.0,1
682000,Paris,Charlie,KELP,SEASHELLS,2050.0,1
682100,Charlie,Penelope,KELP,SEASHELLS,2047.0,9
682200,Charlie,Paris,KELP,SEASHELLS,2047.0,1
682700,Paris,Charlie,KELP,SEASHELLS,2049.0,1
683300,Charlie,Caesar,KELP,SEASHELLS,2048.0,2
683800,Charlie,Penelope,KELP,SEASHELLS,2047.0,14
684500,Caesar,Paris,KELP,SEASHELLS,2047.0,1
685000,Charlie,Paris,KELP,SEASHELLS,2047.0,1
685400,Paris,Charlie,KELP,SEASHELLS,2049.0,1
686400,Charlie,Pablo,KELP,SEASHELLS,2047.0,4
686900,Paris,Camilla,KELP,SEASHELLS,2049.0,1
687000,Charlie,Paris,KELP,SEASHELLS,2047.0,1
688200,Paris,Charlie,KELP,SEASHELLS,2049.0,1
689100,Pablo,Paris,KELP,SEASHELLS,2048.0,1
689700,Charlie,Caesar,KELP,SEASHELLS,2048.0,2
689900,Paris,Charlie,KELP,SEASHELLS,2050.0,2
689900,Paris,Charlie,KELP,SEASHELLS,2049.0,1
690000,Paris,Charlie,KELP,SEASHELLS,2050.0,1
690300,Charlie,Paris,KELP,SEASHELLS,2047.0,1
690300,Paris,Charlie,KELP,SEASHELLS,2050.0,1
690500,Charlie,Caesar,KELP,SEASHELLS,2048.0,6
690600,Charlie,Paris,KELP,SEASHELLS,2047.0,1
690700,Paris,Camilla,KELP,SEASHELLS,2049.0,1
691100,Paris,Camilla,KELP,SEASHELLS,2049.0,1
691800,Camilla,Paris,KELP,SEASHELLS,2047.0,1
691900,Charlie,Paris,KELP,SEASHELLS,2047.0,2
691900,Charlie,Caesar,KELP,SEASHELLS,2048.0,3
692100,Paris,Charlie,KELP,SEASHELLS,2049.0,1
692200,Paris,Charlie,KELP,SEASHELLS,2049.0,1
692300,Charlie,Paris,KELP,SEASHELLS,2047.0,1
692600,Paris,Camilla,KELP,SEASHELLS,2049.0,1
693200,Charlie,Paris,KELP,SEASHELLS,2047.0,1
693300,Paris,Camilla,KELP,SEASHELLS,2049.0,1
693600,Charlie,Paris,KELP,SEASHELLS,2047.0,1
694000,Charlie,Caesar,KELP,SEASHELLS,2048.0,5
694200,Penelope,Charlie,KELP,SEASHELLS,2050.0,13
694400,Paris,Charlie,KELP,SEASHELLS,2049.0,1
694600,Paris,Charlie,KELP,SEASHELLS,2050.0,2
694800,Charlie,Pablo,KELP,SEASHELLS,2048.0,2
695100,Paris,Charlie,KELP,SEASHELLS,2050.0,1
696700,Charlie,Paris,KELP,SEASHELLS,2047.0,1
696700,Charlie,Caesar,KELP,SEASHELLS,2048.0,6
697000,Charlie,Paris,KELP,SEASHELLS,2047.0,1
698500,Pablo,Charlie,KELP,SEASHELLS,2049.0,3
698700,Pablo,Camilla,KELP,SEASHELLS,2049.0,3
699200,Paris,Charlie,KELP,SEASHELLS,2049.0,1
699800,Charlie,Paris,KELP,SEASHELLS,2047.0,1
699900,Charlie,Paris,KELP,SEASHELLS,2047.0,1
700100,Charlie,Paris,KELP,SEASHELLS,2047.0,1
700200,Paris,Camilla,KELP,SEASHELLS,2049.0,1
700400,Charlie,Pablo,KELP,SEASHELLS,2047.0,4
700500,Gary,Charlie,KELP,SEASHELLS,2050.0,11
700600,Charlie,Penelope,KELP,SEASHELLS,2047.0,15
700700,Charlie,Paris,KELP,SEASHELLS,2047.0,1
700900,Penelope,Camilla,KELP,SEASHELLS,2049.0,5
701400,Charlie,Paris,KELP,SEASHELLS,2047.0,1
701700,Charlie,Paris,KELP,SEASHELLS,2047.0,1
701800,Pablo,Charlie,KELP,SEASHELLS,2049.0,5
702500,Charlie,Paris,KELP,SEASHELLS,2047.0,1
702900,Charlie,Paris,KELP,SEASHELLS,2047.0,1
703200,Camilla,Paris,KELP,SEASHELLS,2047.0,2
703300,Charlie,Paris,KELP,SEASHELLS,2047.0,1
704200,Paris,Charlie,KELP,SEASHELLS,2050.0,1
704300,Penelope,Caesar,KELP,SEASHELLS,2050.0,2
705000,Penelope,Charlie,KELP,SEASHELLS,2051.0,10
705200,Charlie,Paris,KELP,SEASHELLS,2047.0,1
705300,Camilla,Caesar,KELP,SEASHELLS,2048.0,1
705400,Paris,Camilla,KELP,SEASHELLS,2049.0,1
705600,Paris,Charlie,KELP,SEASHELLS,2051.0,2
706700,Paris,Charlie,KELP,SEASHELLS,2049.0,1
707300,Camilla,Paris,KELP,SEASHELLS,2048.0,2
707400,Charlie,Paris,KELP,SEASHELLS,2047.0,1
708300,Charlie,Gary,KELP,SEASHELLS,2047.0,11
708500,Charlie,Paris,KELP,SEASHELLS,2047.0,1
708600,Charlie,Pablo,KELP,SEASHELLS,2048.0,5
708700,Charlie,Paris,KELP,SEASHELLS,2048.0,1
708800,Charlie,Paris,KELP,SEASHELLS,2047.0,1
708800,Paris,Charlie,KELP,SEASHELLS,2051.0,1
710400,Camilla,Paris,KELP,SEASHELLS,2047.0,1
711900,Charlie,Pablo,KELP,SEASHELLS,2048.0,5
713000,Charlie,Paris,KELP,SEASHELLS,2048.0,1
713200,Paris,Charlie,KELP,SEASHELLS,2050.0,1
713800,Charlie,Paris,KELP,SEASHELLS,2048.0,1
713800,Charlie,Caesar,KELP,SEASHELLS,2049.0,4
714200,Paris,Gary,KELP,SEASHELLS,2050.0,1
714500,Paris,Charlie,KELP,SEASHELLS,2050.0,1
714700,Charlie,Paris,KELP,SEASHELLS,2048.0,1
715300,Gina,Pablo,KELP,SEASHELLS,2048.0,2
715300,Gina,Charlie,KELP,SEASHELLS,2050.0,8
715400,Caesar,Paris,KELP,SEASHELLS,2048.0,1
715500,Camilla,Paris,KELP,SEASHELLS,2048.0,1
715900,Charlie,Paris,KELP,SEASHELLS,2048.0,1
716200,Penelope,Camilla,KELP,SEASHELLS,2049.0,7
716200,Paris,Charlie,KELP,SEASHELLS,2051.0,1
716700,Paris,Camilla,KELP,SEASHELLS,2049.0,1
717000,Paris,Camilla,KELP,SEASHELLS,2050.0,1
717300,Camilla,Paris,KELP,SEASHELLS,2048.0,2
717400,Charlie,Paris,KELP,SEASHELLS,2048.0,1
717500,Camilla,Caesar,KELP,SEASHELLS,2048.0,3
717500,Gary,Caesar,KELP,SEASHELLS,2050.0,2
717700,Camilla,Penelope,KELP,SEASHELLS,2047.0,8
717700,Charlie,Penelope,KELP,SEASHELLS,2047.0,2
717700,Camilla,Paris,KELP,SEASHELLS,2047.0,0
717700,Charlie,Paris,KELP,SEASHELLS,2047.0,2
718300,Paris,Camilla,KELP,SEASHELLS,2049.0,1
718700,Charlie,Penelope,KELP,SEASHELLS,2047.0,7
719400,Paris,Charlie,KELP,SEASHELLS,2050.0,1
719900,Paris,Camilla,KELP,SEASHELLS,2050.0,1
720000,Camilla,Paris,KELP,SEASHELLS,2048.0,1
720000,Camilla,Paris,KELP,SEASHELLS,2048.0,2
720700,Caesar,Paris,KELP,SEASHELLS,2048.0,1
720900,Paris,Charlie,KELP,SEASHELLS,2050.0,1
721200,Paris,Charlie,KELP,SEASHELLS,2051.0,1
721400,Paris,Charlie,KELP,SEASHELLS,2050.0,1
721600,Paris,Charlie,KELP,SEASHELLS,2050.0,1
721800,Paris,Charlie,KELP,SEASHELLS,2050.0,1
722200,Charlie,Paris,KELP,SEASHELLS,2047.0,1
722300,Penelope,Charlie,KELP,SEASHELLS,2051.0,4
722500,Charlie,Paris,KELP,SEASHELLS,2047.0,2
723600,Charlie,Paris,KELP,SEASHELLS,2047.0,1
724000,Paris,Charlie,KELP,SEASHELLS,2049.0,1
724400,Charlie,Paris,KELP,SEASHELLS,2047.0,1
724600,Paris,Charlie,KELP,SEASHELLS,2050.0,1
724800,Caesar,Paris,KELP,SEASHELLS,2048.0,1
725100,Camilla,Penelope,KELP,SEASHELLS,2048.0,2
726000,Caesar,Paris,KELP,SEASHELLS,2048.0,1
726500,Camilla,Paris,KELP,SEASHELLS,2048.0,1
726600,Paris,Camilla,KELP,SEASHELLS,2050.0,1
727000,Pablo,Paris,KELP,SEASHELLS,2049.0,1
727600,Charlie,Paris,KELP,SEASHELLS,2048.0,1
728000,Charlie,Pablo,KELP,SEASHELLS,2048.0,5
728200,Camilla,Paris,KELP,SEASHELLS,2048.0,1
728300,Paris,Camilla,KELP,SEASHELLS,2050.0,2
728600,Caesar,Paris,KELP,SEASHELLS,2048.0,1
728700,Paris,Camilla,KELP,SEASHELLS,2050.0,1
728900,Caesar,Paris,KELP,SEASHELLS,2048.0,1
729000,Paris,Camilla,KELP,SEASHELLS,2050.0,1
729100,Charlie,Gary,KELP,SEASHELLS,2047.0,14
729700,Charlie,Gina,KELP,SEASHELLS,2048.0,8
729800,Paris,Charlie,KELP,SEASHELLS,2050.0,1
730400,Charlie,Pablo,KELP,SEASHELLS,2048.0,3
730900,Pablo,Charlie,KELP,SEASHELLS,2050.0,3
731000,Paris,Charlie,KELP,SEASHELLS,2051.0,1
731500,Charlie,Gina,KELP,SEASHELLS,2048.0,8
731700,Charlie,Paris,KELP,SEASHELLS,2048.0,2
733000,Charlie,Paris,KELP,SEASHELLS,2049.0,1
733300,Paris,Charlie,KELP,SEASHELLS,2052.0,2
733400,Pablo,Penelope,KELP,SEASHELLS,2050.0,5
733600,Caesar,Paris,KELP,SEASHELLS,2049.0,1
733900,Charlie,Paris,KELP,SEASHELLS,2048.0,1
734000,Pablo,Gina,KELP,SEASHELLS,2050.0,5
734000,Charlie,Gina,KELP,SEASHELLS,2048.0,4
734100,Penelope,Charlie,KELP,SEASHELLS,2051.0,13
734200,Penelope,Charlie,KELP,SEASHELLS,2051.0,5
734500,Charlie,Paris,KELP,SEASHELLS,2048.0,2
734700,Penelope,Charlie,KELP,SEASHELLS,2051.0,4
734800,Paris,Charlie,KELP,SEASHELLS,2050.0,1
735000,Gary,Charlie,KELP,SEASHELLS,2051.0,14
735400,Charlie,Paris,KELP,SEASHELLS,2048.0,1
736100,Charlie,Pablo,KELP,SEASHELLS,2048.0,3
736400,Pablo,Camilla,KELP,SEASHELLS,2050.0,1
736500,Paris,Camilla,KELP,SEASHELLS,2050.0,1
736900,Camilla,Paris,KELP,SEASHELLS,2048.0,1
737300,Charlie,Caesar,KELP,SEASHELLS,2049.0,6
737800,Charlie,Caesar,KELP,SEASHELLS,2049.0,4
737900,Paris,Camilla,KELP,SEASHELLS,2050.0,1
738100,Charlie,Paris,KELP,SEASHELLS,2048.0,1
738400,Paris,Charlie,KELP,SEASHELLS,2050.0,1
738500,Charlie,Gary,KELP,SEASHELLS,2048.0,15
738900,Camilla,Paris,KELP,SEASHELLS,2048.0,1
739100,Gary,Charlie,KELP,SEASHELLS,2052.0,11
739400,Gary,Charlie,KELP,SEASHELLS,2051.0,15
739500,Charlie,Paris,KELP,SEASHELLS,2048.0,1
739600,Camilla,Gina,KELP,SEASHELLS,2049.0,1
739600,Charlie,Paris,KELP,SEASHELLS,2048.0,1
740000,Charlie,Paris,KELP,SEASHELLS,2048.0,1
740500,Charlie,Penelope,KELP,SEASHELLS,2048.0,6
740700,Charlie,Paris,KELP,SEASHELLS,2048.0,1
740800,Gary,Charlie,KELP,SEASHELLS,2051.0,11
741300,Gary,Charlie,KELP,SEASHELLS,2051.0,14
741400,Paris,Caesar,KELP,SEASHELLS,2050.0,1
741900,Paris,Charlie,KELP,SEASHELLS,2050.0,1
742100,Gina,Charlie,KELP,SEASHELLS,2050.0,10
742200,Penelope,Charlie,KELP,SEASHELLS,2051.0,5
742700,Charlie,Paris,KELP,SEASHELLS,2048.0,1
743600,Charlie,Paris,KELP,SEASHELLS,2048.0,1
744200,Charlie,Paris,KELP,SEASHELLS,2048.0,1
744400,Charlie,Paris,KELP,SEASHELLS,2048.0,1
744700,Gary,Camilla,KELP,SEASHELLS,2050.0,5
745300,Charlie,Paris,KELP,SEASHELLS,2048.0,1
745500,Camilla,Paris,KELP,SEASHELLS,2049.0,1
745900,Pablo,Camilla,KELP,SEASHELLS,2050.0,4
746300,Charlie,Paris,KELP,SEASHELLS,2048.0,1
746500,Charlie,Paris,KELP,SEASHELLS,2048.0,1
746700,Charlie,Penelope,KELP,SEASHELLS,2048.0,4
746800,Charlie,Pablo,KELP,SEASHELLS,2048.0,2
747600,Pablo,Camilla,KELP,SEASHELLS,2050.0,1
747700,Gina,Camilla,KELP,SEASHELLS,2050.0,7
748600,Camilla,Gary,KELP,SEASHELLS,2048.0,3
748600,Charlie,Gary,KELP,SEASHELLS,2048.0,5
748700,Penelope,Charlie,KELP,SEASHELLS,2051.0,5
749200,Charlie,Pablo,KELP,SEASHELLS,2048.0,2
749200,Charlie,Gary,KELP,SEASHELLS,2048.0,9
749400,Charlie,Paris,KELP,SEASHELLS,2048.0,1
749700,Charlie,Paris,KELP,SEASHELLS,2048.0,1
750000,Charlie,Paris,KELP,SEASHELLS,2048.0,1
750200,Gary,Charlie,KELP,SEASHELLS,2051.0,10
751600,Charlie,Paris,KELP,SEASHELLS,2048.0,1
752200,Caesar,Paris,KELP,SEASHELLS,2049.0,1
752700,Camilla,Pablo,KELP,SEASHELLS,2049.0,2
752800,Penelope,Charlie,KELP,SEASHELLS,2052.0,8
752800,Charlie,Paris,KELP,SEASHELLS,2048.0,2
753300,Gary,Charlie,KELP,SEASHELLS,2052.0,14
753600,Gary,Pablo,KELP,SEASHELLS,2049.0,5
754200,Gina,Caesar,KELP,SEASHELLS,2050.0,6
754200,Gina,Camilla,KELP,SEASHELLS,2050.0,1
754800,Gary,Charlie,KELP,SEASHELLS,2051.0,14
755000,Paris,Camilla,KELP,SEASHELLS,2050.0,1
755800,Charlie,Pablo,KELP,SEASHELLS,2048.0,2
756500,Charlie,Gina,KELP,SEASHELLS,2048.0,8
757000,Pablo,Paris,KELP,SEASHELLS,2050.0,1
757400,Pablo,Camilla,KELP,SEASHELLS,2050.0,2
757400,Paris,Camilla,KELP,SEASHELLS,2050.0,1
757500,Charlie,Pablo,KELP,SEASHELLS,2049.0,2
758600,Charlie,Paris,KELP,SEASHELLS,2048.0,2
759900,Paris,Charlie,KELP,SEASHELLS,2052.0,2
760100,Paris,Camilla,KELP,SEASHELLS,2050.0,1
760500,Charlie,Penelope,KELP,SEASHELLS,2048.0,5
760800,Paris,Camilla,KELP,SEASHELLS,2051.0,1
761200,Charlie,Gina,KELP,SEASHELLS,2049.0,9
761500,Charlie,Paris,KELP,SEASHELLS,2049.0,1
761900,Paris,Charlie,KELP,SEASHELLS,2052.0,1
762200,Camilla,Pablo,KELP,SEASHELLS,2049.0,1
762200,Charlie,Pablo,KELP,SEASHELLS,2049.0,3
763300,Caesar,Penelope,KELP,SEASHELLS,2049.0,2
763300,Charlie,Penelope,KELP,SEASHELLS,2049.0,10
