day,timestamp,product,bid_price_1,bid_volume_1,bid_price_2,bid_volume_2,bid_price_3,bid_volume_3,ask_price_1,ask_volume_1,ask_price_2,ask_volume_2,ask_price_3,ask_volume_3,mid_price,profit_and_loss
2,0,MAGNIFICENT_MACARONS,653.0,20.0,651.0,10.0,645.0,21.0,662.0,10.0,671.0,21.0,677.0,10.0,657.5,0.0
2,100,MAGNIFICENT_MACARONS,657.0,12.0,654.0,19.0,648.0,26.0,666.0,6.0,674.0,26.0,681.0,19.0,661.5,0.0
2,200,MAGNIFICENT_MACARONS,660.0,12.0,658.0,13.0,652.0,30.0,669.0,6.0,678.0,30.0,684.0,13.0,664.5,0.0
2,300,MAGNIFICENT_MACARONS,665.0,20.0,663.0,15.0,657.0,27.0,674.0,10.0,683.0,27.0,689.0,15.0,669.5,0.0
2,400,MAGNIFICENT_MACARONS,670.0,20.0,667.0,16.0,661.0,25.0,679.0,10.0,687.0,25.0,694.0,16.0,674.5,0.0
2,500,MAGNIFICENT_MACARONS,669.0,10.0,666.0,14.0,660.0,22.0,678.0,5.0,686.0,22.0,693.0,14.0,673.5,0.0
2,600,MAGNIFICENT_MACARONS,666.0,20.0,663.0,14.0,657.0,25.0,675.0,10.0,683.0,25.0,690.0,14.0,670.5,0.0
2,700,MAGNIFICENT_MACARONS,665.0,12.0,662.0,12.0,656.0,23.0,674.0,6.0,682.0,23.0,689.0,12.0,669.5,0.0
2,800,MAGNIFICENT_MACARONS,662.0,20.0,659.0,10.0,653.0,27.0,671.0,10.0,679.0,27.0,686.0,10.0,666.5,0.0
2,900,MAGNIFICENT_MACARONS,662.0,20.0,659.0,14.0,653.0,21.0,671.0,10.0,679.0,21.0,686.0,14.0,666.5,0.0
2,1000,MAGNIFICENT_MACARONS,660.0,16.0,658.0,18.0,652.0,28.0,669.0,8.0,678.0,28.0,684.0,18.0,664.5,0.0
2,1100,MAGNIFICENT_MACARONS,658.0,20.0,655.0,19.0,649.0,28.0,667.0,10.0,675.0,28.0,682.0,19.0,662.5,0.0
2,1200,MAGNIFICENT_MACARONS,661.0,18.0,658.0,12.0,652.0,28.0,670.0,9.0,678.0,28.0,685.0,12.0,665.5,0.0
2,1300,MAGNIFICENT_MACARONS,663.0,12.0,661.0,10.0,655.0,23.0,672.0,6.0,681.0,23.0,687.0,10.0,667.5,0.0
2,1400,MAGNIFICENT_MACARONS,660.0,10.0,657.0,16.0,651.0,24.0,669.0,5.0,677.0,24.0,684.0,16.0,664.5,0.0
2,1500,MAGNIFICENT_MACARONS,660.0,18.0,657.0,16.0,651.0,29.0,668.0,9.0,677.0,29.0,684.0,16.0,664.0,0.0
2,1600,MAGNIFICENT_MACARONS,659.0,14.0,657.0,12.0,651.0,23.0,668.0,7.0,677.0,23.0,683.0,12.0,663.5,0.0
2,1700,MAGNIFICENT_MACARONS,662.0,16.0,660.0,18.0,654.0,24.0,671.0,8.0,680.0,24.0,686.0,18.0,666.5,0.0
2,1800,MAGNIFICENT_MACARONS,665.0,12.0,663.0,15.0,657.0,28.0,674.0,6.0,683.0,28.0,689.0,15.0,669.5,0.0
2,1900,MAGNIFICENT_MACARONS,663.0,10.0,660.0,11.0,654.0,24.0,672.0,5.0,680.0,24.0,687.0,11.0,667.5,0.0
2,2000,MAGNIFICENT_MACARONS,666.0,16.0,663.0,11.0,657.0,22.0,675.0,8.0,683.0,22.0,690.0,11.0,670.5,0.0
2,2100,MAGNIFICENT_MACARONS,667.0,14.0,664.0,16.0,658.0,25.0,676.0,7.0,684.0,25.0,691.0,16.0,671.5,0.0
2,2200,MAGNIFICENT_MACARONS,669.0,14.0,666.0,12.0,660.0,29.0,678.0,7.0,686.0,29.0,693.0,12.0,673.5,0.0
2,2300,MAGNIFICENT_MACARONS,670.0,18.0,667.0,18.0,661.0,20.0,679.0,9.0,687.0,20.0,694.0,18.0,674.5,0.0
2,2400,MAGNIFICENT_MACARONS,675.0,20.0,672.0,16.0,666.0,25.0,684.0,10.0,692.0,25.0,699.0,16.0,679.5,0.0
2,2500,MAGNIFICENT_MACARONS,673.0,20.0,671.0,11.0,665.0,27.0,682.0,10.0,691.0,27.0,697.0,11.0,677.5,0.0
2,2600,MAGNIFICENT_MACARONS,673.0,12.0,671.0,10.0,665.0,20.0,682.0,6.0,691.0,20.0,697.0,10.0,677.5,0.0
2,2700,MAGNIFICENT_MACARONS,674.0,16.0,671.0,11.0,665.0,29.0,683.0,8.0,691.0,29.0,698.0,11.0,678.5,0.0
2,2800,MAGNIFICENT_MACARONS,675.0,16.0,672.0,12.0,666.0,22.0,684.0,8.0,692.0,22.0,699.0,12.0,679.5,0.0
2,2900,MAGNIFICENT_MACARONS,671.0,20.0,669.0,16.0,663.0,21.0,680.0,10.0,689.0,21.0,695.0,16.0,675.5,0.0
2,3000,MAGNIFICENT_MACARONS,671.0,20.0,668.0,11.0,662.0,27.0,680.0,10.0,688.0,27.0,695.0,11.0,675.5,0.0
2,3100,MAGNIFICENT_MACARONS,672.0,10.0,670.0,18.0,664.0,25.0,681.0,5.0,690.0,25.0,696.0,18.0,676.5,0.0
2,3200,MAGNIFICENT_MACARONS,666.0,12.0,664.0,12.0,658.0,28.0,675.0,6.0,684.0,28.0,690.0,12.0,670.5,0.0
2,3300,MAGNIFICENT_MACARONS,664.0,12.0,661.0,12.0,655.0,26.0,673.0,6.0,681.0,26.0,688.0,12.0,668.5,0.0
2,3400,MAGNIFICENT_MACARONS,664.0,12.0,661.0,19.0,655.0,25.0,673.0,6.0,681.0,25.0,688.0,19.0,668.5,0.0
2,3500,MAGNIFICENT_MACARONS,664.0,12.0,661.0,14.0,655.0,21.0,673.0,6.0,681.0,21.0,688.0,14.0,668.5,0.0
2,3600,MAGNIFICENT_MACARONS,666.0,16.0,663.0,15.0,657.0,30.0,675.0,8.0,683.0,30.0,690.0,15.0,670.5,0.0
2,3700,MAGNIFICENT_MACARONS,667.0,10.0,664.0,16.0,658.0,24.0,676.0,5.0,684.0,24.0,691.0,16.0,671.5,0.0
2,3800,MAGNIFICENT_MACARONS,667.0,20.0,664.0,11.0,658.0,29.0,676.0,10.0,684.0,29.0,691.0,11.0,671.5,0.0
2,3900,MAGNIFICENT_MACARONS,667.0,16.0,664.0,11.0,658.0,26.0,676.0,8.0,684.0,26.0,691.0,11.0,671.5,0.0
2,4000,MAGNIFICENT_MACARONS,667.0,20.0,664.0,16.0,658.0,30.0,676.0,10.0,684.0,30.0,691.0,16.0,671.5,0.0
2,4100,MAGNIFICENT_MACARONS,671.0,16.0,669.0,11.0,663.0,25.0,680.0,8.0,689.0,25.0,695.0,11.0,675.5,0.0
2,4200,MAGNIFICENT_MACARONS,674.0,12.0,671.0,20.0,665.0,26.0,683.0,6.0,691.0,26.0,698.0,20.0,678.5,0.0
2,4300,MAGNIFICENT_MACARONS,674.0,18.0,672.0,18.0,666.0,24.0,683.0,9.0,692.0,24.0,698.0,18.0,678.5,0.0
2,4400,MAGNIFICENT_MACARONS,671.0,10.0,669.0,16.0,663.0,22.0,680.0,5.0,689.0,22.0,695.0,16.0,675.5,0.0
2,4500,MAGNIFICENT_MACARONS,671.0,14.0,669.0,11.0,662.0,26.0,680.0,7.0,689.0,26.0,695.0,11.0,675.5,0.0
2,4600,MAGNIFICENT_MACARONS,677.0,18.0,675.0,12.0,669.0,21.0,686.0,9.0,695.0,21.0,701.0,12.0,681.5,0.0
2,4700,MAGNIFICENT_MACARONS,674.0,12.0,672.0,19.0,666.0,27.0,683.0,6.0,692.0,27.0,698.0,19.0,678.5,0.0
2,4800,MAGNIFICENT_MACARONS,679.0,16.0,677.0,17.0,671.0,28.0,688.0,8.0,697.0,28.0,703.0,17.0,683.5,0.0
2,4900,MAGNIFICENT_MACARONS,681.0,10.0,678.0,15.0,672.0,27.0,690.0,5.0,699.0,27.0,705.0,15.0,685.5,0.0
2,5000,MAGNIFICENT_MACARONS,681.0,16.0,678.0,16.0,672.0,29.0,690.0,8.0,699.0,29.0,705.0,16.0,685.5,0.0
2,5100,MAGNIFICENT_MACARONS,680.0,12.0,677.0,13.0,671.0,24.0,689.0,6.0,698.0,24.0,704.0,13.0,684.5,0.0
2,5200,MAGNIFICENT_MACARONS,682.0,18.0,680.0,13.0,674.0,29.0,691.0,9.0,700.0,29.0,706.0,13.0,686.5,0.0
2,5300,MAGNIFICENT_MACARONS,683.0,18.0,680.0,11.0,674.0,21.0,692.0,9.0,701.0,21.0,707.0,11.0,687.5,0.0
2,5400,MAGNIFICENT_MACARONS,684.0,12.0,682.0,13.0,676.0,20.0,693.0,6.0,702.0,20.0,708.0,13.0,688.5,0.0
2,5500,MAGNIFICENT_MACARONS,684.0,20.0,681.0,18.0,675.0,28.0,693.0,10.0,702.0,28.0,708.0,18.0,688.5,0.0
2,5600,MAGNIFICENT_MACARONS,679.0,10.0,676.0,17.0,670.0,21.0,688.0,5.0,697.0,21.0,703.0,17.0,683.5,0.0
2,5700,MAGNIFICENT_MACARONS,678.0,14.0,676.0,19.0,670.0,29.0,687.0,7.0,696.0,29.0,702.0,19.0,682.5,0.0
2,5800,MAGNIFICENT_MACARONS,677.0,20.0,675.0,15.0,669.0,28.0,686.0,10.0,695.0,28.0,701.0,15.0,681.5,0.0
2,5900,MAGNIFICENT_MACARONS,677.0,18.0,674.0,14.0,668.0,29.0,686.0,9.0,695.0,29.0,701.0,14.0,681.5,0.0
2,6000,MAGNIFICENT_MACARONS,679.0,20.0,676.0,18.0,670.0,30.0,688.0,10.0,697.0,30.0,703.0,18.0,683.5,0.0
2,6100,MAGNIFICENT_MACARONS,675.0,16.0,673.0,13.0,667.0,28.0,684.0,8.0,693.0,28.0,699.0,13.0,679.5,0.0
2,6200,MAGNIFICENT_MACARONS,673.0,18.0,670.0,14.0,664.0,20.0,682.0,9.0,691.0,20.0,697.0,14.0,677.5,0.0
2,6300,MAGNIFICENT_MACARONS,675.0,18.0,673.0,15.0,667.0,22.0,684.0,9.0,693.0,22.0,699.0,15.0,679.5,0.0
2,6400,MAGNIFICENT_MACARONS,675.0,14.0,673.0,18.0,667.0,23.0,684.0,7.0,693.0,23.0,699.0,18.0,679.5,0.0
2,6500,MAGNIFICENT_MACARONS,674.0,18.0,672.0,13.0,666.0,24.0,683.0,9.0,692.0,24.0,698.0,13.0,678.5,0.0
2,6600,MAGNIFICENT_MACARONS,673.0,20.0,670.0,13.0,664.0,25.0,682.0,10.0,691.0,25.0,697.0,13.0,677.5,0.0
2,6700,MAGNIFICENT_MACARONS,673.0,18.0,671.0,13.0,665.0,29.0,682.0,9.0,691.0,29.0,697.0,13.0,677.5,0.0
2,6800,MAGNIFICENT_MACARONS,675.0,10.0,672.0,15.0,666.0,30.0,684.0,5.0,693.0,30.0,699.0,15.0,679.5,0.0
2,6900,MAGNIFICENT_MACARONS,679.0,10.0,677.0,14.0,671.0,22.0,688.0,5.0,697.0,22.0,703.0,14.0,683.5,0.0
2,7000,MAGNIFICENT_MACARONS,675.0,20.0,672.0,16.0,666.0,22.0,684.0,10.0,693.0,22.0,699.0,16.0,679.5,0.0
2,7100,MAGNIFICENT_MACARONS,673.0,12.0,671.0,18.0,665.0,25.0,682.0,6.0,691.0,25.0,697.0,18.0,677.5,0.0
2,7200,MAGNIFICENT_MACARONS,670.0,16.0,668.0,10.0,662.0,20.0,679.0,8.0,688.0,20.0,694.0,10.0,674.5,0.0
2,7300,MAGNIFICENT_MACARONS,665.0,16.0,662.0,15.0,656.0,21.0,674.0,8.0,683.0,21.0,689.0,15.0,669.5,0.0
2,7400,MAGNIFICENT_MACARONS,662.0,20.0,659.0,10.0,653.0,26.0,671.0,10.0,680.0,26.0,686.0,10.0,666.5,0.0
2,7500,MAGNIFICENT_MACARONS,664.0,16.0,662.0,11.0,656.0,21.0,673.0,8.0,682.0,21.0,688.0,11.0,668.5,0.0
2,7600,MAGNIFICENT_MACARONS,663.0,18.0,661.0,14.0,655.0,30.0,672.0,9.0,681.0,30.0,687.0,14.0,667.5,0.0
2,7700,MAGNIFICENT_MACARONS,662.0,14.0,660.0,12.0,654.0,25.0,671.0,7.0,680.0,25.0,686.0,12.0,666.5,0.0
2,7800,MAGNIFICENT_MACARONS,661.0,16.0,659.0,11.0,653.0,22.0,670.0,8.0,679.0,22.0,685.0,11.0,665.5,0.0
2,7900,MAGNIFICENT_MACARONS,661.0,12.0,658.0,12.0,652.0,23.0,670.0,6.0,679.0,23.0,685.0,12.0,665.5,0.0
2,8000,MAGNIFICENT_MACARONS,667.0,2.0,661.0,18.0,659.0,17.0,670.0,9.0,679.0,22.0,685.0,17.0,668.5,0.0
2,8100,MAGNIFICENT_MACARONS,659.0,12.0,656.0,11.0,650.0,30.0,668.0,6.0,677.0,30.0,683.0,11.0,663.5,0.0
2,8200,MAGNIFICENT_MACARONS,658.0,10.0,655.0,14.0,649.0,24.0,667.0,5.0,676.0,24.0,682.0,14.0,662.5,0.0
2,8300,MAGNIFICENT_MACARONS,655.0,12.0,653.0,14.0,647.0,23.0,664.0,6.0,673.0,23.0,679.0,14.0,659.5,0.0
2,8400,MAGNIFICENT_MACARONS,655.0,18.0,652.0,14.0,646.0,23.0,664.0,9.0,673.0,23.0,679.0,14.0,659.5,0.0
2,8500,MAGNIFICENT_MACARONS,649.0,14.0,647.0,11.0,641.0,21.0,658.0,7.0,667.0,21.0,673.0,11.0,653.5,0.0
2,8600,MAGNIFICENT_MACARONS,649.0,16.0,647.0,14.0,641.0,24.0,658.0,8.0,667.0,24.0,673.0,14.0,653.5,0.0
2,8700,MAGNIFICENT_MACARONS,645.0,14.0,643.0,14.0,637.0,30.0,654.0,7.0,663.0,30.0,669.0,14.0,649.5,0.0
2,8800,MAGNIFICENT_MACARONS,648.0,16.0,645.0,14.0,639.0,22.0,657.0,8.0,666.0,22.0,672.0,14.0,652.5,0.0
2,8900,MAGNIFICENT_MACARONS,646.0,18.0,643.0,12.0,637.0,27.0,655.0,9.0,664.0,27.0,670.0,12.0,650.5,0.0
2,9000,MAGNIFICENT_MACARONS,647.0,14.0,644.0,20.0,638.0,20.0,656.0,7.0,665.0,20.0,671.0,20.0,651.5,0.0
2,9100,MAGNIFICENT_MACARONS,647.0,10.0,644.0,13.0,638.0,25.0,651.0,9.0,655.0,5.0,665.0,25.0,649.0,0.0
2,9200,MAGNIFICENT_MACARONS,651.0,18.0,648.0,17.0,642.0,21.0,660.0,9.0,669.0,21.0,675.0,17.0,655.5,0.0
2,9300,MAGNIFICENT_MACARONS,652.0,16.0,649.0,12.0,643.0,23.0,661.0,8.0,670.0,23.0,676.0,12.0,656.5,0.0
2,9400,MAGNIFICENT_MACARONS,652.0,18.0,649.0,10.0,643.0,30.0,661.0,9.0,670.0,30.0,676.0,10.0,656.5,0.0
2,9500,MAGNIFICENT_MACARONS,652.0,16.0,650.0,13.0,644.0,27.0,661.0,8.0,670.0,27.0,676.0,13.0,656.5,0.0
2,9600,MAGNIFICENT_MACARONS,648.0,20.0,645.0,10.0,639.0,30.0,657.0,10.0,666.0,30.0,672.0,10.0,652.5,0.0
2,9700,MAGNIFICENT_MACARONS,646.0,10.0,643.0,19.0,637.0,26.0,655.0,5.0,664.0,26.0,670.0,19.0,650.5,0.0
2,9800,MAGNIFICENT_MACARONS,645.0,20.0,643.0,10.0,637.0,29.0,654.0,10.0,663.0,29.0,669.0,10.0,649.5,0.0
2,9900,MAGNIFICENT_MACARONS,647.0,5.0,643.0,10.0,641.0,20.0,652.0,5.0,661.0,29.0,667.0,20.0,649.5,0.0
2,10000,MAGNIFICENT_MACARONS,644.0,20.0,642.0,14.0,636.0,23.0,653.0,10.0,662.0,23.0,668.0,14.0,648.5,0.0
2,10100,MAGNIFICENT_MACARONS,642.0,14.0,639.0,12.0,633.0,22.0,651.0,7.0,660.0,22.0,666.0,12.0,646.5,0.0
2,10200,MAGNIFICENT_MACARONS,642.0,10.0,639.0,20.0,633.0,23.0,650.0,5.0,660.0,23.0,666.0,20.0,646.0,0.0
2,10300,MAGNIFICENT_MACARONS,643.0,16.0,641.0,18.0,635.0,21.0,652.0,8.0,661.0,21.0,667.0,18.0,647.5,0.0
2,10400,MAGNIFICENT_MACARONS,644.0,14.0,642.0,18.0,636.0,21.0,653.0,7.0,662.0,21.0,668.0,18.0,648.5,0.0
2,10500,MAGNIFICENT_MACARONS,642.0,10.0,639.0,20.0,633.0,29.0,651.0,5.0,660.0,29.0,666.0,20.0,646.5,0.0
2,10600,MAGNIFICENT_MACARONS,644.0,16.0,642.0,19.0,636.0,26.0,653.0,8.0,662.0,26.0,668.0,19.0,648.5,0.0
2,10700,MAGNIFICENT_MACARONS,642.0,16.0,640.0,12.0,634.0,21.0,651.0,8.0,660.0,21.0,666.0,12.0,646.5,0.0
2,10800,MAGNIFICENT_MACARONS,642.0,12.0,639.0,18.0,633.0,23.0,651.0,6.0,660.0,23.0,666.0,18.0,646.5,0.0
2,10900,MAGNIFICENT_MACARONS,638.0,20.0,636.0,12.0,630.0,30.0,647.0,10.0,656.0,30.0,662.0,12.0,642.5,0.0
2,11000,MAGNIFICENT_MACARONS,637.0,16.0,634.0,10.0,628.0,24.0,646.0,8.0,655.0,24.0,661.0,10.0,641.5,0.0
2,11100,MAGNIFICENT_MACARONS,637.0,20.0,634.0,14.0,628.0,25.0,646.0,10.0,655.0,25.0,661.0,14.0,641.5,0.0
2,11200,MAGNIFICENT_MACARONS,633.0,20.0,631.0,20.0,625.0,26.0,642.0,10.0,651.0,26.0,657.0,20.0,637.5,0.0
2,11300,MAGNIFICENT_MACARONS,631.0,20.0,628.0,13.0,622.0,29.0,640.0,10.0,649.0,29.0,655.0,13.0,635.5,0.0
2,11400,MAGNIFICENT_MACARONS,629.0,10.0,627.0,12.0,621.0,22.0,638.0,5.0,647.0,22.0,653.0,12.0,633.5,0.0
2,11500,MAGNIFICENT_MACARONS,630.0,20.0,627.0,16.0,621.0,27.0,639.0,10.0,648.0,27.0,654.0,16.0,634.5,0.0
2,11600,MAGNIFICENT_MACARONS,627.0,12.0,625.0,17.0,619.0,30.0,636.0,6.0,645.0,30.0,651.0,17.0,631.5,0.0
2,11700,MAGNIFICENT_MACARONS,631.0,14.0,629.0,15.0,623.0,22.0,640.0,7.0,649.0,22.0,655.0,15.0,635.5,0.0
2,11800,MAGNIFICENT_MACARONS,630.0,14.0,628.0,11.0,622.0,25.0,639.0,7.0,648.0,25.0,654.0,11.0,634.5,0.0
2,11900,MAGNIFICENT_MACARONS,628.0,20.0,626.0,12.0,620.0,20.0,637.0,10.0,646.0,20.0,652.0,12.0,632.5,0.0
2,12000,MAGNIFICENT_MACARONS,626.0,10.0,624.0,11.0,618.0,22.0,635.0,5.0,644.0,22.0,650.0,11.0,630.5,0.0
2,12100,MAGNIFICENT_MACARONS,625.0,16.0,622.0,11.0,616.0,24.0,630.0,5.0,634.0,8.0,643.0,24.0,627.5,0.0
2,12200,MAGNIFICENT_MACARONS,625.0,14.0,622.0,12.0,616.0,24.0,634.0,7.0,643.0,24.0,649.0,12.0,629.5,0.0
2,12300,MAGNIFICENT_MACARONS,622.0,10.0,620.0,11.0,614.0,20.0,631.0,5.0,640.0,20.0,646.0,11.0,626.5,0.0
2,12400,MAGNIFICENT_MACARONS,618.0,20.0,615.0,20.0,609.0,28.0,627.0,10.0,636.0,28.0,642.0,20.0,622.5,0.0
2,12500,MAGNIFICENT_MACARONS,615.0,10.0,612.0,18.0,606.0,22.0,624.0,5.0,633.0,22.0,639.0,18.0,619.5,0.0
2,12600,MAGNIFICENT_MACARONS,619.0,10.0,617.0,10.0,611.0,28.0,628.0,5.0,637.0,28.0,643.0,10.0,623.5,0.0
2,12700,MAGNIFICENT_MACARONS,620.0,16.0,617.0,14.0,611.0,23.0,625.0,7.0,629.0,8.0,638.0,23.0,622.5,0.0
2,12800,MAGNIFICENT_MACARONS,619.0,18.0,616.0,19.0,610.0,23.0,628.0,9.0,637.0,23.0,643.0,19.0,623.5,0.0
2,12900,MAGNIFICENT_MACARONS,620.0,16.0,618.0,20.0,612.0,29.0,629.0,8.0,638.0,29.0,644.0,20.0,624.5,0.0
2,13000,MAGNIFICENT_MACARONS,622.0,14.0,619.0,18.0,613.0,25.0,631.0,7.0,640.0,25.0,646.0,18.0,626.5,0.0
2,13100,MAGNIFICENT_MACARONS,626.0,10.0,624.0,14.0,618.0,24.0,635.0,5.0,644.0,24.0,650.0,14.0,630.5,0.0
2,13200,MAGNIFICENT_MACARONS,632.0,12.0,629.0,17.0,623.0,20.0,641.0,6.0,650.0,20.0,656.0,17.0,636.5,0.0
2,13300,MAGNIFICENT_MACARONS,635.0,18.0,632.0,20.0,626.0,29.0,644.0,9.0,653.0,29.0,659.0,20.0,639.5,0.0
2,13400,MAGNIFICENT_MACARONS,634.0,14.0,631.0,18.0,625.0,29.0,643.0,7.0,652.0,29.0,658.0,18.0,638.5,0.0
2,13500,MAGNIFICENT_MACARONS,634.0,12.0,631.0,19.0,625.0,21.0,643.0,6.0,652.0,21.0,658.0,19.0,638.5,0.0
2,13600,MAGNIFICENT_MACARONS,632.0,14.0,630.0,13.0,624.0,30.0,641.0,7.0,650.0,30.0,656.0,13.0,636.5,0.0
2,13700,MAGNIFICENT_MACARONS,631.0,16.0,628.0,20.0,622.0,29.0,640.0,8.0,649.0,29.0,655.0,20.0,635.5,0.0
2,13800,MAGNIFICENT_MACARONS,630.0,12.0,627.0,15.0,621.0,26.0,639.0,6.0,648.0,26.0,654.0,15.0,634.5,0.0
2,13900,MAGNIFICENT_MACARONS,629.0,12.0,626.0,20.0,620.0,20.0,638.0,6.0,647.0,20.0,653.0,20.0,633.5,0.0
2,14000,MAGNIFICENT_MACARONS,628.0,14.0,626.0,15.0,620.0,28.0,637.0,7.0,646.0,28.0,652.0,15.0,632.5,0.0
2,14100,MAGNIFICENT_MACARONS,630.0,20.0,628.0,13.0,622.0,27.0,639.0,10.0,648.0,27.0,654.0,13.0,634.5,0.0
2,14200,MAGNIFICENT_MACARONS,633.0,18.0,630.0,15.0,624.0,26.0,642.0,9.0,651.0,26.0,657.0,15.0,637.5,0.0
2,14300,MAGNIFICENT_MACARONS,634.0,12.0,632.0,12.0,626.0,30.0,643.0,6.0,652.0,30.0,658.0,12.0,638.5,0.0
2,14400,MAGNIFICENT_MACARONS,632.0,10.0,630.0,18.0,624.0,26.0,641.0,5.0,650.0,26.0,656.0,18.0,636.5,0.0
2,14500,MAGNIFICENT_MACARONS,634.0,20.0,632.0,14.0,626.0,20.0,643.0,10.0,652.0,20.0,658.0,14.0,638.5,0.0
2,14600,MAGNIFICENT_MACARONS,635.0,14.0,632.0,12.0,626.0,22.0,644.0,7.0,653.0,22.0,659.0,12.0,639.5,0.0
2,14700,MAGNIFICENT_MACARONS,634.0,18.0,631.0,13.0,625.0,26.0,643.0,9.0,652.0,26.0,658.0,13.0,638.5,0.0
2,14800,MAGNIFICENT_MACARONS,634.0,12.0,631.0,15.0,625.0,23.0,643.0,6.0,652.0,23.0,658.0,15.0,638.5,0.0
2,14900,MAGNIFICENT_MACARONS,636.0,8.0,632.0,14.0,630.0,20.0,641.0,7.0,650.0,20.0,656.0,20.0,638.5,0.0
2,15000,MAGNIFICENT_MACARONS,635.0,18.0,633.0,17.0,627.0,25.0,644.0,9.0,653.0,25.0,659.0,17.0,639.5,0.0
2,15100,MAGNIFICENT_MACARONS,635.0,20.0,632.0,16.0,626.0,26.0,644.0,10.0,653.0,26.0,659.0,16.0,639.5,0.0
2,15200,MAGNIFICENT_MACARONS,636.0,12.0,634.0,14.0,628.0,25.0,645.0,6.0,654.0,25.0,660.0,14.0,640.5,0.0
2,15300,MAGNIFICENT_MACARONS,639.0,10.0,636.0,17.0,630.0,24.0,648.0,5.0,657.0,24.0,663.0,17.0,643.5,0.0
2,15400,MAGNIFICENT_MACARONS,636.0,20.0,634.0,19.0,627.0,23.0,645.0,10.0,654.0,23.0,661.0,19.0,640.5,0.0
2,15500,MAGNIFICENT_MACARONS,644.0,4.0,639.0,16.0,636.0,15.0,648.0,8.0,657.0,22.0,663.0,15.0,646.0,0.0
2,15600,MAGNIFICENT_MACARONS,638.0,12.0,635.0,18.0,629.0,23.0,647.0,6.0,656.0,23.0,662.0,18.0,642.5,0.0
2,15700,MAGNIFICENT_MACARONS,640.0,10.0,637.0,10.0,631.0,20.0,649.0,5.0,658.0,20.0,664.0,10.0,644.5,0.0
2,15800,MAGNIFICENT_MACARONS,643.0,16.0,641.0,18.0,634.0,23.0,652.0,8.0,661.0,23.0,668.0,18.0,647.5,0.0
2,15900,MAGNIFICENT_MACARONS,640.0,10.0,637.0,12.0,631.0,30.0,643.0,5.0,649.0,5.0,658.0,30.0,641.5,0.0
2,16000,MAGNIFICENT_MACARONS,642.0,12.0,640.0,16.0,633.0,23.0,651.0,6.0,660.0,23.0,667.0,16.0,646.5,0.0
2,16100,MAGNIFICENT_MACARONS,642.0,16.0,640.0,11.0,633.0,25.0,651.0,8.0,660.0,25.0,667.0,11.0,646.5,0.0
2,16200,MAGNIFICENT_MACARONS,646.0,12.0,644.0,10.0,637.0,21.0,655.0,6.0,664.0,21.0,671.0,10.0,650.5,0.0
2,16300,MAGNIFICENT_MACARONS,647.0,16.0,645.0,19.0,638.0,22.0,656.0,8.0,665.0,22.0,672.0,19.0,651.5,0.0
2,16400,MAGNIFICENT_MACARONS,650.0,14.0,648.0,19.0,641.0,26.0,659.0,7.0,668.0,26.0,675.0,19.0,654.5,0.0
2,16500,MAGNIFICENT_MACARONS,658.0,8.0,654.0,20.0,652.0,15.0,663.0,10.0,672.0,22.0,679.0,15.0,660.5,0.0
2,16600,MAGNIFICENT_MACARONS,649.0,16.0,647.0,10.0,640.0,27.0,653.0,3.0,658.0,8.0,667.0,27.0,651.0,0.0
2,16700,MAGNIFICENT_MACARONS,646.0,10.0,643.0,13.0,637.0,30.0,655.0,5.0,664.0,30.0,670.0,13.0,650.5,0.0
2,16800,MAGNIFICENT_MACARONS,647.0,18.0,644.0,11.0,638.0,26.0,656.0,9.0,665.0,26.0,671.0,11.0,651.5,0.0
2,16900,MAGNIFICENT_MACARONS,647.0,16.0,644.0,19.0,638.0,23.0,656.0,8.0,665.0,23.0,671.0,19.0,651.5,0.0
2,17000,MAGNIFICENT_MACARONS,651.0,12.0,649.0,13.0,642.0,27.0,660.0,6.0,669.0,27.0,676.0,13.0,655.5,0.0
2,17100,MAGNIFICENT_MACARONS,650.0,12.0,647.0,19.0,641.0,25.0,659.0,6.0,668.0,25.0,674.0,19.0,654.5,0.0
2,17200,MAGNIFICENT_MACARONS,647.0,18.0,645.0,19.0,638.0,24.0,656.0,9.0,665.0,24.0,672.0,19.0,651.5,0.0
2,17300,MAGNIFICENT_MACARONS,649.0,12.0,646.0,13.0,640.0,29.0,658.0,6.0,667.0,29.0,673.0,13.0,653.5,0.0
2,17400,MAGNIFICENT_MACARONS,651.0,18.0,648.0,11.0,642.0,21.0,660.0,9.0,669.0,21.0,675.0,11.0,655.5,0.0
2,17500,MAGNIFICENT_MACARONS,648.0,18.0,646.0,15.0,639.0,27.0,657.0,9.0,666.0,27.0,673.0,15.0,652.5,0.0
2,17600,MAGNIFICENT_MACARONS,653.0,16.0,650.0,15.0,644.0,25.0,662.0,8.0,671.0,25.0,677.0,15.0,657.5,0.0
2,17700,MAGNIFICENT_MACARONS,654.0,20.0,652.0,14.0,645.0,24.0,663.0,10.0,672.0,24.0,679.0,14.0,658.5,0.0
2,17800,MAGNIFICENT_MACARONS,655.0,20.0,652.0,13.0,646.0,23.0,664.0,10.0,673.0,23.0,679.0,13.0,659.5,0.0
2,17900,MAGNIFICENT_MACARONS,656.0,14.0,653.0,18.0,647.0,22.0,665.0,7.0,674.0,22.0,680.0,18.0,660.5,0.0
2,18000,MAGNIFICENT_MACARONS,653.0,12.0,650.0,10.0,644.0,23.0,662.0,6.0,671.0,23.0,677.0,10.0,657.5,0.0
2,18100,MAGNIFICENT_MACARONS,649.0,10.0,647.0,20.0,640.0,30.0,658.0,5.0,667.0,30.0,674.0,20.0,653.5,0.0
2,18200,MAGNIFICENT_MACARONS,647.0,12.0,644.0,15.0,638.0,28.0,656.0,6.0,665.0,28.0,671.0,15.0,651.5,0.0
2,18300,MAGNIFICENT_MACARONS,648.0,14.0,645.0,20.0,639.0,28.0,657.0,7.0,666.0,28.0,672.0,20.0,652.5,0.0
2,18400,MAGNIFICENT_MACARONS,648.0,18.0,645.0,19.0,639.0,22.0,657.0,9.0,666.0,22.0,672.0,19.0,652.5,0.0
2,18500,MAGNIFICENT_MACARONS,654.0,14.0,652.0,14.0,645.0,25.0,663.0,7.0,672.0,25.0,679.0,14.0,658.5,0.0
2,18600,MAGNIFICENT_MACARONS,652.0,10.0,649.0,18.0,643.0,25.0,661.0,5.0,670.0,25.0,676.0,18.0,656.5,0.0
2,18700,MAGNIFICENT_MACARONS,652.0,14.0,649.0,11.0,643.0,20.0,661.0,7.0,670.0,20.0,676.0,11.0,656.5,0.0
2,18800,MAGNIFICENT_MACARONS,652.0,18.0,649.0,15.0,643.0,29.0,661.0,9.0,670.0,29.0,676.0,15.0,656.5,0.0
2,18900,MAGNIFICENT_MACARONS,649.0,18.0,646.0,18.0,640.0,30.0,658.0,9.0,667.0,30.0,673.0,18.0,653.5,0.0
2,19000,MAGNIFICENT_MACARONS,652.0,18.0,650.0,18.0,643.0,27.0,661.0,9.0,670.0,27.0,677.0,18.0,656.5,0.0
2,19100,MAGNIFICENT_MACARONS,651.0,16.0,648.0,17.0,642.0,29.0,660.0,8.0,669.0,29.0,675.0,17.0,655.5,0.0
2,19200,MAGNIFICENT_MACARONS,649.0,20.0,647.0,16.0,640.0,23.0,658.0,10.0,667.0,23.0,674.0,16.0,653.5,0.0
2,19300,MAGNIFICENT_MACARONS,650.0,20.0,648.0,20.0,641.0,22.0,659.0,10.0,668.0,22.0,675.0,20.0,654.5,0.0
2,19400,MAGNIFICENT_MACARONS,650.0,14.0,647.0,20.0,641.0,24.0,659.0,7.0,668.0,24.0,674.0,20.0,654.5,0.0
2,19500,MAGNIFICENT_MACARONS,651.0,20.0,648.0,14.0,642.0,23.0,660.0,10.0,669.0,23.0,675.0,14.0,655.5,0.0
2,19600,MAGNIFICENT_MACARONS,647.0,14.0,645.0,17.0,638.0,26.0,656.0,7.0,665.0,26.0,672.0,17.0,651.5,0.0
2,19700,MAGNIFICENT_MACARONS,646.0,18.0,644.0,17.0,637.0,25.0,655.0,9.0,664.0,25.0,671.0,17.0,650.5,0.0
2,19800,MAGNIFICENT_MACARONS,644.0,10.0,641.0,16.0,635.0,29.0,653.0,5.0,662.0,29.0,668.0,16.0,648.5,0.0
2,19900,MAGNIFICENT_MACARONS,640.0,10.0,638.0,18.0,631.0,26.0,649.0,5.0,658.0,26.0,665.0,18.0,644.5,0.0
2,20000,MAGNIFICENT_MACARONS,640.0,12.0,638.0,16.0,631.0,21.0,649.0,6.0,658.0,21.0,665.0,16.0,644.5,0.0
2,20100,MAGNIFICENT_MACARONS,645.0,18.0,643.0,11.0,636.0,30.0,654.0,9.0,663.0,30.0,670.0,11.0,649.5,0.0
2,20200,MAGNIFICENT_MACARONS,653.0,9.0,649.0,12.0,646.0,10.0,658.0,6.0,667.0,26.0,673.0,10.0,655.5,0.0
2,20300,MAGNIFICENT_MACARONS,648.0,10.0,645.0,18.0,639.0,26.0,657.0,5.0,666.0,26.0,672.0,18.0,652.5,0.0
2,20400,MAGNIFICENT_MACARONS,645.0,18.0,643.0,19.0,636.0,27.0,654.0,9.0,663.0,27.0,670.0,19.0,649.5,0.0
2,20500,MAGNIFICENT_MACARONS,646.0,16.0,643.0,20.0,636.0,28.0,649.0,2.0,654.0,8.0,664.0,28.0,647.5,0.0
2,20600,MAGNIFICENT_MACARONS,648.0,16.0,646.0,17.0,639.0,25.0,657.0,8.0,666.0,25.0,673.0,17.0,652.5,0.0
2,20700,MAGNIFICENT_MACARONS,647.0,10.0,644.0,13.0,638.0,20.0,656.0,5.0,665.0,20.0,671.0,13.0,651.5,0.0
2,20800,MAGNIFICENT_MACARONS,649.0,14.0,646.0,18.0,640.0,23.0,658.0,7.0,667.0,23.0,673.0,18.0,653.5,0.0
2,20900,MAGNIFICENT_MACARONS,649.0,18.0,646.0,19.0,640.0,20.0,658.0,9.0,667.0,20.0,673.0,19.0,653.5,0.0
2,21000,MAGNIFICENT_MACARONS,651.0,18.0,649.0,13.0,642.0,21.0,660.0,9.0,669.0,21.0,676.0,13.0,655.5,0.0
2,21100,MAGNIFICENT_MACARONS,653.0,10.0,651.0,20.0,644.0,26.0,662.0,5.0,671.0,26.0,678.0,20.0,657.5,0.0
2,21200,MAGNIFICENT_MACARONS,653.0,20.0,650.0,18.0,644.0,25.0,662.0,10.0,671.0,25.0,678.0,18.0,657.5,0.0
2,21300,MAGNIFICENT_MACARONS,653.0,16.0,651.0,17.0,644.0,30.0,662.0,8.0,671.0,30.0,678.0,17.0,657.5,0.0
2,21400,MAGNIFICENT_MACARONS,653.0,18.0,650.0,20.0,644.0,24.0,662.0,9.0,671.0,24.0,678.0,20.0,657.5,0.0
2,21500,MAGNIFICENT_MACARONS,653.0,18.0,651.0,20.0,644.0,29.0,662.0,9.0,671.0,29.0,678.0,20.0,657.5,0.0
2,21600,MAGNIFICENT_MACARONS,652.0,20.0,649.0,14.0,643.0,27.0,661.0,10.0,670.0,27.0,676.0,14.0,656.5,0.0
2,21700,MAGNIFICENT_MACARONS,650.0,18.0,647.0,18.0,641.0,27.0,659.0,9.0,668.0,27.0,674.0,18.0,654.5,0.0
2,21800,MAGNIFICENT_MACARONS,651.0,14.0,649.0,16.0,642.0,23.0,660.0,7.0,669.0,23.0,676.0,16.0,655.5,0.0
2,21900,MAGNIFICENT_MACARONS,648.0,12.0,646.0,17.0,639.0,29.0,657.0,6.0,666.0,29.0,673.0,17.0,652.5,0.0
2,22000,MAGNIFICENT_MACARONS,647.0,12.0,645.0,13.0,638.0,27.0,656.0,6.0,665.0,27.0,672.0,13.0,651.5,0.0
2,22100,MAGNIFICENT_MACARONS,645.0,20.0,643.0,14.0,636.0,29.0,654.0,10.0,663.0,29.0,670.0,14.0,649.5,0.0
2,22200,MAGNIFICENT_MACARONS,643.0,10.0,641.0,11.0,634.0,28.0,652.0,5.0,661.0,28.0,668.0,11.0,647.5,0.0
2,22300,MAGNIFICENT_MACARONS,639.0,18.0,637.0,10.0,630.0,28.0,648.0,9.0,657.0,28.0,664.0,10.0,643.5,0.0
2,22400,MAGNIFICENT_MACARONS,642.0,12.0,639.0,13.0,633.0,26.0,651.0,6.0,660.0,26.0,666.0,13.0,646.5,0.0
2,22500,MAGNIFICENT_MACARONS,643.0,14.0,641.0,12.0,634.0,27.0,652.0,7.0,661.0,27.0,668.0,12.0,647.5,0.0
2,22600,MAGNIFICENT_MACARONS,645.0,16.0,642.0,15.0,636.0,28.0,654.0,8.0,663.0,28.0,669.0,15.0,649.5,0.0
2,22700,MAGNIFICENT_MACARONS,640.0,20.0,638.0,15.0,631.0,30.0,649.0,10.0,658.0,30.0,665.0,15.0,644.5,0.0
2,22800,MAGNIFICENT_MACARONS,640.0,14.0,637.0,17.0,631.0,25.0,649.0,7.0,658.0,25.0,665.0,17.0,644.5,0.0
2,22900,MAGNIFICENT_MACARONS,638.0,12.0,636.0,14.0,629.0,26.0,647.0,6.0,656.0,26.0,663.0,14.0,642.5,0.0
2,23000,MAGNIFICENT_MACARONS,638.0,20.0,635.0,16.0,629.0,22.0,647.0,10.0,656.0,22.0,663.0,16.0,642.5,0.0
2,23100,MAGNIFICENT_MACARONS,636.0,12.0,634.0,18.0,627.0,29.0,645.0,6.0,654.0,29.0,661.0,18.0,640.5,0.0
2,23200,MAGNIFICENT_MACARONS,640.0,12.0,638.0,20.0,631.0,27.0,649.0,6.0,658.0,27.0,665.0,20.0,644.5,0.0
2,23300,MAGNIFICENT_MACARONS,642.0,16.0,640.0,14.0,633.0,26.0,651.0,8.0,660.0,26.0,667.0,14.0,646.5,0.0
2,23400,MAGNIFICENT_MACARONS,642.0,14.0,640.0,13.0,633.0,28.0,651.0,7.0,660.0,28.0,667.0,13.0,646.5,0.0
2,23500,MAGNIFICENT_MACARONS,640.0,18.0,638.0,14.0,631.0,28.0,649.0,9.0,658.0,28.0,665.0,14.0,644.5,0.0
2,23600,MAGNIFICENT_MACARONS,638.0,16.0,635.0,19.0,629.0,21.0,647.0,8.0,656.0,21.0,662.0,19.0,642.5,0.0
2,23700,MAGNIFICENT_MACARONS,640.0,12.0,637.0,12.0,631.0,30.0,649.0,6.0,658.0,30.0,664.0,12.0,644.5,0.0
2,23800,MAGNIFICENT_MACARONS,644.0,14.0,642.0,16.0,635.0,27.0,653.0,7.0,662.0,27.0,669.0,16.0,648.5,0.0
2,23900,MAGNIFICENT_MACARONS,642.0,12.0,640.0,15.0,633.0,29.0,651.0,6.0,660.0,29.0,667.0,15.0,646.5,0.0
2,24000,MAGNIFICENT_MACARONS,643.0,20.0,640.0,14.0,634.0,23.0,652.0,10.0,661.0,23.0,667.0,14.0,647.5,0.0
2,24100,MAGNIFICENT_MACARONS,643.0,16.0,640.0,19.0,633.0,23.0,651.0,8.0,661.0,23.0,667.0,19.0,647.0,0.0
2,24200,MAGNIFICENT_MACARONS,639.0,12.0,636.0,14.0,630.0,30.0,648.0,6.0,657.0,30.0,663.0,14.0,643.5,0.0
2,24300,MAGNIFICENT_MACARONS,641.0,6.0,637.0,16.0,634.0,11.0,646.0,8.0,655.0,30.0,661.0,11.0,643.5,0.0
2,24400,MAGNIFICENT_MACARONS,634.0,18.0,632.0,14.0,625.0,20.0,643.0,9.0,652.0,20.0,659.0,14.0,638.5,0.0
2,24500,MAGNIFICENT_MACARONS,635.0,20.0,632.0,20.0,626.0,24.0,644.0,10.0,653.0,24.0,659.0,20.0,639.5,0.0
2,24600,MAGNIFICENT_MACARONS,636.0,10.0,634.0,16.0,627.0,23.0,641.0,5.0,645.0,5.0,654.0,23.0,638.5,0.0
2,24700,MAGNIFICENT_MACARONS,640.0,20.0,637.0,15.0,631.0,22.0,649.0,10.0,658.0,22.0,664.0,15.0,644.5,0.0
2,24800,MAGNIFICENT_MACARONS,642.0,14.0,639.0,15.0,633.0,20.0,651.0,7.0,660.0,20.0,666.0,15.0,646.5,0.0
2,24900,MAGNIFICENT_MACARONS,647.0,5.0,643.0,16.0,640.0,19.0,652.0,8.0,661.0,28.0,667.0,19.0,649.5,0.0
2,25000,MAGNIFICENT_MACARONS,642.0,16.0,639.0,14.0,633.0,25.0,651.0,8.0,660.0,25.0,666.0,14.0,646.5,0.0
2,25100,MAGNIFICENT_MACARONS,644.0,16.0,641.0,10.0,635.0,30.0,653.0,8.0,662.0,30.0,668.0,10.0,648.5,0.0
2,25200,MAGNIFICENT_MACARONS,647.0,10.0,645.0,18.0,638.0,24.0,656.0,5.0,665.0,24.0,672.0,18.0,651.5,0.0
2,25300,MAGNIFICENT_MACARONS,649.0,10.0,646.0,16.0,640.0,28.0,658.0,5.0,667.0,28.0,673.0,16.0,653.5,0.0
2,25400,MAGNIFICENT_MACARONS,656.0,14.0,654.0,20.0,647.0,28.0,665.0,7.0,674.0,28.0,681.0,20.0,660.5,0.0
2,25500,MAGNIFICENT_MACARONS,656.0,12.0,653.0,16.0,647.0,22.0,665.0,6.0,674.0,22.0,681.0,16.0,660.5,0.0
2,25600,MAGNIFICENT_MACARONS,652.0,12.0,649.0,10.0,643.0,24.0,661.0,6.0,670.0,24.0,676.0,10.0,656.5,0.0
2,25700,MAGNIFICENT_MACARONS,652.0,18.0,650.0,19.0,643.0,21.0,661.0,9.0,670.0,21.0,677.0,19.0,656.5,0.0
2,25800,MAGNIFICENT_MACARONS,646.0,12.0,644.0,12.0,637.0,20.0,655.0,6.0,664.0,20.0,671.0,12.0,650.5,0.0
2,25900,MAGNIFICENT_MACARONS,642.0,14.0,639.0,14.0,633.0,30.0,651.0,7.0,660.0,30.0,666.0,14.0,646.5,0.0
2,26000,MAGNIFICENT_MACARONS,641.0,12.0,638.0,16.0,632.0,21.0,650.0,6.0,659.0,21.0,665.0,16.0,645.5,0.0
2,26100,MAGNIFICENT_MACARONS,641.0,16.0,638.0,18.0,632.0,28.0,650.0,8.0,659.0,28.0,665.0,18.0,645.5,0.0
2,26200,MAGNIFICENT_MACARONS,642.0,14.0,640.0,15.0,633.0,30.0,651.0,7.0,660.0,30.0,667.0,15.0,646.5,0.0
2,26300,MAGNIFICENT_MACARONS,641.0,10.0,638.0,10.0,632.0,22.0,650.0,5.0,659.0,22.0,665.0,10.0,645.5,0.0
2,26400,MAGNIFICENT_MACARONS,642.0,14.0,639.0,17.0,633.0,23.0,651.0,7.0,660.0,23.0,666.0,17.0,646.5,0.0
2,26500,MAGNIFICENT_MACARONS,647.0,20.0,644.0,20.0,638.0,27.0,656.0,10.0,665.0,27.0,671.0,20.0,651.5,0.0
2,26600,MAGNIFICENT_MACARONS,651.0,20.0,648.0,16.0,642.0,27.0,660.0,10.0,669.0,27.0,675.0,16.0,655.5,0.0
2,26700,MAGNIFICENT_MACARONS,650.0,18.0,647.0,14.0,641.0,24.0,659.0,9.0,668.0,24.0,674.0,14.0,654.5,0.0
2,26800,MAGNIFICENT_MACARONS,652.0,10.0,650.0,19.0,643.0,24.0,661.0,5.0,670.0,24.0,677.0,19.0,656.5,0.0
2,26900,MAGNIFICENT_MACARONS,655.0,16.0,653.0,12.0,646.0,30.0,664.0,8.0,673.0,30.0,680.0,12.0,659.5,0.0
2,27000,MAGNIFICENT_MACARONS,657.0,20.0,654.0,11.0,648.0,26.0,666.0,10.0,675.0,26.0,681.0,11.0,661.5,0.0
2,27100,MAGNIFICENT_MACARONS,656.0,18.0,654.0,19.0,647.0,21.0,665.0,9.0,674.0,21.0,681.0,19.0,660.5,0.0
2,27200,MAGNIFICENT_MACARONS,655.0,20.0,652.0,14.0,646.0,22.0,664.0,10.0,673.0,22.0,679.0,14.0,659.5,0.0
2,27300,MAGNIFICENT_MACARONS,656.0,20.0,654.0,17.0,647.0,26.0,665.0,10.0,674.0,26.0,681.0,17.0,660.5,0.0
2,27400,MAGNIFICENT_MACARONS,656.0,14.0,654.0,11.0,647.0,27.0,665.0,7.0,674.0,27.0,681.0,11.0,660.5,0.0
2,27500,MAGNIFICENT_MACARONS,659.0,20.0,656.0,10.0,650.0,26.0,668.0,10.0,677.0,26.0,683.0,10.0,663.5,0.0
2,27600,MAGNIFICENT_MACARONS,659.0,14.0,656.0,15.0,650.0,25.0,668.0,7.0,677.0,25.0,683.0,15.0,663.5,0.0
2,27700,MAGNIFICENT_MACARONS,661.0,10.0,658.0,20.0,652.0,22.0,670.0,5.0,679.0,22.0,685.0,20.0,665.5,0.0
2,27800,MAGNIFICENT_MACARONS,660.0,20.0,658.0,19.0,651.0,22.0,669.0,10.0,678.0,22.0,685.0,19.0,664.5,0.0
2,27900,MAGNIFICENT_MACARONS,661.0,20.0,659.0,18.0,652.0,22.0,670.0,10.0,679.0,22.0,686.0,18.0,665.5,0.0
2,28000,MAGNIFICENT_MACARONS,664.0,20.0,662.0,18.0,655.0,26.0,673.0,10.0,682.0,26.0,689.0,18.0,668.5,0.0
2,28100,MAGNIFICENT_MACARONS,658.0,16.0,656.0,12.0,649.0,22.0,667.0,8.0,676.0,22.0,683.0,12.0,662.5,0.0
2,28200,MAGNIFICENT_MACARONS,663.0,10.0,660.0,17.0,654.0,23.0,672.0,5.0,681.0,23.0,687.0,17.0,667.5,0.0
2,28300,MAGNIFICENT_MACARONS,661.0,12.0,658.0,15.0,652.0,21.0,670.0,6.0,679.0,21.0,685.0,15.0,665.5,0.0
2,28400,MAGNIFICENT_MACARONS,666.0,10.0,663.0,14.0,657.0,21.0,675.0,5.0,684.0,21.0,690.0,14.0,670.5,0.0
2,28500,MAGNIFICENT_MACARONS,668.0,14.0,665.0,13.0,659.0,26.0,677.0,7.0,686.0,26.0,692.0,13.0,672.5,0.0
2,28600,MAGNIFICENT_MACARONS,672.0,20.0,669.0,14.0,663.0,28.0,681.0,10.0,690.0,28.0,696.0,14.0,676.5,0.0
2,28700,MAGNIFICENT_MACARONS,670.0,16.0,667.0,14.0,661.0,27.0,679.0,8.0,688.0,27.0,694.0,14.0,674.5,0.0
2,28800,MAGNIFICENT_MACARONS,675.0,20.0,672.0,18.0,666.0,30.0,684.0,10.0,693.0,30.0,699.0,18.0,679.5,0.0
2,28900,MAGNIFICENT_MACARONS,674.0,20.0,672.0,12.0,665.0,23.0,683.0,10.0,692.0,23.0,699.0,12.0,678.5,0.0
2,29000,MAGNIFICENT_MACARONS,670.0,16.0,667.0,14.0,661.0,25.0,679.0,8.0,688.0,25.0,694.0,14.0,674.5,0.0
2,29100,MAGNIFICENT_MACARONS,675.0,3.0,670.0,16.0,667.0,11.0,679.0,8.0,688.0,30.0,694.0,11.0,677.0,0.0
2,29200,MAGNIFICENT_MACARONS,669.0,16.0,666.0,17.0,660.0,20.0,678.0,8.0,687.0,20.0,693.0,17.0,673.5,0.0
2,29300,MAGNIFICENT_MACARONS,670.0,20.0,668.0,12.0,661.0,21.0,679.0,10.0,688.0,21.0,695.0,12.0,674.5,0.0
2,29400,MAGNIFICENT_MACARONS,669.0,16.0,667.0,12.0,660.0,24.0,678.0,8.0,687.0,24.0,694.0,12.0,673.5,0.0
2,29500,MAGNIFICENT_MACARONS,672.0,12.0,670.0,11.0,663.0,23.0,681.0,6.0,690.0,23.0,697.0,11.0,676.5,0.0
2,29600,MAGNIFICENT_MACARONS,670.0,18.0,668.0,16.0,661.0,27.0,679.0,9.0,688.0,27.0,695.0,16.0,674.5,0.0
2,29700,MAGNIFICENT_MACARONS,668.0,20.0,666.0,13.0,659.0,29.0,677.0,10.0,686.0,29.0,693.0,13.0,672.5,0.0
2,29800,MAGNIFICENT_MACARONS,671.0,18.0,669.0,11.0,662.0,23.0,680.0,9.0,689.0,23.0,696.0,11.0,675.5,0.0
2,29900,MAGNIFICENT_MACARONS,672.0,16.0,669.0,18.0,663.0,25.0,681.0,8.0,690.0,25.0,696.0,18.0,676.5,0.0
2,30000,MAGNIFICENT_MACARONS,665.0,14.0,663.0,12.0,656.0,26.0,674.0,7.0,683.0,26.0,690.0,12.0,669.5,0.0
2,30100,MAGNIFICENT_MACARONS,665.0,14.0,663.0,16.0,656.0,28.0,674.0,7.0,683.0,28.0,690.0,16.0,669.5,0.0
2,30200,MAGNIFICENT_MACARONS,664.0,18.0,662.0,17.0,655.0,24.0,673.0,9.0,682.0,24.0,689.0,17.0,668.5,0.0
2,30300,MAGNIFICENT_MACARONS,665.0,12.0,662.0,10.0,656.0,23.0,674.0,6.0,683.0,23.0,689.0,10.0,669.5,0.0
2,30400,MAGNIFICENT_MACARONS,665.0,16.0,662.0,12.0,656.0,24.0,674.0,8.0,683.0,24.0,689.0,12.0,669.5,0.0
2,30500,MAGNIFICENT_MACARONS,662.0,12.0,660.0,14.0,653.0,20.0,671.0,6.0,680.0,20.0,687.0,14.0,666.5,0.0
2,30600,MAGNIFICENT_MACARONS,660.0,14.0,657.0,19.0,651.0,25.0,669.0,7.0,678.0,25.0,684.0,19.0,664.5,0.0
2,30700,MAGNIFICENT_MACARONS,664.0,12.0,661.0,12.0,655.0,24.0,673.0,6.0,682.0,24.0,688.0,12.0,668.5,0.0
2,30800,MAGNIFICENT_MACARONS,666.0,10.0,663.0,15.0,657.0,29.0,675.0,5.0,684.0,29.0,690.0,15.0,670.5,0.0
2,30900,MAGNIFICENT_MACARONS,666.0,14.0,664.0,10.0,657.0,24.0,675.0,7.0,684.0,24.0,691.0,10.0,670.5,0.0
2,31000,MAGNIFICENT_MACARONS,669.0,20.0,666.0,11.0,660.0,30.0,678.0,10.0,687.0,30.0,693.0,11.0,673.5,0.0
2,31100,MAGNIFICENT_MACARONS,670.0,12.0,668.0,16.0,661.0,26.0,679.0,6.0,688.0,26.0,695.0,16.0,674.5,0.0
2,31200,MAGNIFICENT_MACARONS,672.0,18.0,669.0,11.0,663.0,26.0,677.0,7.0,681.0,9.0,690.0,26.0,674.5,0.0
2,31300,MAGNIFICENT_MACARONS,672.0,16.0,669.0,13.0,663.0,26.0,681.0,8.0,690.0,26.0,696.0,13.0,676.5,0.0
2,31400,MAGNIFICENT_MACARONS,666.0,12.0,663.0,16.0,657.0,23.0,675.0,6.0,684.0,23.0,690.0,16.0,670.5,0.0
2,31500,MAGNIFICENT_MACARONS,664.0,12.0,662.0,12.0,655.0,26.0,673.0,6.0,682.0,26.0,689.0,12.0,668.5,0.0
2,31600,MAGNIFICENT_MACARONS,666.0,12.0,663.0,10.0,657.0,20.0,675.0,6.0,684.0,20.0,690.0,10.0,670.5,0.0
2,31700,MAGNIFICENT_MACARONS,665.0,20.0,662.0,17.0,656.0,20.0,674.0,10.0,683.0,20.0,689.0,17.0,669.5,0.0
2,31800,MAGNIFICENT_MACARONS,665.0,14.0,662.0,16.0,656.0,29.0,674.0,7.0,683.0,29.0,689.0,16.0,669.5,0.0
2,31900,MAGNIFICENT_MACARONS,660.0,18.0,658.0,20.0,651.0,27.0,669.0,9.0,678.0,27.0,685.0,20.0,664.5,0.0
2,32000,MAGNIFICENT_MACARONS,656.0,16.0,653.0,18.0,647.0,27.0,665.0,8.0,674.0,27.0,680.0,18.0,660.5,0.0
2,32100,MAGNIFICENT_MACARONS,655.0,16.0,653.0,15.0,646.0,20.0,664.0,8.0,673.0,20.0,680.0,15.0,659.5,0.0
2,32200,MAGNIFICENT_MACARONS,659.0,16.0,656.0,17.0,650.0,20.0,668.0,8.0,677.0,20.0,683.0,17.0,663.5,0.0
2,32300,MAGNIFICENT_MACARONS,658.0,10.0,655.0,19.0,649.0,27.0,667.0,5.0,676.0,27.0,682.0,19.0,662.5,0.0
2,32400,MAGNIFICENT_MACARONS,655.0,10.0,652.0,17.0,646.0,28.0,664.0,5.0,673.0,28.0,679.0,17.0,659.5,0.0
2,32500,MAGNIFICENT_MACARONS,654.0,12.0,652.0,10.0,645.0,29.0,659.0,5.0,663.0,6.0,672.0,29.0,656.5,0.0
2,32600,MAGNIFICENT_MACARONS,656.0,10.0,653.0,20.0,647.0,23.0,665.0,5.0,674.0,23.0,680.0,20.0,660.5,0.0
2,32700,MAGNIFICENT_MACARONS,651.0,14.0,649.0,17.0,642.0,21.0,660.0,7.0,669.0,21.0,676.0,17.0,655.5,0.0
2,32800,MAGNIFICENT_MACARONS,651.0,16.0,648.0,19.0,642.0,24.0,660.0,8.0,669.0,24.0,675.0,19.0,655.5,0.0
2,32900,MAGNIFICENT_MACARONS,648.0,14.0,645.0,13.0,639.0,28.0,657.0,7.0,666.0,28.0,672.0,13.0,652.5,0.0
2,33000,MAGNIFICENT_MACARONS,646.0,20.0,643.0,11.0,637.0,22.0,655.0,10.0,664.0,22.0,670.0,11.0,650.5,0.0
2,33100,MAGNIFICENT_MACARONS,647.0,12.0,644.0,13.0,638.0,21.0,652.0,8.0,656.0,6.0,665.0,21.0,649.5,0.0
2,33200,MAGNIFICENT_MACARONS,648.0,14.0,646.0,11.0,639.0,27.0,657.0,7.0,666.0,27.0,673.0,11.0,652.5,0.0
2,33300,MAGNIFICENT_MACARONS,647.0,14.0,644.0,13.0,638.0,25.0,656.0,7.0,665.0,25.0,671.0,13.0,651.5,0.0
2,33400,MAGNIFICENT_MACARONS,644.0,18.0,641.0,12.0,635.0,20.0,649.0,8.0,653.0,9.0,662.0,20.0,646.5,0.0
2,33500,MAGNIFICENT_MACARONS,646.0,14.0,644.0,17.0,637.0,25.0,655.0,7.0,664.0,25.0,671.0,17.0,650.5,0.0
2,33600,MAGNIFICENT_MACARONS,645.0,20.0,642.0,19.0,636.0,26.0,654.0,10.0,663.0,26.0,669.0,19.0,649.5,0.0
2,33700,MAGNIFICENT_MACARONS,642.0,14.0,640.0,17.0,633.0,27.0,651.0,7.0,660.0,27.0,667.0,17.0,646.5,0.0
2,33800,MAGNIFICENT_MACARONS,643.0,14.0,640.0,11.0,634.0,24.0,652.0,7.0,661.0,24.0,667.0,11.0,647.5,0.0
2,33900,MAGNIFICENT_MACARONS,643.0,14.0,640.0,19.0,634.0,20.0,652.0,7.0,661.0,20.0,667.0,19.0,647.5,0.0
2,34000,MAGNIFICENT_MACARONS,643.0,14.0,640.0,17.0,634.0,25.0,652.0,7.0,661.0,25.0,668.0,17.0,647.5,0.0
2,34100,MAGNIFICENT_MACARONS,645.0,18.0,643.0,15.0,636.0,29.0,654.0,9.0,663.0,29.0,670.0,15.0,649.5,0.0
2,34200,MAGNIFICENT_MACARONS,643.0,16.0,640.0,18.0,634.0,21.0,652.0,8.0,661.0,21.0,667.0,18.0,647.5,0.0
2,34300,MAGNIFICENT_MACARONS,644.0,18.0,642.0,10.0,635.0,30.0,653.0,9.0,662.0,30.0,669.0,10.0,648.5,0.0
2,34400,MAGNIFICENT_MACARONS,642.0,16.0,640.0,13.0,633.0,25.0,651.0,8.0,660.0,25.0,667.0,13.0,646.5,0.0
2,34500,MAGNIFICENT_MACARONS,640.0,14.0,638.0,19.0,631.0,21.0,649.0,7.0,658.0,21.0,665.0,19.0,644.5,0.0
2,34600,MAGNIFICENT_MACARONS,641.0,12.0,638.0,18.0,632.0,20.0,650.0,6.0,659.0,20.0,665.0,18.0,645.5,0.0
2,34700,MAGNIFICENT_MACARONS,642.0,14.0,639.0,20.0,633.0,29.0,651.0,7.0,660.0,29.0,666.0,20.0,646.5,0.0
2,34800,MAGNIFICENT_MACARONS,638.0,10.0,636.0,10.0,629.0,27.0,647.0,5.0,656.0,27.0,663.0,10.0,642.5,0.0
2,34900,MAGNIFICENT_MACARONS,639.0,14.0,636.0,14.0,629.0,26.0,647.0,7.0,657.0,26.0,663.0,14.0,643.0,0.0
2,35000,MAGNIFICENT_MACARONS,640.0,20.0,637.0,10.0,631.0,24.0,649.0,10.0,658.0,24.0,664.0,10.0,644.5,0.0
2,35100,MAGNIFICENT_MACARONS,638.0,10.0,635.0,16.0,629.0,20.0,647.0,5.0,656.0,20.0,662.0,16.0,642.5,0.0
2,35200,MAGNIFICENT_MACARONS,638.0,14.0,635.0,11.0,629.0,20.0,647.0,7.0,656.0,20.0,662.0,11.0,642.5,0.0
2,35300,MAGNIFICENT_MACARONS,636.0,20.0,633.0,20.0,627.0,30.0,645.0,10.0,654.0,30.0,660.0,20.0,640.5,0.0
2,35400,MAGNIFICENT_MACARONS,639.0,14.0,637.0,11.0,630.0,25.0,648.0,7.0,657.0,25.0,664.0,11.0,643.5,0.0
2,35500,MAGNIFICENT_MACARONS,644.0,10.0,642.0,13.0,635.0,20.0,653.0,5.0,662.0,20.0,669.0,13.0,648.5,0.0
2,35600,MAGNIFICENT_MACARONS,651.0,9.0,647.0,16.0,645.0,14.0,656.0,8.0,665.0,20.0,672.0,14.0,653.5,0.0
2,35700,MAGNIFICENT_MACARONS,648.0,18.0,646.0,17.0,639.0,22.0,657.0,9.0,666.0,22.0,673.0,17.0,652.5,0.0
2,35800,MAGNIFICENT_MACARONS,650.0,16.0,647.0,19.0,641.0,26.0,659.0,8.0,668.0,26.0,674.0,19.0,654.5,0.0
2,35900,MAGNIFICENT_MACARONS,654.0,10.0,650.0,18.0,647.0,11.0,658.0,9.0,668.0,20.0,674.0,11.0,656.0,0.0
2,36000,MAGNIFICENT_MACARONS,647.0,18.0,645.0,13.0,638.0,24.0,652.0,8.0,656.0,9.0,665.0,24.0,649.5,0.0
2,36100,MAGNIFICENT_MACARONS,647.0,16.0,645.0,15.0,638.0,27.0,656.0,8.0,665.0,27.0,672.0,15.0,651.5,0.0
2,36200,MAGNIFICENT_MACARONS,648.0,10.0,645.0,17.0,639.0,29.0,657.0,5.0,666.0,29.0,672.0,17.0,652.5,0.0
2,36300,MAGNIFICENT_MACARONS,651.0,10.0,648.0,11.0,642.0,20.0,660.0,5.0,669.0,20.0,675.0,11.0,655.5,0.0
2,36400,MAGNIFICENT_MACARONS,652.0,12.0,650.0,13.0,643.0,25.0,661.0,6.0,670.0,25.0,677.0,13.0,656.5,0.0
2,36500,MAGNIFICENT_MACARONS,649.0,20.0,647.0,20.0,640.0,21.0,658.0,10.0,667.0,21.0,674.0,20.0,653.5,0.0
2,36600,MAGNIFICENT_MACARONS,650.0,14.0,647.0,17.0,640.0,23.0,658.0,7.0,668.0,23.0,674.0,17.0,654.0,0.0
2,36700,MAGNIFICENT_MACARONS,649.0,16.0,646.0,13.0,640.0,27.0,658.0,8.0,667.0,27.0,673.0,13.0,653.5,0.0
2,36800,MAGNIFICENT_MACARONS,643.0,18.0,640.0,12.0,634.0,21.0,652.0,9.0,661.0,21.0,667.0,12.0,647.5,0.0
2,36900,MAGNIFICENT_MACARONS,639.0,16.0,637.0,17.0,630.0,23.0,648.0,8.0,657.0,23.0,664.0,17.0,643.5,0.0
2,37000,MAGNIFICENT_MACARONS,638.0,18.0,636.0,19.0,629.0,28.0,647.0,9.0,656.0,28.0,663.0,19.0,642.5,0.0
2,37100,MAGNIFICENT_MACARONS,640.0,18.0,638.0,14.0,631.0,23.0,649.0,9.0,658.0,23.0,665.0,14.0,644.5,0.0
2,37200,MAGNIFICENT_MACARONS,637.0,16.0,634.0,12.0,628.0,24.0,646.0,8.0,655.0,24.0,661.0,12.0,641.5,0.0
2,37300,MAGNIFICENT_MACARONS,636.0,18.0,633.0,14.0,627.0,29.0,645.0,9.0,654.0,29.0,660.0,14.0,640.5,0.0
2,37400,MAGNIFICENT_MACARONS,632.0,20.0,630.0,12.0,623.0,20.0,641.0,10.0,650.0,20.0,657.0,12.0,636.5,0.0
2,37500,MAGNIFICENT_MACARONS,632.0,10.0,629.0,17.0,623.0,22.0,641.0,5.0,650.0,22.0,656.0,17.0,636.5,0.0
2,37600,MAGNIFICENT_MACARONS,631.0,14.0,629.0,19.0,622.0,24.0,640.0,7.0,649.0,24.0,656.0,19.0,635.5,0.0
2,37700,MAGNIFICENT_MACARONS,633.0,7.0,629.0,20.0,627.0,13.0,638.0,10.0,647.0,21.0,654.0,13.0,635.5,0.0
2,37800,MAGNIFICENT_MACARONS,627.0,16.0,624.0,16.0,618.0,25.0,636.0,8.0,645.0,25.0,651.0,16.0,631.5,0.0
2,37900,MAGNIFICENT_MACARONS,627.0,16.0,625.0,20.0,618.0,27.0,636.0,8.0,645.0,27.0,652.0,20.0,631.5,0.0
2,38000,MAGNIFICENT_MACARONS,629.0,10.0,626.0,14.0,620.0,24.0,638.0,5.0,647.0,24.0,653.0,14.0,633.5,0.0
2,38100,MAGNIFICENT_MACARONS,628.0,12.0,626.0,20.0,619.0,27.0,637.0,6.0,646.0,27.0,653.0,20.0,632.5,0.0
2,38200,MAGNIFICENT_MACARONS,632.0,20.0,630.0,16.0,623.0,29.0,641.0,10.0,650.0,29.0,657.0,16.0,636.5,0.0
2,38300,MAGNIFICENT_MACARONS,631.0,14.0,629.0,18.0,622.0,25.0,640.0,7.0,649.0,25.0,656.0,18.0,635.5,0.0
2,38400,MAGNIFICENT_MACARONS,631.0,18.0,629.0,14.0,622.0,25.0,640.0,9.0,649.0,25.0,656.0,14.0,635.5,0.0
2,38500,MAGNIFICENT_MACARONS,632.0,18.0,629.0,16.0,623.0,22.0,641.0,9.0,650.0,22.0,656.0,16.0,636.5,0.0
2,38600,MAGNIFICENT_MACARONS,634.0,20.0,631.0,12.0,625.0,29.0,643.0,10.0,652.0,29.0,658.0,12.0,638.5,0.0
2,38700,MAGNIFICENT_MACARONS,635.0,14.0,632.0,15.0,626.0,26.0,644.0,7.0,653.0,26.0,659.0,15.0,639.5,0.0
2,38800,MAGNIFICENT_MACARONS,632.0,16.0,629.0,19.0,623.0,21.0,641.0,8.0,650.0,21.0,656.0,19.0,636.5,0.0
2,38900,MAGNIFICENT_MACARONS,632.0,14.0,630.0,16.0,623.0,21.0,641.0,7.0,650.0,21.0,657.0,16.0,636.5,0.0
2,39000,MAGNIFICENT_MACARONS,632.0,7.0,628.0,20.0,626.0,10.0,637.0,10.0,646.0,29.0,653.0,10.0,634.5,0.0
2,39100,MAGNIFICENT_MACARONS,625.0,12.0,622.0,10.0,616.0,21.0,634.0,6.0,643.0,21.0,649.0,10.0,629.5,0.0
2,39200,MAGNIFICENT_MACARONS,625.0,14.0,622.0,14.0,616.0,21.0,634.0,7.0,643.0,21.0,650.0,14.0,629.5,0.0
2,39300,MAGNIFICENT_MACARONS,628.0,16.0,626.0,17.0,619.0,21.0,637.0,8.0,646.0,21.0,653.0,17.0,632.5,0.0
2,39400,MAGNIFICENT_MACARONS,629.0,12.0,627.0,16.0,620.0,25.0,638.0,6.0,647.0,25.0,654.0,16.0,633.5,0.0
2,39500,MAGNIFICENT_MACARONS,632.0,12.0,630.0,13.0,623.0,23.0,641.0,6.0,650.0,23.0,657.0,13.0,636.5,0.0
2,39600,MAGNIFICENT_MACARONS,636.0,14.0,634.0,14.0,627.0,28.0,645.0,7.0,654.0,28.0,661.0,14.0,640.5,0.0
2,39700,MAGNIFICENT_MACARONS,636.0,16.0,633.0,12.0,627.0,20.0,645.0,8.0,654.0,20.0,660.0,12.0,640.5,0.0
2,39800,MAGNIFICENT_MACARONS,637.0,10.0,634.0,16.0,628.0,26.0,646.0,5.0,655.0,26.0,661.0,16.0,641.5,0.0
2,39900,MAGNIFICENT_MACARONS,636.0,14.0,633.0,14.0,627.0,24.0,645.0,7.0,654.0,24.0,660.0,14.0,640.5,0.0
2,40000,MAGNIFICENT_MACARONS,640.0,18.0,638.0,13.0,631.0,29.0,649.0,9.0,658.0,29.0,665.0,13.0,644.5,0.0
2,40100,MAGNIFICENT_MACARONS,645.0,10.0,642.0,19.0,636.0,30.0,654.0,5.0,663.0,30.0,669.0,19.0,649.5,0.0
2,40200,MAGNIFICENT_MACARONS,647.0,18.0,645.0,12.0,638.0,20.0,656.0,9.0,665.0,20.0,672.0,12.0,651.5,0.0
2,40300,MAGNIFICENT_MACARONS,649.0,14.0,646.0,10.0,640.0,30.0,658.0,7.0,667.0,30.0,673.0,10.0,653.5,0.0
2,40400,MAGNIFICENT_MACARONS,650.0,14.0,648.0,19.0,641.0,22.0,659.0,7.0,668.0,22.0,675.0,19.0,654.5,0.0
2,40500,MAGNIFICENT_MACARONS,650.0,12.0,648.0,12.0,641.0,20.0,659.0,6.0,668.0,20.0,675.0,12.0,654.5,0.0
2,40600,MAGNIFICENT_MACARONS,647.0,16.0,645.0,20.0,638.0,27.0,656.0,8.0,665.0,27.0,672.0,20.0,651.5,0.0
2,40700,MAGNIFICENT_MACARONS,650.0,12.0,647.0,17.0,641.0,20.0,659.0,6.0,668.0,20.0,674.0,17.0,654.5,0.0
2,40800,MAGNIFICENT_MACARONS,651.0,20.0,648.0,10.0,642.0,24.0,660.0,10.0,669.0,24.0,675.0,10.0,655.5,0.0
2,40900,MAGNIFICENT_MACARONS,647.0,16.0,645.0,11.0,638.0,20.0,656.0,8.0,665.0,20.0,672.0,11.0,651.5,0.0
2,41000,MAGNIFICENT_MACARONS,648.0,16.0,646.0,10.0,639.0,27.0,657.0,8.0,666.0,27.0,673.0,10.0,652.5,0.0
2,41100,MAGNIFICENT_MACARONS,643.0,10.0,641.0,17.0,634.0,21.0,652.0,5.0,661.0,21.0,668.0,17.0,647.5,0.0
2,41200,MAGNIFICENT_MACARONS,644.0,14.0,641.0,13.0,635.0,26.0,653.0,7.0,662.0,26.0,668.0,13.0,648.5,0.0
2,41300,MAGNIFICENT_MACARONS,644.0,18.0,641.0,18.0,635.0,27.0,653.0,9.0,662.0,27.0,668.0,18.0,648.5,0.0
2,41400,MAGNIFICENT_MACARONS,644.0,10.0,641.0,16.0,635.0,26.0,653.0,5.0,662.0,26.0,668.0,16.0,648.5,0.0
2,41500,MAGNIFICENT_MACARONS,641.0,18.0,639.0,18.0,632.0,20.0,650.0,9.0,659.0,20.0,666.0,18.0,645.5,0.0
2,41600,MAGNIFICENT_MACARONS,641.0,10.0,638.0,15.0,632.0,29.0,650.0,5.0,659.0,29.0,665.0,15.0,645.5,0.0
2,41700,MAGNIFICENT_MACARONS,640.0,18.0,638.0,18.0,631.0,22.0,649.0,9.0,658.0,22.0,665.0,18.0,644.5,0.0
2,41800,MAGNIFICENT_MACARONS,635.0,18.0,633.0,20.0,626.0,22.0,644.0,9.0,653.0,22.0,660.0,20.0,639.5,0.0
2,41900,MAGNIFICENT_MACARONS,635.0,10.0,633.0,10.0,626.0,24.0,644.0,5.0,653.0,24.0,660.0,10.0,639.5,0.0
2,42000,MAGNIFICENT_MACARONS,635.0,16.0,632.0,14.0,626.0,28.0,644.0,8.0,653.0,28.0,660.0,14.0,639.5,0.0
2,42100,MAGNIFICENT_MACARONS,633.0,18.0,630.0,13.0,624.0,23.0,642.0,9.0,651.0,23.0,657.0,13.0,637.5,0.0
2,42200,MAGNIFICENT_MACARONS,632.0,10.0,629.0,15.0,623.0,20.0,641.0,5.0,650.0,20.0,656.0,15.0,636.5,0.0
2,42300,MAGNIFICENT_MACARONS,630.0,12.0,627.0,16.0,621.0,21.0,639.0,6.0,648.0,21.0,654.0,16.0,634.5,0.0
2,42400,MAGNIFICENT_MACARONS,633.0,16.0,631.0,18.0,624.0,29.0,642.0,8.0,651.0,29.0,658.0,18.0,637.5,0.0
2,42500,MAGNIFICENT_MACARONS,631.0,10.0,629.0,17.0,622.0,28.0,640.0,5.0,649.0,28.0,656.0,17.0,635.5,0.0
2,42600,MAGNIFICENT_MACARONS,626.0,14.0,624.0,16.0,617.0,27.0,635.0,7.0,644.0,27.0,651.0,16.0,630.5,0.0
2,42700,MAGNIFICENT_MACARONS,624.0,14.0,621.0,15.0,615.0,25.0,633.0,7.0,642.0,25.0,648.0,15.0,628.5,0.0
2,42800,MAGNIFICENT_MACARONS,623.0,10.0,621.0,12.0,614.0,24.0,632.0,5.0,641.0,24.0,648.0,12.0,627.5,0.0
2,42900,MAGNIFICENT_MACARONS,621.0,10.0,618.0,20.0,612.0,23.0,630.0,5.0,639.0,23.0,645.0,20.0,625.5,0.0
2,43000,MAGNIFICENT_MACARONS,622.0,10.0,619.0,20.0,613.0,29.0,631.0,5.0,640.0,29.0,646.0,20.0,626.5,0.0
2,43100,MAGNIFICENT_MACARONS,623.0,14.0,620.0,12.0,614.0,22.0,632.0,7.0,641.0,22.0,647.0,12.0,627.5,0.0
2,43200,MAGNIFICENT_MACARONS,625.0,10.0,623.0,19.0,616.0,25.0,634.0,5.0,643.0,25.0,650.0,19.0,629.5,0.0
2,43300,MAGNIFICENT_MACARONS,624.0,10.0,622.0,14.0,615.0,27.0,633.0,5.0,642.0,27.0,649.0,14.0,628.5,0.0
2,43400,MAGNIFICENT_MACARONS,630.0,7.0,626.0,12.0,623.0,11.0,635.0,6.0,644.0,27.0,650.0,11.0,632.5,0.0
2,43500,MAGNIFICENT_MACARONS,623.0,20.0,620.0,14.0,614.0,23.0,632.0,10.0,641.0,23.0,647.0,14.0,627.5,0.0
2,43600,MAGNIFICENT_MACARONS,622.0,18.0,619.0,16.0,613.0,27.0,631.0,9.0,640.0,27.0,646.0,16.0,626.5,0.0
2,43700,MAGNIFICENT_MACARONS,620.0,10.0,617.0,15.0,611.0,26.0,629.0,5.0,638.0,26.0,644.0,15.0,624.5,0.0
2,43800,MAGNIFICENT_MACARONS,620.0,16.0,617.0,11.0,611.0,30.0,629.0,8.0,638.0,30.0,645.0,11.0,624.5,0.0
2,43900,MAGNIFICENT_MACARONS,622.0,16.0,619.0,13.0,613.0,26.0,631.0,8.0,640.0,26.0,646.0,13.0,626.5,0.0
2,44000,MAGNIFICENT_MACARONS,620.0,10.0,617.0,12.0,611.0,22.0,629.0,5.0,638.0,22.0,644.0,12.0,624.5,0.0
2,44100,MAGNIFICENT_MACARONS,619.0,20.0,616.0,20.0,610.0,28.0,628.0,10.0,637.0,28.0,643.0,20.0,623.5,0.0
2,44200,MAGNIFICENT_MACARONS,616.0,10.0,614.0,13.0,607.0,22.0,625.0,5.0,634.0,22.0,641.0,13.0,620.5,0.0
2,44300,MAGNIFICENT_MACARONS,619.0,18.0,617.0,13.0,610.0,25.0,628.0,9.0,637.0,25.0,644.0,13.0,623.5,0.0
2,44400,MAGNIFICENT_MACARONS,623.0,16.0,621.0,16.0,614.0,27.0,632.0,8.0,641.0,27.0,648.0,16.0,627.5,0.0
2,44500,MAGNIFICENT_MACARONS,620.0,12.0,617.0,14.0,611.0,30.0,629.0,6.0,638.0,30.0,644.0,14.0,624.5,0.0
2,44600,MAGNIFICENT_MACARONS,620.0,10.0,617.0,15.0,611.0,26.0,629.0,5.0,638.0,26.0,644.0,15.0,624.5,0.0
2,44700,MAGNIFICENT_MACARONS,618.0,14.0,615.0,14.0,609.0,28.0,627.0,7.0,636.0,28.0,642.0,14.0,622.5,0.0
2,44800,MAGNIFICENT_MACARONS,616.0,14.0,613.0,17.0,607.0,21.0,625.0,7.0,634.0,21.0,640.0,17.0,620.5,0.0
2,44900,MAGNIFICENT_MACARONS,619.0,20.0,617.0,12.0,610.0,24.0,628.0,10.0,637.0,24.0,644.0,12.0,623.5,0.0
2,45000,MAGNIFICENT_MACARONS,619.0,16.0,616.0,13.0,610.0,21.0,628.0,8.0,637.0,21.0,643.0,13.0,623.5,0.0
2,45100,MAGNIFICENT_MACARONS,614.0,12.0,612.0,15.0,605.0,22.0,623.0,6.0,632.0,22.0,639.0,15.0,618.5,0.0
2,45200,MAGNIFICENT_MACARONS,616.0,12.0,613.0,11.0,607.0,29.0,625.0,6.0,634.0,29.0,640.0,11.0,620.5,0.0
2,45300,MAGNIFICENT_MACARONS,611.0,20.0,609.0,20.0,602.0,28.0,620.0,10.0,629.0,28.0,636.0,20.0,615.5,0.0
2,45400,MAGNIFICENT_MACARONS,607.0,10.0,605.0,16.0,598.0,22.0,616.0,5.0,625.0,22.0,632.0,16.0,611.5,0.0
2,45500,MAGNIFICENT_MACARONS,607.0,18.0,605.0,20.0,598.0,28.0,616.0,9.0,625.0,28.0,632.0,20.0,611.5,0.0
2,45600,MAGNIFICENT_MACARONS,604.0,18.0,601.0,19.0,595.0,25.0,613.0,9.0,622.0,25.0,628.0,19.0,608.5,0.0
2,45700,MAGNIFICENT_MACARONS,604.0,10.0,601.0,17.0,595.0,28.0,613.0,5.0,622.0,28.0,628.0,17.0,608.5,0.0
2,45800,MAGNIFICENT_MACARONS,600.0,18.0,597.0,10.0,591.0,23.0,609.0,9.0,618.0,23.0,624.0,10.0,604.5,0.0
2,45900,MAGNIFICENT_MACARONS,603.0,20.0,600.0,19.0,594.0,26.0,612.0,10.0,621.0,26.0,627.0,19.0,607.5,0.0
2,46000,MAGNIFICENT_MACARONS,600.0,12.0,598.0,11.0,591.0,29.0,609.0,6.0,618.0,29.0,625.0,11.0,604.5,0.0
2,46100,MAGNIFICENT_MACARONS,603.0,10.0,601.0,11.0,594.0,25.0,612.0,5.0,621.0,25.0,628.0,11.0,607.5,0.0
2,46200,MAGNIFICENT_MACARONS,603.0,16.0,601.0,11.0,594.0,20.0,612.0,8.0,621.0,20.0,628.0,11.0,607.5,0.0
2,46300,MAGNIFICENT_MACARONS,603.0,14.0,601.0,11.0,594.0,27.0,612.0,7.0,621.0,27.0,628.0,11.0,607.5,0.0
2,46400,MAGNIFICENT_MACARONS,606.0,14.0,603.0,12.0,597.0,23.0,615.0,7.0,624.0,23.0,630.0,12.0,610.5,0.0
2,46500,MAGNIFICENT_MACARONS,605.0,8.0,601.0,10.0,599.0,19.0,610.0,5.0,619.0,20.0,626.0,19.0,607.5,0.0
2,46600,MAGNIFICENT_MACARONS,599.0,18.0,597.0,16.0,590.0,21.0,603.0,3.0,608.0,9.0,617.0,21.0,601.0,0.0
2,46700,MAGNIFICENT_MACARONS,600.0,20.0,597.0,11.0,590.0,27.0,608.0,10.0,618.0,27.0,624.0,11.0,604.0,0.0
2,46800,MAGNIFICENT_MACARONS,598.0,18.0,595.0,16.0,589.0,28.0,607.0,9.0,616.0,28.0,622.0,16.0,602.5,0.0
2,46900,MAGNIFICENT_MACARONS,598.0,18.0,595.0,12.0,588.0,24.0,606.0,9.0,616.0,24.0,622.0,12.0,602.0,0.0
2,47000,MAGNIFICENT_MACARONS,595.0,20.0,593.0,14.0,586.0,26.0,604.0,10.0,613.0,26.0,620.0,14.0,599.5,0.0
2,47100,MAGNIFICENT_MACARONS,596.0,16.0,594.0,11.0,587.0,28.0,605.0,8.0,614.0,28.0,621.0,11.0,600.5,0.0
2,47200,MAGNIFICENT_MACARONS,597.0,18.0,595.0,13.0,588.0,23.0,606.0,9.0,615.0,23.0,622.0,13.0,601.5,0.0
2,47300,MAGNIFICENT_MACARONS,599.0,14.0,596.0,15.0,590.0,29.0,608.0,7.0,617.0,29.0,623.0,15.0,603.5,0.0
2,47400,MAGNIFICENT_MACARONS,599.0,10.0,597.0,18.0,590.0,28.0,608.0,5.0,617.0,28.0,624.0,18.0,603.5,0.0
2,47500,MAGNIFICENT_MACARONS,597.0,18.0,595.0,11.0,588.0,21.0,606.0,9.0,615.0,21.0,622.0,11.0,601.5,0.0
2,47600,MAGNIFICENT_MACARONS,601.0,18.0,598.0,12.0,592.0,29.0,610.0,9.0,619.0,29.0,625.0,12.0,605.5,0.0
2,47700,MAGNIFICENT_MACARONS,602.0,20.0,599.0,14.0,593.0,23.0,611.0,10.0,620.0,23.0,626.0,14.0,606.5,0.0
2,47800,MAGNIFICENT_MACARONS,606.0,10.0,603.0,16.0,597.0,27.0,615.0,5.0,624.0,27.0,630.0,16.0,610.5,0.0
2,47900,MAGNIFICENT_MACARONS,603.0,14.0,601.0,15.0,594.0,24.0,612.0,7.0,621.0,24.0,628.0,15.0,607.5,0.0
2,48000,MAGNIFICENT_MACARONS,605.0,12.0,603.0,19.0,596.0,28.0,614.0,6.0,623.0,28.0,630.0,19.0,609.5,0.0
2,48100,MAGNIFICENT_MACARONS,606.0,14.0,603.0,13.0,597.0,21.0,615.0,7.0,624.0,21.0,630.0,13.0,610.5,0.0
2,48200,MAGNIFICENT_MACARONS,606.0,20.0,603.0,16.0,597.0,25.0,615.0,10.0,624.0,25.0,630.0,16.0,610.5,0.0
2,48300,MAGNIFICENT_MACARONS,607.0,10.0,604.0,10.0,598.0,24.0,616.0,5.0,625.0,24.0,631.0,10.0,611.5,0.0
2,48400,MAGNIFICENT_MACARONS,609.0,18.0,606.0,13.0,600.0,23.0,614.0,5.0,618.0,9.0,627.0,23.0,611.5,0.0
2,48500,MAGNIFICENT_MACARONS,608.0,18.0,606.0,19.0,599.0,29.0,617.0,9.0,626.0,29.0,633.0,19.0,612.5,0.0
2,48600,MAGNIFICENT_MACARONS,611.0,12.0,609.0,12.0,602.0,22.0,620.0,6.0,629.0,22.0,636.0,12.0,615.5,0.0
2,48700,MAGNIFICENT_MACARONS,609.0,20.0,606.0,17.0,600.0,27.0,618.0,10.0,627.0,27.0,633.0,17.0,613.5,0.0
2,48800,MAGNIFICENT_MACARONS,606.0,14.0,603.0,12.0,597.0,21.0,615.0,7.0,624.0,21.0,630.0,12.0,610.5,0.0
2,48900,MAGNIFICENT_MACARONS,603.0,20.0,601.0,16.0,594.0,24.0,612.0,10.0,621.0,24.0,628.0,16.0,607.5,0.0
2,49000,MAGNIFICENT_MACARONS,607.0,12.0,604.0,15.0,598.0,22.0,616.0,6.0,625.0,22.0,631.0,15.0,611.5,0.0
2,49100,MAGNIFICENT_MACARONS,608.0,12.0,605.0,19.0,599.0,30.0,617.0,6.0,626.0,30.0,632.0,19.0,612.5,0.0
2,49200,MAGNIFICENT_MACARONS,609.0,14.0,606.0,12.0,600.0,29.0,618.0,7.0,627.0,29.0,633.0,12.0,613.5,0.0
2,49300,MAGNIFICENT_MACARONS,606.0,16.0,604.0,18.0,597.0,30.0,615.0,8.0,624.0,30.0,631.0,18.0,610.5,0.0
2,49400,MAGNIFICENT_MACARONS,602.0,20.0,600.0,13.0,593.0,21.0,611.0,10.0,620.0,21.0,627.0,13.0,606.5,0.0
2,49500,MAGNIFICENT_MACARONS,599.0,14.0,597.0,20.0,590.0,21.0,608.0,7.0,617.0,21.0,624.0,20.0,603.5,0.0
2,49600,MAGNIFICENT_MACARONS,600.0,12.0,597.0,19.0,591.0,21.0,609.0,6.0,618.0,21.0,624.0,19.0,604.5,0.0
2,49700,MAGNIFICENT_MACARONS,602.0,16.0,600.0,12.0,593.0,29.0,611.0,8.0,620.0,29.0,627.0,12.0,606.5,0.0
2,49800,MAGNIFICENT_MACARONS,599.0,14.0,596.0,17.0,590.0,21.0,608.0,7.0,617.0,21.0,623.0,17.0,603.5,0.0
2,49900,MAGNIFICENT_MACARONS,595.0,12.0,593.0,12.0,586.0,27.0,604.0,6.0,613.0,27.0,620.0,12.0,599.5,0.0
2,50000,MAGNIFICENT_MACARONS,597.0,12.0,594.0,15.0,588.0,21.0,606.0,6.0,615.0,21.0,621.0,15.0,601.5,0.0
2,50100,MAGNIFICENT_MACARONS,595.0,18.0,592.0,12.0,586.0,24.0,604.0,9.0,613.0,24.0,619.0,12.0,599.5,0.0
2,50200,MAGNIFICENT_MACARONS,595.0,12.0,592.0,12.0,586.0,25.0,604.0,6.0,613.0,25.0,619.0,12.0,599.5,0.0
2,50300,MAGNIFICENT_MACARONS,599.0,20.0,597.0,15.0,590.0,25.0,608.0,10.0,617.0,25.0,624.0,15.0,603.5,0.0
2,50400,MAGNIFICENT_MACARONS,599.0,16.0,597.0,20.0,590.0,22.0,608.0,8.0,617.0,22.0,624.0,20.0,603.5,0.0
2,50500,MAGNIFICENT_MACARONS,601.0,18.0,598.0,10.0,592.0,20.0,610.0,9.0,619.0,20.0,625.0,10.0,605.5,0.0
2,50600,MAGNIFICENT_MACARONS,597.0,16.0,595.0,11.0,588.0,23.0,606.0,8.0,615.0,23.0,622.0,11.0,601.5,0.0
2,50700,MAGNIFICENT_MACARONS,596.0,18.0,593.0,11.0,587.0,21.0,605.0,9.0,614.0,21.0,620.0,11.0,600.5,0.0
2,50800,MAGNIFICENT_MACARONS,595.0,14.0,592.0,10.0,586.0,29.0,604.0,7.0,613.0,29.0,619.0,10.0,599.5,0.0
2,50900,MAGNIFICENT_MACARONS,597.0,10.0,595.0,16.0,588.0,22.0,606.0,5.0,615.0,22.0,622.0,16.0,601.5,0.0
2,51000,MAGNIFICENT_MACARONS,594.0,16.0,592.0,15.0,585.0,30.0,603.0,8.0,612.0,30.0,619.0,15.0,598.5,0.0
2,51100,MAGNIFICENT_MACARONS,593.0,20.0,590.0,10.0,584.0,26.0,602.0,10.0,611.0,26.0,617.0,10.0,597.5,0.0
2,51200,MAGNIFICENT_MACARONS,590.0,16.0,587.0,16.0,581.0,30.0,599.0,8.0,608.0,30.0,614.0,16.0,594.5,0.0
2,51300,MAGNIFICENT_MACARONS,587.0,20.0,585.0,12.0,578.0,28.0,596.0,10.0,605.0,28.0,612.0,12.0,591.5,0.0
2,51400,MAGNIFICENT_MACARONS,585.0,16.0,582.0,20.0,576.0,26.0,594.0,8.0,603.0,26.0,609.0,20.0,589.5,0.0
2,51500,MAGNIFICENT_MACARONS,586.0,20.0,583.0,14.0,577.0,20.0,595.0,10.0,604.0,20.0,610.0,14.0,590.5,0.0
2,51600,MAGNIFICENT_MACARONS,584.0,14.0,581.0,12.0,575.0,23.0,593.0,7.0,602.0,23.0,608.0,12.0,588.5,0.0
2,51700,MAGNIFICENT_MACARONS,586.0,12.0,584.0,14.0,577.0,26.0,595.0,6.0,604.0,26.0,611.0,14.0,590.5,0.0
2,51800,MAGNIFICENT_MACARONS,583.0,18.0,581.0,10.0,574.0,30.0,592.0,9.0,601.0,30.0,608.0,10.0,587.5,0.0
2,51900,MAGNIFICENT_MACARONS,584.0,10.0,581.0,14.0,575.0,30.0,593.0,5.0,602.0,30.0,608.0,14.0,588.5,0.0
2,52000,MAGNIFICENT_MACARONS,587.0,12.0,585.0,17.0,578.0,30.0,596.0,6.0,605.0,30.0,612.0,17.0,591.5,0.0
2,52100,MAGNIFICENT_MACARONS,582.0,14.0,579.0,19.0,573.0,24.0,591.0,7.0,600.0,24.0,606.0,19.0,586.5,0.0
2,52200,MAGNIFICENT_MACARONS,580.0,18.0,577.0,14.0,571.0,20.0,589.0,9.0,598.0,20.0,604.0,14.0,584.5,0.0
2,52300,MAGNIFICENT_MACARONS,576.0,16.0,574.0,17.0,567.0,23.0,585.0,8.0,594.0,23.0,601.0,17.0,580.5,0.0
2,52400,MAGNIFICENT_MACARONS,579.0,14.0,576.0,13.0,570.0,26.0,588.0,7.0,597.0,26.0,603.0,13.0,583.5,0.0
2,52500,MAGNIFICENT_MACARONS,575.0,10.0,572.0,16.0,566.0,26.0,584.0,5.0,593.0,26.0,599.0,16.0,579.5,0.0
2,52600,MAGNIFICENT_MACARONS,574.0,14.0,572.0,14.0,565.0,27.0,583.0,7.0,592.0,27.0,599.0,14.0,578.5,0.0
2,52700,MAGNIFICENT_MACARONS,575.0,10.0,572.0,10.0,566.0,26.0,584.0,5.0,593.0,26.0,599.0,10.0,579.5,0.0
2,52800,MAGNIFICENT_MACARONS,573.0,20.0,570.0,20.0,564.0,30.0,582.0,10.0,591.0,30.0,597.0,20.0,577.5,0.0
2,52900,MAGNIFICENT_MACARONS,572.0,20.0,569.0,11.0,563.0,29.0,581.0,10.0,590.0,29.0,596.0,11.0,576.5,0.0
2,53000,MAGNIFICENT_MACARONS,569.0,12.0,567.0,19.0,560.0,30.0,578.0,6.0,587.0,30.0,594.0,19.0,573.5,0.0
2,53100,MAGNIFICENT_MACARONS,569.0,14.0,566.0,12.0,560.0,28.0,578.0,7.0,587.0,28.0,593.0,12.0,573.5,0.0
2,53200,MAGNIFICENT_MACARONS,565.0,14.0,563.0,17.0,556.0,21.0,574.0,7.0,583.0,21.0,590.0,17.0,569.5,0.0
2,53300,MAGNIFICENT_MACARONS,565.0,10.0,562.0,16.0,556.0,30.0,574.0,5.0,583.0,30.0,590.0,16.0,569.5,0.0
2,53400,MAGNIFICENT_MACARONS,564.0,20.0,562.0,16.0,555.0,21.0,573.0,10.0,582.0,21.0,589.0,16.0,568.5,0.0
2,53500,MAGNIFICENT_MACARONS,571.0,12.0,568.0,13.0,562.0,23.0,580.0,6.0,589.0,23.0,595.0,13.0,575.5,0.0
2,53600,MAGNIFICENT_MACARONS,572.0,14.0,569.0,18.0,563.0,28.0,581.0,7.0,590.0,28.0,596.0,18.0,576.5,0.0
2,53700,MAGNIFICENT_MACARONS,573.0,18.0,570.0,11.0,564.0,26.0,582.0,9.0,591.0,26.0,597.0,11.0,577.5,0.0
2,53800,MAGNIFICENT_MACARONS,578.0,10.0,576.0,10.0,569.0,24.0,587.0,5.0,596.0,24.0,603.0,10.0,582.5,0.0
2,53900,MAGNIFICENT_MACARONS,577.0,16.0,574.0,14.0,568.0,25.0,586.0,8.0,595.0,25.0,601.0,14.0,581.5,0.0
2,54000,MAGNIFICENT_MACARONS,575.0,10.0,572.0,16.0,566.0,25.0,584.0,5.0,593.0,25.0,599.0,16.0,579.5,0.0
2,54100,MAGNIFICENT_MACARONS,575.0,12.0,572.0,18.0,566.0,21.0,584.0,6.0,593.0,21.0,599.0,18.0,579.5,0.0
2,54200,MAGNIFICENT_MACARONS,568.0,16.0,566.0,11.0,559.0,30.0,577.0,8.0,586.0,30.0,593.0,11.0,572.5,0.0
2,54300,MAGNIFICENT_MACARONS,572.0,16.0,570.0,15.0,563.0,24.0,581.0,8.0,590.0,24.0,597.0,15.0,576.5,0.0
2,54400,MAGNIFICENT_MACARONS,572.0,10.0,569.0,12.0,563.0,30.0,581.0,5.0,590.0,30.0,597.0,12.0,576.5,0.0
2,54500,MAGNIFICENT_MACARONS,567.0,20.0,564.0,20.0,558.0,23.0,572.0,10.0,576.0,10.0,585.0,23.0,569.5,0.0
2,54600,MAGNIFICENT_MACARONS,568.0,12.0,565.0,16.0,559.0,29.0,577.0,6.0,586.0,29.0,592.0,16.0,572.5,0.0
2,54700,MAGNIFICENT_MACARONS,569.0,16.0,567.0,15.0,560.0,30.0,578.0,8.0,587.0,30.0,594.0,15.0,573.5,0.0
2,54800,MAGNIFICENT_MACARONS,571.0,14.0,569.0,15.0,562.0,25.0,580.0,7.0,589.0,25.0,596.0,15.0,575.5,0.0
2,54900,MAGNIFICENT_MACARONS,569.0,12.0,567.0,13.0,560.0,30.0,578.0,6.0,587.0,30.0,594.0,13.0,573.5,0.0
2,55000,MAGNIFICENT_MACARONS,567.0,18.0,564.0,16.0,558.0,29.0,576.0,9.0,585.0,29.0,591.0,16.0,571.5,0.0
2,55100,MAGNIFICENT_MACARONS,564.0,20.0,562.0,16.0,555.0,27.0,573.0,10.0,582.0,27.0,589.0,16.0,568.5,0.0
2,55200,MAGNIFICENT_MACARONS,563.0,14.0,561.0,10.0,554.0,23.0,572.0,7.0,581.0,23.0,588.0,10.0,567.5,0.0
2,55300,MAGNIFICENT_MACARONS,570.0,6.0,566.0,16.0,563.0,19.0,575.0,8.0,584.0,30.0,590.0,19.0,572.5,0.0
2,55400,MAGNIFICENT_MACARONS,562.0,10.0,560.0,20.0,553.0,24.0,567.0,4.0,571.0,5.0,580.0,24.0,564.5,0.0
2,55500,MAGNIFICENT_MACARONS,560.0,16.0,557.0,12.0,551.0,23.0,569.0,8.0,578.0,23.0,584.0,12.0,564.5,0.0
2,55600,MAGNIFICENT_MACARONS,561.0,10.0,559.0,13.0,552.0,23.0,570.0,5.0,579.0,23.0,586.0,13.0,565.5,0.0
2,55700,MAGNIFICENT_MACARONS,562.0,20.0,560.0,19.0,553.0,20.0,571.0,10.0,580.0,20.0,587.0,19.0,566.5,0.0
2,55800,MAGNIFICENT_MACARONS,573.0,4.0,568.0,16.0,565.0,15.0,577.0,8.0,586.0,30.0,592.0,15.0,575.0,0.0
2,55900,MAGNIFICENT_MACARONS,572.0,14.0,569.0,19.0,563.0,22.0,581.0,7.0,590.0,22.0,596.0,19.0,576.5,0.0
2,56000,MAGNIFICENT_MACARONS,576.0,18.0,574.0,16.0,567.0,23.0,585.0,9.0,594.0,23.0,601.0,16.0,580.5,0.0
2,56100,MAGNIFICENT_MACARONS,579.0,16.0,576.0,17.0,570.0,24.0,588.0,8.0,597.0,24.0,603.0,17.0,583.5,0.0
2,56200,MAGNIFICENT_MACARONS,577.0,12.0,574.0,16.0,568.0,24.0,586.0,6.0,595.0,24.0,601.0,16.0,581.5,0.0
2,56300,MAGNIFICENT_MACARONS,578.0,14.0,576.0,17.0,569.0,22.0,587.0,7.0,596.0,22.0,603.0,17.0,582.5,0.0
2,56400,MAGNIFICENT_MACARONS,583.0,5.0,579.0,18.0,577.0,19.0,588.0,9.0,597.0,24.0,604.0,19.0,585.5,0.0
2,56500,MAGNIFICENT_MACARONS,580.0,20.0,578.0,15.0,571.0,24.0,589.0,10.0,598.0,24.0,605.0,15.0,584.5,0.0
2,56600,MAGNIFICENT_MACARONS,581.0,16.0,579.0,20.0,572.0,29.0,586.0,8.0,590.0,8.0,599.0,29.0,583.5,0.0
2,56700,MAGNIFICENT_MACARONS,579.0,10.0,576.0,10.0,570.0,20.0,588.0,5.0,597.0,20.0,603.0,10.0,583.5,0.0
2,56800,MAGNIFICENT_MACARONS,585.0,20.0,582.0,16.0,576.0,28.0,594.0,10.0,603.0,28.0,609.0,16.0,589.5,0.0
2,56900,MAGNIFICENT_MACARONS,582.0,16.0,579.0,16.0,573.0,20.0,591.0,8.0,600.0,20.0,606.0,16.0,586.5,0.0
2,57000,MAGNIFICENT_MACARONS,581.0,18.0,578.0,19.0,572.0,30.0,590.0,9.0,599.0,30.0,605.0,19.0,585.5,0.0
2,57100,MAGNIFICENT_MACARONS,583.0,18.0,580.0,19.0,574.0,24.0,592.0,9.0,601.0,24.0,607.0,19.0,587.5,0.0
2,57200,MAGNIFICENT_MACARONS,586.0,6.0,582.0,20.0,579.0,12.0,591.0,10.0,600.0,25.0,606.0,12.0,588.5,0.0
2,57300,MAGNIFICENT_MACARONS,582.0,12.0,580.0,12.0,573.0,28.0,591.0,6.0,600.0,28.0,607.0,12.0,586.5,0.0
2,57400,MAGNIFICENT_MACARONS,586.0,10.0,583.0,13.0,577.0,25.0,595.0,5.0,604.0,25.0,610.0,13.0,590.5,0.0
2,57500,MAGNIFICENT_MACARONS,584.0,10.0,581.0,17.0,575.0,27.0,593.0,5.0,602.0,27.0,608.0,17.0,588.5,0.0
2,57600,MAGNIFICENT_MACARONS,581.0,18.0,578.0,20.0,572.0,22.0,590.0,9.0,599.0,22.0,605.0,20.0,585.5,0.0
2,57700,MAGNIFICENT_MACARONS,583.0,12.0,580.0,18.0,574.0,30.0,592.0,6.0,601.0,30.0,607.0,18.0,587.5,0.0
2,57800,MAGNIFICENT_MACARONS,588.0,6.0,584.0,18.0,582.0,13.0,593.0,9.0,602.0,27.0,609.0,13.0,590.5,0.0
2,57900,MAGNIFICENT_MACARONS,583.0,16.0,581.0,16.0,574.0,27.0,592.0,8.0,601.0,27.0,608.0,16.0,587.5,0.0
2,58000,MAGNIFICENT_MACARONS,584.0,10.0,581.0,18.0,575.0,27.0,593.0,5.0,602.0,27.0,608.0,18.0,588.5,0.0
2,58100,MAGNIFICENT_MACARONS,586.0,14.0,583.0,16.0,577.0,20.0,595.0,7.0,604.0,20.0,610.0,16.0,590.5,0.0
2,58200,MAGNIFICENT_MACARONS,587.0,16.0,584.0,20.0,578.0,27.0,596.0,8.0,605.0,27.0,611.0,20.0,591.5,0.0
2,58300,MAGNIFICENT_MACARONS,590.0,10.0,586.0,20.0,583.0,12.0,595.0,10.0,604.0,29.0,610.0,12.0,592.5,0.0
2,58400,MAGNIFICENT_MACARONS,582.0,16.0,580.0,11.0,573.0,23.0,591.0,8.0,600.0,23.0,607.0,11.0,586.5,0.0
2,58500,MAGNIFICENT_MACARONS,585.0,20.0,583.0,14.0,576.0,26.0,594.0,10.0,603.0,26.0,610.0,14.0,589.5,0.0
2,58600,MAGNIFICENT_MACARONS,586.0,20.0,584.0,15.0,577.0,25.0,595.0,10.0,604.0,25.0,611.0,15.0,590.5,0.0
2,58700,MAGNIFICENT_MACARONS,589.0,18.0,587.0,10.0,580.0,29.0,598.0,9.0,607.0,29.0,614.0,10.0,593.5,0.0
2,58800,MAGNIFICENT_MACARONS,589.0,18.0,587.0,16.0,580.0,28.0,598.0,9.0,607.0,28.0,614.0,16.0,593.5,0.0
2,58900,MAGNIFICENT_MACARONS,591.0,14.0,589.0,18.0,582.0,24.0,600.0,7.0,609.0,24.0,616.0,18.0,595.5,0.0
2,59000,MAGNIFICENT_MACARONS,592.0,20.0,590.0,16.0,583.0,21.0,601.0,10.0,610.0,21.0,617.0,16.0,596.5,0.0
2,59100,MAGNIFICENT_MACARONS,590.0,10.0,588.0,19.0,581.0,28.0,599.0,5.0,608.0,28.0,615.0,19.0,594.5,0.0
2,59200,MAGNIFICENT_MACARONS,593.0,18.0,591.0,19.0,584.0,20.0,602.0,9.0,611.0,20.0,618.0,19.0,597.5,0.0
2,59300,MAGNIFICENT_MACARONS,597.0,16.0,594.0,16.0,588.0,24.0,606.0,8.0,615.0,24.0,621.0,16.0,601.5,0.0
2,59400,MAGNIFICENT_MACARONS,595.0,20.0,592.0,11.0,586.0,27.0,604.0,10.0,613.0,27.0,619.0,11.0,599.5,0.0
2,59500,MAGNIFICENT_MACARONS,591.0,18.0,589.0,12.0,582.0,22.0,600.0,9.0,609.0,22.0,616.0,12.0,595.5,0.0
2,59600,MAGNIFICENT_MACARONS,594.0,10.0,591.0,12.0,585.0,26.0,603.0,5.0,612.0,26.0,618.0,12.0,598.5,0.0
2,59700,MAGNIFICENT_MACARONS,590.0,16.0,588.0,13.0,581.0,24.0,599.0,8.0,608.0,24.0,615.0,13.0,594.5,0.0
2,59800,MAGNIFICENT_MACARONS,590.0,12.0,587.0,18.0,581.0,29.0,599.0,6.0,608.0,29.0,614.0,18.0,594.5,0.0
2,59900,MAGNIFICENT_MACARONS,588.0,18.0,585.0,10.0,579.0,23.0,597.0,9.0,606.0,23.0,612.0,10.0,592.5,0.0
2,60000,MAGNIFICENT_MACARONS,586.0,12.0,584.0,16.0,577.0,29.0,595.0,6.0,604.0,29.0,611.0,16.0,590.5,0.0
2,60100,MAGNIFICENT_MACARONS,585.0,12.0,583.0,15.0,576.0,21.0,594.0,6.0,603.0,21.0,610.0,15.0,589.5,0.0
2,60200,MAGNIFICENT_MACARONS,583.0,14.0,581.0,12.0,574.0,24.0,592.0,7.0,601.0,24.0,608.0,12.0,587.5,0.0
2,60300,MAGNIFICENT_MACARONS,583.0,14.0,581.0,17.0,574.0,21.0,592.0,7.0,601.0,21.0,608.0,17.0,587.5,0.0
2,60400,MAGNIFICENT_MACARONS,583.0,10.0,580.0,17.0,574.0,26.0,592.0,5.0,601.0,26.0,607.0,17.0,587.5,0.0
2,60500,MAGNIFICENT_MACARONS,584.0,12.0,581.0,13.0,575.0,29.0,593.0,6.0,602.0,29.0,608.0,13.0,588.5,0.0
2,60600,MAGNIFICENT_MACARONS,584.0,12.0,581.0,17.0,575.0,26.0,593.0,6.0,602.0,26.0,608.0,17.0,588.5,0.0
2,60700,MAGNIFICENT_MACARONS,585.0,20.0,582.0,19.0,576.0,23.0,594.0,10.0,603.0,23.0,609.0,19.0,589.5,0.0
2,60800,MAGNIFICENT_MACARONS,588.0,16.0,586.0,14.0,579.0,23.0,597.0,8.0,606.0,23.0,613.0,14.0,592.5,0.0
2,60900,MAGNIFICENT_MACARONS,584.0,12.0,582.0,12.0,575.0,30.0,593.0,6.0,602.0,30.0,609.0,12.0,588.5,0.0
2,61000,MAGNIFICENT_MACARONS,583.0,18.0,580.0,11.0,574.0,26.0,592.0,9.0,601.0,26.0,607.0,11.0,587.5,0.0
2,61100,MAGNIFICENT_MACARONS,582.0,20.0,580.0,12.0,573.0,30.0,591.0,10.0,600.0,30.0,607.0,12.0,586.5,0.0
2,61200,MAGNIFICENT_MACARONS,580.0,12.0,577.0,13.0,570.0,27.0,589.0,6.0,598.0,27.0,605.0,13.0,584.5,0.0
2,61300,MAGNIFICENT_MACARONS,580.0,14.0,577.0,15.0,570.0,30.0,589.0,7.0,599.0,30.0,605.0,15.0,584.5,0.0
2,61400,MAGNIFICENT_MACARONS,580.0,18.0,577.0,18.0,570.0,23.0,589.0,9.0,598.0,23.0,605.0,18.0,584.5,0.0
2,61500,MAGNIFICENT_MACARONS,582.0,10.0,579.0,16.0,572.0,30.0,591.0,5.0,600.0,30.0,607.0,16.0,586.5,0.0
2,61600,MAGNIFICENT_MACARONS,580.0,14.0,578.0,19.0,571.0,21.0,589.0,7.0,599.0,21.0,605.0,19.0,584.5,0.0
2,61700,MAGNIFICENT_MACARONS,581.0,12.0,578.0,17.0,571.0,29.0,590.0,6.0,599.0,29.0,606.0,17.0,585.5,0.0
2,61800,MAGNIFICENT_MACARONS,583.0,14.0,580.0,17.0,573.0,27.0,592.0,7.0,601.0,27.0,608.0,17.0,587.5,0.0
2,61900,MAGNIFICENT_MACARONS,583.0,16.0,581.0,14.0,574.0,21.0,592.0,8.0,602.0,21.0,608.0,14.0,587.5,0.0
2,62000,MAGNIFICENT_MACARONS,585.0,20.0,583.0,19.0,576.0,21.0,594.0,10.0,604.0,21.0,610.0,19.0,589.5,0.0
2,62100,MAGNIFICENT_MACARONS,582.0,10.0,579.0,18.0,572.0,24.0,591.0,5.0,600.0,24.0,607.0,18.0,586.5,0.0
2,62200,MAGNIFICENT_MACARONS,582.0,18.0,579.0,12.0,572.0,29.0,591.0,9.0,600.0,29.0,607.0,12.0,586.5,0.0
2,62300,MAGNIFICENT_MACARONS,578.0,12.0,576.0,14.0,569.0,21.0,587.0,6.0,597.0,21.0,603.0,14.0,582.5,0.0
2,62400,MAGNIFICENT_MACARONS,576.0,20.0,574.0,20.0,567.0,30.0,585.0,10.0,595.0,30.0,601.0,20.0,580.5,0.0
2,62500,MAGNIFICENT_MACARONS,579.0,16.0,576.0,14.0,569.0,24.0,588.0,8.0,597.0,24.0,604.0,14.0,583.5,0.0
2,62600,MAGNIFICENT_MACARONS,577.0,18.0,574.0,14.0,567.0,25.0,586.0,9.0,595.0,25.0,602.0,14.0,581.5,0.0
2,62700,MAGNIFICENT_MACARONS,573.0,12.0,570.0,15.0,563.0,24.0,582.0,6.0,591.0,24.0,598.0,15.0,577.5,0.0
2,62800,MAGNIFICENT_MACARONS,574.0,14.0,571.0,11.0,564.0,24.0,583.0,7.0,592.0,24.0,599.0,11.0,578.5,0.0
2,62900,MAGNIFICENT_MACARONS,572.0,10.0,569.0,13.0,562.0,30.0,581.0,5.0,590.0,30.0,597.0,13.0,576.5,0.0
2,63000,MAGNIFICENT_MACARONS,570.0,16.0,568.0,16.0,561.0,24.0,579.0,8.0,589.0,24.0,595.0,16.0,574.5,0.0
2,63100,MAGNIFICENT_MACARONS,571.0,20.0,568.0,19.0,561.0,23.0,580.0,10.0,589.0,23.0,596.0,19.0,575.5,0.0
2,63200,MAGNIFICENT_MACARONS,570.0,14.0,568.0,11.0,561.0,20.0,579.0,7.0,589.0,20.0,595.0,11.0,574.5,0.0
2,63300,MAGNIFICENT_MACARONS,570.0,12.0,567.0,17.0,560.0,24.0,575.0,7.0,579.0,6.0,588.0,24.0,572.5,0.0
2,63400,MAGNIFICENT_MACARONS,567.0,10.0,564.0,13.0,557.0,24.0,576.0,5.0,585.0,24.0,592.0,13.0,571.5,0.0
2,63500,MAGNIFICENT_MACARONS,568.0,12.0,566.0,18.0,559.0,23.0,577.0,6.0,587.0,23.0,593.0,18.0,572.5,0.0
2,63600,MAGNIFICENT_MACARONS,571.0,10.0,569.0,12.0,562.0,26.0,580.0,5.0,590.0,26.0,596.0,12.0,575.5,0.0
2,63700,MAGNIFICENT_MACARONS,569.0,14.0,566.0,17.0,559.0,26.0,578.0,7.0,587.0,26.0,594.0,17.0,573.5,0.0
2,63800,MAGNIFICENT_MACARONS,570.0,18.0,567.0,10.0,560.0,20.0,579.0,9.0,588.0,20.0,595.0,10.0,574.5,0.0
2,63900,MAGNIFICENT_MACARONS,570.0,10.0,567.0,20.0,560.0,21.0,579.0,5.0,589.0,21.0,595.0,20.0,574.5,0.0
2,64000,MAGNIFICENT_MACARONS,568.0,20.0,566.0,14.0,559.0,25.0,577.0,10.0,587.0,25.0,593.0,14.0,572.5,0.0
2,64100,MAGNIFICENT_MACARONS,564.0,18.0,561.0,19.0,554.0,26.0,573.0,9.0,582.0,26.0,589.0,19.0,568.5,0.0
2,64200,MAGNIFICENT_MACARONS,563.0,20.0,560.0,18.0,553.0,30.0,572.0,10.0,581.0,30.0,588.0,18.0,567.5,0.0
2,64300,MAGNIFICENT_MACARONS,559.0,14.0,557.0,13.0,550.0,20.0,568.0,7.0,578.0,20.0,584.0,13.0,563.5,0.0
2,64400,MAGNIFICENT_MACARONS,556.0,10.0,554.0,11.0,547.0,21.0,565.0,5.0,575.0,21.0,581.0,11.0,560.5,0.0
2,64500,MAGNIFICENT_MACARONS,558.0,16.0,555.0,11.0,548.0,28.0,567.0,8.0,576.0,28.0,583.0,11.0,562.5,0.0
2,64600,MAGNIFICENT_MACARONS,554.0,20.0,552.0,13.0,545.0,26.0,563.0,10.0,573.0,26.0,579.0,13.0,558.5,0.0
2,64700,MAGNIFICENT_MACARONS,556.0,14.0,553.0,11.0,546.0,28.0,565.0,7.0,574.0,28.0,581.0,11.0,560.5,0.0
2,64800,MAGNIFICENT_MACARONS,554.0,12.0,551.0,10.0,544.0,25.0,563.0,6.0,572.0,25.0,579.0,10.0,558.5,0.0
2,64900,MAGNIFICENT_MACARONS,554.0,14.0,551.0,15.0,544.0,29.0,563.0,7.0,572.0,29.0,579.0,15.0,558.5,0.0
2,65000,MAGNIFICENT_MACARONS,552.0,16.0,549.0,19.0,542.0,25.0,561.0,8.0,570.0,25.0,577.0,19.0,556.5,0.0
2,65100,MAGNIFICENT_MACARONS,556.0,18.0,553.0,12.0,546.0,25.0,565.0,9.0,574.0,25.0,581.0,12.0,560.5,0.0
2,65200,MAGNIFICENT_MACARONS,554.0,20.0,551.0,19.0,544.0,23.0,563.0,10.0,572.0,23.0,579.0,19.0,558.5,0.0
2,65300,MAGNIFICENT_MACARONS,556.0,12.0,553.0,11.0,546.0,21.0,565.0,6.0,574.0,21.0,581.0,11.0,560.5,0.0
2,65400,MAGNIFICENT_MACARONS,560.0,10.0,558.0,14.0,551.0,23.0,569.0,5.0,579.0,23.0,585.0,14.0,564.5,0.0
2,65500,MAGNIFICENT_MACARONS,559.0,12.0,556.0,16.0,549.0,24.0,568.0,6.0,577.0,24.0,584.0,16.0,563.5,0.0
2,65600,MAGNIFICENT_MACARONS,561.0,12.0,559.0,16.0,552.0,26.0,570.0,6.0,580.0,26.0,586.0,16.0,565.5,0.0
2,65700,MAGNIFICENT_MACARONS,563.0,16.0,560.0,17.0,553.0,26.0,572.0,8.0,581.0,26.0,588.0,17.0,567.5,0.0
2,65800,MAGNIFICENT_MACARONS,562.0,10.0,559.0,18.0,552.0,24.0,571.0,5.0,580.0,24.0,587.0,18.0,566.5,0.0
2,65900,MAGNIFICENT_MACARONS,565.0,12.0,563.0,14.0,556.0,29.0,570.0,6.0,574.0,6.0,584.0,29.0,567.5,0.0
2,66000,MAGNIFICENT_MACARONS,566.0,10.0,564.0,20.0,557.0,23.0,575.0,5.0,585.0,23.0,591.0,20.0,570.5,0.0
2,66100,MAGNIFICENT_MACARONS,566.0,18.0,564.0,20.0,557.0,29.0,575.0,9.0,585.0,29.0,591.0,20.0,570.5,0.0
2,66200,MAGNIFICENT_MACARONS,567.0,16.0,565.0,20.0,558.0,26.0,576.0,8.0,586.0,26.0,592.0,20.0,571.5,0.0
2,66300,MAGNIFICENT_MACARONS,568.0,16.0,566.0,15.0,559.0,22.0,577.0,8.0,587.0,22.0,593.0,15.0,572.5,0.0
2,66400,MAGNIFICENT_MACARONS,571.0,18.0,568.0,10.0,561.0,24.0,580.0,9.0,589.0,24.0,596.0,10.0,575.5,0.0
2,66500,MAGNIFICENT_MACARONS,569.0,18.0,567.0,11.0,560.0,30.0,578.0,9.0,588.0,30.0,594.0,11.0,573.5,0.0
2,66600,MAGNIFICENT_MACARONS,569.0,18.0,566.0,20.0,559.0,20.0,578.0,9.0,588.0,20.0,594.0,20.0,573.5,0.0
2,66700,MAGNIFICENT_MACARONS,569.0,18.0,567.0,11.0,560.0,20.0,578.0,9.0,588.0,20.0,594.0,11.0,573.5,0.0
2,66800,MAGNIFICENT_MACARONS,568.0,16.0,565.0,16.0,558.0,27.0,577.0,8.0,586.0,27.0,593.0,16.0,572.5,0.0
2,66900,MAGNIFICENT_MACARONS,567.0,10.0,564.0,12.0,557.0,21.0,576.0,5.0,585.0,21.0,592.0,12.0,571.5,0.0
2,67000,MAGNIFICENT_MACARONS,568.0,16.0,565.0,15.0,558.0,22.0,577.0,8.0,586.0,22.0,593.0,15.0,572.5,0.0
2,67100,MAGNIFICENT_MACARONS,572.0,16.0,570.0,14.0,563.0,23.0,581.0,8.0,591.0,23.0,597.0,14.0,576.5,0.0
2,67200,MAGNIFICENT_MACARONS,575.0,10.0,573.0,11.0,566.0,26.0,584.0,5.0,594.0,26.0,600.0,11.0,579.5,0.0
2,67300,MAGNIFICENT_MACARONS,573.0,16.0,571.0,17.0,564.0,26.0,582.0,8.0,592.0,26.0,598.0,17.0,577.5,0.0
2,67400,MAGNIFICENT_MACARONS,569.0,20.0,567.0,16.0,560.0,21.0,578.0,10.0,588.0,21.0,594.0,16.0,573.5,0.0
2,67500,MAGNIFICENT_MACARONS,569.0,20.0,567.0,19.0,560.0,27.0,578.0,10.0,588.0,27.0,594.0,19.0,573.5,0.0
2,67600,MAGNIFICENT_MACARONS,568.0,18.0,566.0,18.0,559.0,25.0,577.0,9.0,587.0,25.0,593.0,18.0,572.5,0.0
2,67700,MAGNIFICENT_MACARONS,567.0,16.0,565.0,17.0,558.0,25.0,576.0,8.0,586.0,25.0,592.0,17.0,571.5,0.0
2,67800,MAGNIFICENT_MACARONS,569.0,18.0,567.0,16.0,560.0,25.0,578.0,9.0,588.0,25.0,594.0,16.0,573.5,0.0
2,67900,MAGNIFICENT_MACARONS,569.0,18.0,566.0,20.0,559.0,21.0,578.0,9.0,587.0,21.0,594.0,20.0,573.5,0.0
2,68000,MAGNIFICENT_MACARONS,570.0,14.0,568.0,13.0,561.0,29.0,579.0,7.0,589.0,29.0,595.0,13.0,574.5,0.0
2,68100,MAGNIFICENT_MACARONS,574.0,20.0,571.0,11.0,564.0,22.0,583.0,10.0,592.0,22.0,599.0,11.0,578.5,0.0
2,68200,MAGNIFICENT_MACARONS,574.0,16.0,572.0,10.0,565.0,26.0,583.0,8.0,593.0,26.0,599.0,10.0,578.5,0.0
2,68300,MAGNIFICENT_MACARONS,572.0,18.0,570.0,16.0,563.0,20.0,581.0,9.0,591.0,20.0,597.0,16.0,576.5,0.0
2,68400,MAGNIFICENT_MACARONS,575.0,20.0,572.0,20.0,565.0,27.0,584.0,10.0,593.0,27.0,600.0,20.0,579.5,0.0
2,68500,MAGNIFICENT_MACARONS,578.0,10.0,576.0,15.0,569.0,27.0,587.0,5.0,597.0,27.0,603.0,15.0,582.5,0.0
2,68600,MAGNIFICENT_MACARONS,578.0,10.0,575.0,11.0,568.0,21.0,587.0,5.0,597.0,21.0,603.0,11.0,582.5,0.0
2,68700,MAGNIFICENT_MACARONS,583.0,14.0,580.0,10.0,573.0,23.0,592.0,7.0,601.0,23.0,608.0,10.0,587.5,0.0
2,68800,MAGNIFICENT_MACARONS,585.0,10.0,583.0,19.0,576.0,26.0,594.0,5.0,604.0,26.0,610.0,19.0,589.5,0.0
2,68900,MAGNIFICENT_MACARONS,590.0,10.0,587.0,13.0,580.0,20.0,599.0,5.0,608.0,20.0,615.0,13.0,594.5,0.0
2,69000,MAGNIFICENT_MACARONS,589.0,16.0,586.0,17.0,579.0,29.0,598.0,8.0,607.0,29.0,614.0,17.0,593.5,0.0
2,69100,MAGNIFICENT_MACARONS,586.0,20.0,584.0,13.0,577.0,22.0,595.0,10.0,605.0,22.0,611.0,13.0,590.5,0.0
2,69200,MAGNIFICENT_MACARONS,589.0,20.0,586.0,14.0,579.0,30.0,598.0,10.0,607.0,30.0,614.0,14.0,593.5,0.0
2,69300,MAGNIFICENT_MACARONS,589.0,18.0,587.0,17.0,580.0,28.0,598.0,9.0,608.0,28.0,614.0,17.0,593.5,0.0
2,69400,MAGNIFICENT_MACARONS,590.0,14.0,588.0,20.0,581.0,28.0,599.0,7.0,609.0,28.0,615.0,20.0,594.5,0.0
2,69500,MAGNIFICENT_MACARONS,590.0,20.0,587.0,20.0,580.0,22.0,599.0,10.0,608.0,22.0,615.0,20.0,594.5,0.0
2,69600,MAGNIFICENT_MACARONS,593.0,20.0,591.0,20.0,584.0,23.0,602.0,10.0,612.0,23.0,618.0,20.0,597.5,0.0
2,69700,MAGNIFICENT_MACARONS,592.0,20.0,590.0,14.0,583.0,23.0,601.0,10.0,611.0,23.0,617.0,14.0,596.5,0.0
2,69800,MAGNIFICENT_MACARONS,596.0,12.0,594.0,11.0,587.0,22.0,605.0,6.0,615.0,22.0,621.0,11.0,600.5,0.0
2,69900,MAGNIFICENT_MACARONS,596.0,18.0,594.0,11.0,587.0,30.0,606.0,9.0,615.0,30.0,622.0,11.0,601.0,0.0
2,70000,MAGNIFICENT_MACARONS,601.0,10.0,599.0,17.0,592.0,28.0,610.0,5.0,620.0,28.0,626.0,17.0,605.5,0.0
2,70100,MAGNIFICENT_MACARONS,603.0,18.0,600.0,17.0,593.0,26.0,612.0,9.0,621.0,26.0,628.0,17.0,607.5,0.0
2,70200,MAGNIFICENT_MACARONS,603.0,20.0,600.0,16.0,593.0,29.0,612.0,10.0,621.0,29.0,628.0,16.0,607.5,0.0
2,70300,MAGNIFICENT_MACARONS,604.0,12.0,602.0,15.0,595.0,30.0,613.0,6.0,623.0,30.0,629.0,15.0,608.5,0.0
2,70400,MAGNIFICENT_MACARONS,607.0,10.0,604.0,14.0,597.0,27.0,616.0,5.0,625.0,27.0,632.0,14.0,611.5,0.0
2,70500,MAGNIFICENT_MACARONS,603.0,12.0,601.0,17.0,594.0,27.0,608.0,8.0,612.0,6.0,622.0,27.0,605.5,0.0
2,70600,MAGNIFICENT_MACARONS,607.0,10.0,605.0,20.0,598.0,24.0,616.0,5.0,626.0,24.0,632.0,20.0,611.5,0.0
2,70700,MAGNIFICENT_MACARONS,606.0,16.0,604.0,16.0,597.0,21.0,615.0,8.0,625.0,21.0,631.0,16.0,610.5,0.0
2,70800,MAGNIFICENT_MACARONS,605.0,14.0,602.0,13.0,595.0,30.0,614.0,7.0,623.0,30.0,630.0,13.0,609.5,0.0
2,70900,MAGNIFICENT_MACARONS,605.0,12.0,602.0,15.0,595.0,20.0,614.0,6.0,623.0,20.0,630.0,15.0,609.5,0.0
2,71000,MAGNIFICENT_MACARONS,605.0,14.0,603.0,19.0,596.0,30.0,614.0,7.0,624.0,30.0,630.0,19.0,609.5,0.0
2,71100,MAGNIFICENT_MACARONS,606.0,18.0,604.0,18.0,597.0,27.0,615.0,9.0,625.0,27.0,631.0,18.0,610.5,0.0
2,71200,MAGNIFICENT_MACARONS,608.0,16.0,606.0,14.0,599.0,29.0,617.0,8.0,627.0,29.0,633.0,14.0,612.5,0.0
2,71300,MAGNIFICENT_MACARONS,608.0,12.0,606.0,18.0,599.0,27.0,613.0,6.0,617.0,6.0,627.0,27.0,610.5,0.0
2,71400,MAGNIFICENT_MACARONS,609.0,16.0,607.0,18.0,600.0,30.0,618.0,8.0,628.0,30.0,634.0,18.0,613.5,0.0
2,71500,MAGNIFICENT_MACARONS,613.0,8.0,609.0,10.0,606.0,18.0,618.0,5.0,627.0,30.0,634.0,18.0,615.5,0.0
2,71600,MAGNIFICENT_MACARONS,611.0,14.0,608.0,18.0,601.0,28.0,620.0,7.0,629.0,28.0,636.0,18.0,615.5,0.0
2,71700,MAGNIFICENT_MACARONS,614.0,10.0,611.0,11.0,604.0,21.0,623.0,5.0,632.0,21.0,639.0,11.0,618.5,0.0
2,71800,MAGNIFICENT_MACARONS,614.0,18.0,612.0,20.0,605.0,29.0,623.0,9.0,633.0,29.0,639.0,20.0,618.5,0.0
2,71900,MAGNIFICENT_MACARONS,614.0,16.0,612.0,15.0,605.0,26.0,624.0,8.0,633.0,26.0,640.0,15.0,619.0,0.0
2,72000,MAGNIFICENT_MACARONS,612.0,10.0,610.0,16.0,603.0,20.0,621.0,5.0,631.0,20.0,637.0,16.0,616.5,0.0
2,72100,MAGNIFICENT_MACARONS,611.0,14.0,609.0,18.0,602.0,22.0,620.0,7.0,630.0,22.0,636.0,18.0,615.5,0.0
2,72200,MAGNIFICENT_MACARONS,611.0,12.0,609.0,14.0,602.0,28.0,620.0,6.0,630.0,28.0,636.0,14.0,615.5,0.0
2,72300,MAGNIFICENT_MACARONS,612.0,10.0,610.0,18.0,603.0,27.0,617.0,10.0,621.0,5.0,631.0,27.0,614.5,0.0
2,72400,MAGNIFICENT_MACARONS,613.0,20.0,611.0,17.0,604.0,22.0,618.0,10.0,622.0,10.0,632.0,22.0,615.5,0.0
2,72500,MAGNIFICENT_MACARONS,615.0,18.0,612.0,20.0,605.0,22.0,624.0,9.0,633.0,22.0,640.0,20.0,619.5,0.0
2,72600,MAGNIFICENT_MACARONS,619.0,14.0,617.0,16.0,610.0,22.0,628.0,7.0,638.0,22.0,644.0,16.0,623.5,0.0
2,72700,MAGNIFICENT_MACARONS,619.0,16.0,617.0,13.0,610.0,30.0,628.0,8.0,638.0,30.0,644.0,13.0,623.5,0.0
2,72800,MAGNIFICENT_MACARONS,618.0,14.0,615.0,12.0,608.0,30.0,627.0,7.0,636.0,30.0,643.0,12.0,622.5,0.0
2,72900,MAGNIFICENT_MACARONS,618.0,12.0,615.0,20.0,608.0,28.0,627.0,6.0,636.0,28.0,643.0,20.0,622.5,0.0
2,73000,MAGNIFICENT_MACARONS,621.0,14.0,618.0,16.0,611.0,21.0,630.0,7.0,639.0,21.0,646.0,16.0,625.5,0.0
2,73100,MAGNIFICENT_MACARONS,625.0,16.0,622.0,19.0,615.0,27.0,634.0,8.0,643.0,27.0,650.0,19.0,629.5,0.0
2,73200,MAGNIFICENT_MACARONS,629.0,16.0,627.0,20.0,620.0,28.0,638.0,8.0,648.0,28.0,654.0,20.0,633.5,0.0
2,73300,MAGNIFICENT_MACARONS,630.0,18.0,628.0,11.0,621.0,22.0,639.0,9.0,649.0,22.0,655.0,11.0,634.5,0.0
2,73400,MAGNIFICENT_MACARONS,629.0,16.0,626.0,20.0,619.0,30.0,638.0,8.0,647.0,30.0,654.0,20.0,633.5,0.0
2,73500,MAGNIFICENT_MACARONS,628.0,10.0,625.0,11.0,618.0,28.0,637.0,5.0,646.0,28.0,653.0,11.0,632.5,0.0
2,73600,MAGNIFICENT_MACARONS,628.0,16.0,626.0,15.0,619.0,27.0,637.0,8.0,647.0,27.0,653.0,15.0,632.5,0.0
2,73700,MAGNIFICENT_MACARONS,631.0,20.0,629.0,17.0,622.0,20.0,640.0,10.0,650.0,20.0,656.0,17.0,635.5,0.0
2,73800,MAGNIFICENT_MACARONS,632.0,14.0,629.0,20.0,622.0,28.0,641.0,7.0,650.0,28.0,657.0,20.0,636.5,0.0
2,73900,MAGNIFICENT_MACARONS,633.0,14.0,631.0,20.0,624.0,23.0,642.0,7.0,652.0,23.0,658.0,20.0,637.5,0.0
2,74000,MAGNIFICENT_MACARONS,635.0,20.0,632.0,14.0,625.0,21.0,644.0,10.0,653.0,21.0,660.0,14.0,639.5,0.0
2,74100,MAGNIFICENT_MACARONS,634.0,16.0,632.0,17.0,625.0,25.0,644.0,8.0,653.0,25.0,660.0,17.0,639.0,0.0
2,74200,MAGNIFICENT_MACARONS,636.0,16.0,634.0,18.0,627.0,24.0,645.0,8.0,655.0,24.0,661.0,18.0,640.5,0.0
2,74300,MAGNIFICENT_MACARONS,633.0,18.0,630.0,19.0,623.0,28.0,642.0,9.0,651.0,28.0,658.0,19.0,637.5,0.0
2,74400,MAGNIFICENT_MACARONS,635.0,20.0,633.0,19.0,626.0,21.0,644.0,10.0,654.0,21.0,660.0,19.0,639.5,0.0
2,74500,MAGNIFICENT_MACARONS,635.0,10.0,632.0,15.0,625.0,26.0,644.0,5.0,654.0,26.0,660.0,15.0,639.5,0.0
2,74600,MAGNIFICENT_MACARONS,635.0,16.0,633.0,13.0,626.0,27.0,639.0,3.0,644.0,8.0,654.0,27.0,637.0,0.0
2,74700,MAGNIFICENT_MACARONS,633.0,20.0,631.0,14.0,624.0,29.0,642.0,10.0,652.0,29.0,658.0,14.0,637.5,0.0
2,74800,MAGNIFICENT_MACARONS,632.0,12.0,629.0,11.0,622.0,20.0,641.0,6.0,650.0,20.0,657.0,11.0,636.5,0.0
2,74900,MAGNIFICENT_MACARONS,632.0,16.0,629.0,16.0,622.0,23.0,641.0,8.0,650.0,23.0,657.0,16.0,636.5,0.0
2,75000,MAGNIFICENT_MACARONS,637.0,20.0,634.0,17.0,627.0,30.0,646.0,10.0,655.0,30.0,662.0,17.0,641.5,0.0
2,75100,MAGNIFICENT_MACARONS,638.0,18.0,635.0,11.0,628.0,23.0,647.0,9.0,656.0,23.0,663.0,11.0,642.5,0.0
2,75200,MAGNIFICENT_MACARONS,637.0,20.0,634.0,14.0,627.0,22.0,646.0,10.0,655.0,22.0,662.0,14.0,641.5,0.0
2,75300,MAGNIFICENT_MACARONS,637.0,10.0,634.0,17.0,627.0,27.0,646.0,5.0,656.0,27.0,662.0,17.0,641.5,0.0
2,75400,MAGNIFICENT_MACARONS,640.0,10.0,637.0,19.0,630.0,27.0,649.0,5.0,658.0,27.0,665.0,19.0,644.5,0.0
2,75500,MAGNIFICENT_MACARONS,636.0,14.0,634.0,17.0,627.0,24.0,645.0,7.0,655.0,24.0,661.0,17.0,640.5,0.0
2,75600,MAGNIFICENT_MACARONS,641.0,10.0,639.0,20.0,632.0,30.0,650.0,5.0,660.0,30.0,666.0,20.0,645.5,0.0
2,75700,MAGNIFICENT_MACARONS,639.0,20.0,637.0,12.0,630.0,20.0,648.0,10.0,658.0,20.0,664.0,12.0,643.5,0.0
2,75800,MAGNIFICENT_MACARONS,641.0,20.0,639.0,16.0,632.0,27.0,650.0,10.0,660.0,27.0,666.0,16.0,645.5,0.0
2,75900,MAGNIFICENT_MACARONS,642.0,12.0,640.0,18.0,633.0,27.0,651.0,6.0,661.0,27.0,667.0,18.0,646.5,0.0
2,76000,MAGNIFICENT_MACARONS,639.0,10.0,636.0,16.0,629.0,29.0,648.0,5.0,657.0,29.0,664.0,16.0,643.5,0.0
2,76100,MAGNIFICENT_MACARONS,638.0,20.0,635.0,12.0,628.0,29.0,647.0,10.0,656.0,29.0,663.0,12.0,642.5,0.0
2,76200,MAGNIFICENT_MACARONS,640.0,6.0,636.0,18.0,633.0,14.0,645.0,9.0,654.0,30.0,661.0,14.0,642.5,0.0
2,76300,MAGNIFICENT_MACARONS,635.0,14.0,633.0,10.0,626.0,24.0,645.0,7.0,654.0,24.0,661.0,10.0,640.0,0.0
2,76400,MAGNIFICENT_MACARONS,636.0,16.0,633.0,13.0,626.0,21.0,645.0,8.0,654.0,21.0,661.0,13.0,640.5,0.0
2,76500,MAGNIFICENT_MACARONS,635.0,18.0,632.0,17.0,625.0,26.0,644.0,9.0,653.0,26.0,660.0,17.0,639.5,0.0
2,76600,MAGNIFICENT_MACARONS,640.0,12.0,638.0,14.0,631.0,29.0,649.0,6.0,659.0,29.0,665.0,14.0,644.5,0.0
2,76700,MAGNIFICENT_MACARONS,636.0,14.0,633.0,16.0,626.0,27.0,645.0,7.0,654.0,27.0,661.0,16.0,640.5,0.0
2,76800,MAGNIFICENT_MACARONS,632.0,20.0,629.0,13.0,622.0,26.0,641.0,10.0,650.0,26.0,657.0,13.0,636.5,0.0
2,76900,MAGNIFICENT_MACARONS,631.0,14.0,629.0,12.0,622.0,21.0,641.0,7.0,650.0,21.0,657.0,12.0,636.0,0.0
2,77000,MAGNIFICENT_MACARONS,624.0,16.0,622.0,12.0,615.0,20.0,633.0,8.0,643.0,20.0,649.0,12.0,628.5,0.0
2,77100,MAGNIFICENT_MACARONS,624.0,20.0,622.0,10.0,615.0,21.0,633.0,10.0,643.0,21.0,649.0,10.0,628.5,0.0
2,77200,MAGNIFICENT_MACARONS,623.0,10.0,621.0,16.0,614.0,23.0,632.0,5.0,642.0,23.0,648.0,16.0,627.5,0.0
2,77300,MAGNIFICENT_MACARONS,622.0,16.0,620.0,19.0,613.0,29.0,631.0,8.0,641.0,29.0,647.0,19.0,626.5,0.0
2,77400,MAGNIFICENT_MACARONS,622.0,10.0,620.0,19.0,613.0,23.0,632.0,5.0,641.0,23.0,648.0,19.0,627.0,0.0
2,77500,MAGNIFICENT_MACARONS,624.0,16.0,621.0,18.0,614.0,21.0,633.0,8.0,642.0,21.0,649.0,18.0,628.5,0.0
2,77600,MAGNIFICENT_MACARONS,627.0,16.0,624.0,20.0,617.0,28.0,636.0,8.0,645.0,28.0,652.0,20.0,631.5,0.0
2,77700,MAGNIFICENT_MACARONS,627.0,16.0,624.0,10.0,617.0,24.0,636.0,8.0,645.0,24.0,652.0,10.0,631.5,0.0
2,77800,MAGNIFICENT_MACARONS,631.0,12.0,629.0,14.0,622.0,26.0,640.0,6.0,650.0,26.0,656.0,14.0,635.5,0.0
2,77900,MAGNIFICENT_MACARONS,630.0,10.0,628.0,12.0,621.0,26.0,639.0,5.0,649.0,26.0,655.0,12.0,634.5,0.0
2,78000,MAGNIFICENT_MACARONS,630.0,12.0,628.0,20.0,621.0,28.0,640.0,6.0,649.0,28.0,656.0,20.0,635.0,0.0
2,78100,MAGNIFICENT_MACARONS,629.0,20.0,627.0,10.0,620.0,29.0,638.0,10.0,648.0,29.0,654.0,10.0,633.5,0.0
2,78200,MAGNIFICENT_MACARONS,628.0,12.0,626.0,12.0,619.0,21.0,637.0,6.0,647.0,21.0,653.0,12.0,632.5,0.0
2,78300,MAGNIFICENT_MACARONS,629.0,10.0,627.0,19.0,620.0,21.0,638.0,5.0,648.0,21.0,654.0,19.0,633.5,0.0
2,78400,MAGNIFICENT_MACARONS,630.0,16.0,628.0,15.0,621.0,26.0,639.0,8.0,649.0,26.0,655.0,15.0,634.5,0.0
2,78500,MAGNIFICENT_MACARONS,634.0,10.0,632.0,20.0,625.0,27.0,643.0,5.0,653.0,27.0,659.0,20.0,638.5,0.0
2,78600,MAGNIFICENT_MACARONS,632.0,18.0,629.0,11.0,622.0,21.0,641.0,9.0,650.0,21.0,657.0,11.0,636.5,0.0
2,78700,MAGNIFICENT_MACARONS,629.0,14.0,627.0,15.0,620.0,26.0,638.0,7.0,648.0,26.0,654.0,15.0,633.5,0.0
2,78800,MAGNIFICENT_MACARONS,627.0,10.0,624.0,20.0,617.0,26.0,636.0,5.0,645.0,26.0,652.0,20.0,631.5,0.0
2,78900,MAGNIFICENT_MACARONS,626.0,10.0,623.0,20.0,616.0,24.0,635.0,5.0,644.0,24.0,651.0,20.0,630.5,0.0
2,79000,MAGNIFICENT_MACARONS,623.0,18.0,620.0,15.0,613.0,30.0,632.0,9.0,641.0,30.0,648.0,15.0,627.5,0.0
2,79100,MAGNIFICENT_MACARONS,621.0,10.0,619.0,20.0,612.0,22.0,630.0,5.0,640.0,22.0,646.0,20.0,625.5,0.0
2,79200,MAGNIFICENT_MACARONS,621.0,10.0,619.0,18.0,612.0,22.0,630.0,5.0,640.0,22.0,646.0,18.0,625.5,0.0
2,79300,MAGNIFICENT_MACARONS,621.0,18.0,619.0,16.0,612.0,24.0,630.0,9.0,640.0,24.0,646.0,16.0,625.5,0.0
2,79400,MAGNIFICENT_MACARONS,626.0,20.0,623.0,15.0,616.0,28.0,635.0,10.0,644.0,28.0,651.0,15.0,630.5,0.0
2,79500,MAGNIFICENT_MACARONS,628.0,12.0,626.0,13.0,619.0,25.0,637.0,6.0,647.0,25.0,653.0,13.0,632.5,0.0
2,79600,MAGNIFICENT_MACARONS,629.0,14.0,627.0,16.0,620.0,24.0,638.0,7.0,648.0,24.0,654.0,16.0,633.5,0.0
2,79700,MAGNIFICENT_MACARONS,628.0,20.0,625.0,16.0,618.0,25.0,637.0,10.0,646.0,25.0,653.0,16.0,632.5,0.0
2,79800,MAGNIFICENT_MACARONS,629.0,12.0,627.0,15.0,620.0,23.0,638.0,6.0,648.0,23.0,654.0,15.0,633.5,0.0
2,79900,MAGNIFICENT_MACARONS,633.0,10.0,630.0,16.0,623.0,24.0,638.0,7.0,642.0,5.0,651.0,24.0,635.5,0.0
2,80000,MAGNIFICENT_MACARONS,631.0,10.0,629.0,18.0,622.0,23.0,640.0,5.0,650.0,23.0,656.0,18.0,635.5,0.0
2,80100,MAGNIFICENT_MACARONS,630.0,16.0,627.0,16.0,620.0,29.0,639.0,8.0,648.0,29.0,655.0,16.0,634.5,0.0
2,80200,MAGNIFICENT_MACARONS,630.0,16.0,628.0,12.0,621.0,26.0,639.0,8.0,649.0,26.0,655.0,12.0,634.5,0.0
2,80300,MAGNIFICENT_MACARONS,629.0,20.0,627.0,14.0,620.0,28.0,638.0,10.0,648.0,28.0,654.0,14.0,633.5,0.0
2,80400,MAGNIFICENT_MACARONS,632.0,18.0,629.0,18.0,622.0,30.0,641.0,9.0,650.0,30.0,657.0,18.0,636.5,0.0
2,80500,MAGNIFICENT_MACARONS,629.0,12.0,626.0,11.0,619.0,23.0,638.0,6.0,647.0,23.0,654.0,11.0,633.5,0.0
2,80600,MAGNIFICENT_MACARONS,627.0,16.0,625.0,10.0,618.0,22.0,636.0,8.0,646.0,22.0,652.0,10.0,631.5,0.0
2,80700,MAGNIFICENT_MACARONS,625.0,20.0,622.0,20.0,615.0,25.0,634.0,10.0,643.0,25.0,650.0,20.0,629.5,0.0
2,80800,MAGNIFICENT_MACARONS,625.0,14.0,622.0,14.0,615.0,30.0,634.0,7.0,643.0,30.0,650.0,14.0,629.5,0.0
2,80900,MAGNIFICENT_MACARONS,625.0,12.0,622.0,19.0,615.0,30.0,634.0,6.0,643.0,30.0,650.0,19.0,629.5,0.0
2,81000,MAGNIFICENT_MACARONS,627.0,18.0,625.0,17.0,618.0,24.0,636.0,9.0,646.0,24.0,652.0,17.0,631.5,0.0
2,81100,MAGNIFICENT_MACARONS,628.0,20.0,626.0,19.0,619.0,29.0,637.0,10.0,647.0,29.0,653.0,19.0,632.5,0.0
2,81200,MAGNIFICENT_MACARONS,629.0,16.0,627.0,19.0,620.0,20.0,638.0,8.0,648.0,20.0,654.0,19.0,633.5,0.0
2,81300,MAGNIFICENT_MACARONS,630.0,12.0,628.0,17.0,621.0,23.0,639.0,6.0,649.0,23.0,655.0,17.0,634.5,0.0
2,81400,MAGNIFICENT_MACARONS,634.0,14.0,631.0,13.0,624.0,24.0,643.0,7.0,652.0,24.0,659.0,13.0,638.5,0.0
2,81500,MAGNIFICENT_MACARONS,634.0,20.0,631.0,14.0,624.0,28.0,643.0,10.0,652.0,28.0,659.0,14.0,638.5,0.0
2,81600,MAGNIFICENT_MACARONS,634.0,20.0,631.0,17.0,624.0,26.0,643.0,10.0,652.0,26.0,659.0,17.0,638.5,0.0
2,81700,MAGNIFICENT_MACARONS,637.0,9.0,633.0,18.0,631.0,11.0,642.0,9.0,652.0,29.0,658.0,11.0,639.5,0.0
2,81800,MAGNIFICENT_MACARONS,637.0,18.0,634.0,13.0,627.0,22.0,646.0,9.0,655.0,22.0,662.0,13.0,641.5,0.0
2,81900,MAGNIFICENT_MACARONS,638.0,16.0,635.0,11.0,628.0,23.0,647.0,8.0,656.0,23.0,663.0,11.0,642.5,0.0
2,82000,MAGNIFICENT_MACARONS,635.0,18.0,633.0,15.0,626.0,29.0,644.0,9.0,654.0,29.0,660.0,15.0,639.5,0.0
2,82100,MAGNIFICENT_MACARONS,634.0,14.0,632.0,15.0,625.0,27.0,639.0,5.0,643.0,7.0,653.0,27.0,636.5,0.0
2,82200,MAGNIFICENT_MACARONS,634.0,10.0,631.0,12.0,624.0,21.0,643.0,5.0,652.0,21.0,659.0,12.0,638.5,0.0
2,82300,MAGNIFICENT_MACARONS,632.0,14.0,630.0,10.0,623.0,21.0,641.0,7.0,651.0,21.0,657.0,10.0,636.5,0.0
2,82400,MAGNIFICENT_MACARONS,635.0,20.0,632.0,12.0,625.0,20.0,644.0,10.0,653.0,20.0,660.0,12.0,639.5,0.0
2,82500,MAGNIFICENT_MACARONS,638.0,18.0,635.0,19.0,628.0,28.0,647.0,9.0,656.0,28.0,663.0,19.0,642.5,0.0
2,82600,MAGNIFICENT_MACARONS,636.0,16.0,634.0,15.0,627.0,28.0,645.0,8.0,655.0,28.0,661.0,15.0,640.5,0.0
2,82700,MAGNIFICENT_MACARONS,634.0,16.0,632.0,17.0,625.0,26.0,643.0,8.0,653.0,26.0,659.0,17.0,638.5,0.0
2,82800,MAGNIFICENT_MACARONS,635.0,12.0,633.0,12.0,626.0,20.0,644.0,6.0,654.0,20.0,660.0,12.0,639.5,0.0
2,82900,MAGNIFICENT_MACARONS,638.0,12.0,636.0,10.0,629.0,25.0,647.0,6.0,657.0,25.0,663.0,10.0,642.5,0.0
2,83000,MAGNIFICENT_MACARONS,638.0,18.0,636.0,14.0,629.0,27.0,647.0,9.0,657.0,27.0,663.0,14.0,642.5,0.0
2,83100,MAGNIFICENT_MACARONS,637.0,10.0,634.0,14.0,627.0,22.0,646.0,5.0,655.0,22.0,662.0,14.0,641.5,0.0
2,83200,MAGNIFICENT_MACARONS,638.0,12.0,635.0,14.0,628.0,21.0,647.0,6.0,656.0,21.0,663.0,14.0,642.5,0.0
2,83300,MAGNIFICENT_MACARONS,640.0,10.0,638.0,14.0,631.0,28.0,649.0,5.0,659.0,28.0,665.0,14.0,644.5,0.0
2,83400,MAGNIFICENT_MACARONS,645.0,18.0,643.0,18.0,636.0,20.0,654.0,9.0,664.0,20.0,670.0,18.0,649.5,0.0
2,83500,MAGNIFICENT_MACARONS,641.0,10.0,639.0,11.0,632.0,28.0,650.0,5.0,660.0,28.0,666.0,11.0,645.5,0.0
2,83600,MAGNIFICENT_MACARONS,641.0,14.0,638.0,12.0,631.0,28.0,650.0,7.0,659.0,28.0,666.0,12.0,645.5,0.0
2,83700,MAGNIFICENT_MACARONS,639.0,12.0,636.0,20.0,629.0,24.0,648.0,6.0,657.0,24.0,664.0,20.0,643.5,0.0
2,83800,MAGNIFICENT_MACARONS,642.0,9.0,638.0,18.0,635.0,18.0,647.0,9.0,656.0,29.0,663.0,18.0,644.5,0.0
2,83900,MAGNIFICENT_MACARONS,633.0,10.0,631.0,13.0,624.0,25.0,642.0,5.0,652.0,25.0,658.0,13.0,637.5,0.0
2,84000,MAGNIFICENT_MACARONS,631.0,16.0,629.0,14.0,622.0,23.0,640.0,8.0,650.0,23.0,656.0,14.0,635.5,0.0
2,84100,MAGNIFICENT_MACARONS,630.0,10.0,628.0,18.0,621.0,24.0,639.0,5.0,649.0,24.0,655.0,18.0,634.5,0.0
2,84200,MAGNIFICENT_MACARONS,631.0,10.0,627.0,20.0,625.0,14.0,636.0,10.0,646.0,27.0,652.0,14.0,633.5,0.0
2,84300,MAGNIFICENT_MACARONS,635.0,9.0,631.0,18.0,628.0,17.0,640.0,9.0,649.0,25.0,656.0,17.0,637.5,0.0
2,84400,MAGNIFICENT_MACARONS,628.0,10.0,626.0,10.0,619.0,29.0,637.0,5.0,647.0,29.0,653.0,10.0,632.5,0.0
2,84500,MAGNIFICENT_MACARONS,629.0,12.0,627.0,15.0,620.0,29.0,638.0,6.0,648.0,29.0,654.0,15.0,633.5,0.0
2,84600,MAGNIFICENT_MACARONS,627.0,12.0,624.0,20.0,617.0,28.0,632.0,6.0,636.0,6.0,645.0,28.0,629.5,0.0
2,84700,MAGNIFICENT_MACARONS,630.0,12.0,627.0,11.0,620.0,20.0,639.0,6.0,648.0,20.0,655.0,11.0,634.5,0.0
2,84800,MAGNIFICENT_MACARONS,626.0,16.0,623.0,13.0,616.0,22.0,635.0,8.0,644.0,22.0,651.0,13.0,630.5,0.0
2,84900,MAGNIFICENT_MACARONS,626.0,14.0,623.0,14.0,616.0,21.0,635.0,7.0,644.0,21.0,651.0,14.0,630.5,0.0
2,85000,MAGNIFICENT_MACARONS,627.0,16.0,624.0,14.0,617.0,29.0,636.0,8.0,645.0,29.0,652.0,14.0,631.5,0.0
2,85100,MAGNIFICENT_MACARONS,628.0,14.0,625.0,12.0,618.0,23.0,637.0,7.0,646.0,23.0,653.0,12.0,632.5,0.0
2,85200,MAGNIFICENT_MACARONS,630.0,18.0,628.0,12.0,621.0,21.0,639.0,9.0,649.0,21.0,655.0,12.0,634.5,0.0
2,85300,MAGNIFICENT_MACARONS,632.0,18.0,630.0,12.0,623.0,29.0,641.0,9.0,651.0,29.0,657.0,12.0,636.5,0.0
2,85400,MAGNIFICENT_MACARONS,628.0,12.0,625.0,10.0,618.0,22.0,637.0,6.0,646.0,22.0,653.0,10.0,632.5,0.0
2,85500,MAGNIFICENT_MACARONS,625.0,12.0,622.0,16.0,615.0,30.0,634.0,6.0,643.0,30.0,650.0,16.0,629.5,0.0
2,85600,MAGNIFICENT_MACARONS,621.0,12.0,619.0,14.0,612.0,29.0,630.0,6.0,640.0,29.0,646.0,14.0,625.5,0.0
2,85700,MAGNIFICENT_MACARONS,619.0,14.0,617.0,17.0,610.0,22.0,628.0,7.0,638.0,22.0,644.0,17.0,623.5,0.0
2,85800,MAGNIFICENT_MACARONS,623.0,16.0,621.0,10.0,614.0,28.0,632.0,8.0,642.0,28.0,648.0,10.0,627.5,0.0
2,85900,MAGNIFICENT_MACARONS,624.0,16.0,621.0,20.0,614.0,20.0,633.0,8.0,642.0,20.0,649.0,20.0,628.5,0.0
2,86000,MAGNIFICENT_MACARONS,624.0,18.0,621.0,10.0,614.0,29.0,633.0,9.0,642.0,29.0,649.0,10.0,628.5,0.0
2,86100,MAGNIFICENT_MACARONS,623.0,12.0,620.0,17.0,613.0,21.0,632.0,6.0,641.0,21.0,648.0,17.0,627.5,0.0
2,86200,MAGNIFICENT_MACARONS,624.0,14.0,621.0,13.0,614.0,25.0,633.0,7.0,642.0,25.0,649.0,13.0,628.5,0.0
2,86300,MAGNIFICENT_MACARONS,628.0,18.0,625.0,11.0,618.0,24.0,637.0,9.0,646.0,24.0,653.0,11.0,632.5,0.0
2,86400,MAGNIFICENT_MACARONS,630.0,14.0,628.0,11.0,621.0,22.0,639.0,7.0,649.0,22.0,655.0,11.0,634.5,0.0
2,86500,MAGNIFICENT_MACARONS,634.0,10.0,630.0,18.0,628.0,11.0,639.0,9.0,649.0,28.0,655.0,11.0,636.5,0.0
2,86600,MAGNIFICENT_MACARONS,628.0,20.0,625.0,17.0,618.0,21.0,637.0,10.0,646.0,21.0,653.0,17.0,632.5,0.0
2,86700,MAGNIFICENT_MACARONS,629.0,14.0,627.0,13.0,620.0,25.0,638.0,7.0,648.0,25.0,654.0,13.0,633.5,0.0
2,86800,MAGNIFICENT_MACARONS,630.0,20.0,628.0,20.0,621.0,28.0,639.0,10.0,649.0,28.0,655.0,20.0,634.5,0.0
2,86900,MAGNIFICENT_MACARONS,628.0,18.0,626.0,15.0,619.0,24.0,637.0,9.0,647.0,24.0,653.0,15.0,632.5,0.0
2,87000,MAGNIFICENT_MACARONS,629.0,12.0,627.0,11.0,620.0,25.0,638.0,6.0,648.0,25.0,654.0,11.0,633.5,0.0
2,87100,MAGNIFICENT_MACARONS,631.0,20.0,628.0,15.0,621.0,23.0,640.0,10.0,649.0,23.0,656.0,15.0,635.5,0.0
2,87200,MAGNIFICENT_MACARONS,629.0,18.0,627.0,13.0,620.0,24.0,638.0,9.0,648.0,24.0,654.0,13.0,633.5,0.0
2,87300,MAGNIFICENT_MACARONS,627.0,20.0,625.0,13.0,618.0,28.0,636.0,10.0,646.0,28.0,652.0,13.0,631.5,0.0
2,87400,MAGNIFICENT_MACARONS,629.0,18.0,626.0,14.0,619.0,22.0,638.0,9.0,647.0,22.0,654.0,14.0,633.5,0.0
2,87500,MAGNIFICENT_MACARONS,625.0,10.0,623.0,14.0,616.0,26.0,634.0,5.0,644.0,26.0,650.0,14.0,629.5,0.0
2,87600,MAGNIFICENT_MACARONS,624.0,14.0,621.0,19.0,614.0,25.0,633.0,7.0,642.0,25.0,649.0,19.0,628.5,0.0
2,87700,MAGNIFICENT_MACARONS,627.0,12.0,625.0,11.0,618.0,22.0,636.0,6.0,646.0,22.0,652.0,11.0,631.5,0.0
2,87800,MAGNIFICENT_MACARONS,628.0,10.0,625.0,19.0,618.0,22.0,637.0,5.0,646.0,22.0,653.0,19.0,632.5,0.0
2,87900,MAGNIFICENT_MACARONS,635.0,6.0,631.0,12.0,628.0,15.0,640.0,6.0,649.0,23.0,656.0,15.0,637.5,0.0
2,88000,MAGNIFICENT_MACARONS,630.0,18.0,628.0,18.0,621.0,26.0,640.0,9.0,649.0,26.0,656.0,18.0,635.0,0.0
2,88100,MAGNIFICENT_MACARONS,629.0,12.0,626.0,10.0,619.0,25.0,638.0,6.0,647.0,25.0,654.0,10.0,633.5,0.0
2,88200,MAGNIFICENT_MACARONS,631.0,20.0,628.0,17.0,621.0,20.0,640.0,10.0,649.0,20.0,656.0,17.0,635.5,0.0
2,88300,MAGNIFICENT_MACARONS,628.0,18.0,626.0,19.0,619.0,27.0,637.0,9.0,647.0,27.0,653.0,19.0,632.5,0.0
2,88400,MAGNIFICENT_MACARONS,619.0,18.0,617.0,12.0,610.0,25.0,628.0,9.0,638.0,25.0,644.0,12.0,623.5,0.0
2,88500,MAGNIFICENT_MACARONS,619.0,14.0,617.0,12.0,610.0,24.0,628.0,7.0,638.0,24.0,644.0,12.0,623.5,0.0
2,88600,MAGNIFICENT_MACARONS,618.0,12.0,615.0,13.0,608.0,26.0,627.0,6.0,636.0,26.0,643.0,13.0,622.5,0.0
2,88700,MAGNIFICENT_MACARONS,620.0,10.0,617.0,17.0,610.0,20.0,625.0,8.0,629.0,5.0,638.0,20.0,622.5,0.0
2,88800,MAGNIFICENT_MACARONS,621.0,10.0,619.0,10.0,612.0,22.0,630.0,5.0,640.0,22.0,646.0,10.0,625.5,0.0
2,88900,MAGNIFICENT_MACARONS,621.0,16.0,618.0,13.0,611.0,25.0,630.0,8.0,639.0,25.0,646.0,13.0,625.5,0.0
2,89000,MAGNIFICENT_MACARONS,621.0,12.0,619.0,15.0,612.0,21.0,630.0,6.0,640.0,21.0,646.0,15.0,625.5,0.0
2,89100,MAGNIFICENT_MACARONS,620.0,14.0,618.0,15.0,611.0,30.0,629.0,7.0,639.0,30.0,645.0,15.0,624.5,0.0
2,89200,MAGNIFICENT_MACARONS,621.0,20.0,619.0,17.0,612.0,26.0,630.0,10.0,640.0,26.0,646.0,17.0,625.5,0.0
2,89300,MAGNIFICENT_MACARONS,623.0,18.0,620.0,15.0,614.0,25.0,632.0,9.0,641.0,25.0,647.0,15.0,627.5,0.0
2,89400,MAGNIFICENT_MACARONS,618.0,20.0,615.0,11.0,609.0,25.0,627.0,10.0,636.0,25.0,642.0,11.0,622.5,0.0
2,89500,MAGNIFICENT_MACARONS,616.0,18.0,613.0,15.0,607.0,30.0,625.0,9.0,634.0,30.0,640.0,15.0,620.5,0.0
2,89600,MAGNIFICENT_MACARONS,619.0,18.0,617.0,11.0,610.0,29.0,628.0,9.0,637.0,29.0,644.0,11.0,623.5,0.0
2,89700,MAGNIFICENT_MACARONS,619.0,10.0,616.0,15.0,610.0,30.0,628.0,5.0,637.0,30.0,644.0,15.0,623.5,0.0
2,89800,MAGNIFICENT_MACARONS,619.0,10.0,617.0,16.0,610.0,26.0,628.0,5.0,637.0,26.0,644.0,16.0,623.5,0.0
2,89900,MAGNIFICENT_MACARONS,617.0,18.0,614.0,14.0,608.0,25.0,626.0,9.0,635.0,25.0,641.0,14.0,621.5,0.0
2,90000,MAGNIFICENT_MACARONS,616.0,14.0,614.0,16.0,607.0,20.0,625.0,7.0,634.0,20.0,641.0,16.0,620.5,0.0
2,90100,MAGNIFICENT_MACARONS,623.0,8.0,619.0,10.0,616.0,10.0,628.0,5.0,637.0,20.0,643.0,10.0,625.5,0.0
2,90200,MAGNIFICENT_MACARONS,618.0,10.0,616.0,13.0,609.0,29.0,627.0,5.0,636.0,29.0,643.0,13.0,622.5,0.0
2,90300,MAGNIFICENT_MACARONS,623.0,18.0,620.0,11.0,614.0,30.0,632.0,9.0,641.0,30.0,647.0,11.0,627.5,0.0
2,90400,MAGNIFICENT_MACARONS,619.0,16.0,617.0,10.0,610.0,25.0,628.0,8.0,637.0,25.0,644.0,10.0,623.5,0.0
2,90500,MAGNIFICENT_MACARONS,615.0,14.0,613.0,17.0,606.0,20.0,624.0,7.0,633.0,20.0,640.0,17.0,619.5,0.0
2,90600,MAGNIFICENT_MACARONS,617.0,18.0,615.0,14.0,608.0,28.0,626.0,9.0,635.0,28.0,642.0,14.0,621.5,0.0
2,90700,MAGNIFICENT_MACARONS,616.0,10.0,614.0,12.0,607.0,27.0,625.0,5.0,634.0,27.0,641.0,12.0,620.5,0.0
2,90800,MAGNIFICENT_MACARONS,613.0,14.0,611.0,11.0,604.0,24.0,622.0,7.0,631.0,24.0,638.0,11.0,617.5,0.0
2,90900,MAGNIFICENT_MACARONS,612.0,16.0,609.0,11.0,603.0,23.0,621.0,8.0,630.0,23.0,636.0,11.0,616.5,0.0
2,91000,MAGNIFICENT_MACARONS,608.0,18.0,606.0,15.0,599.0,24.0,617.0,9.0,626.0,24.0,633.0,15.0,612.5,0.0
2,91100,MAGNIFICENT_MACARONS,613.0,18.0,610.0,11.0,604.0,28.0,622.0,9.0,631.0,28.0,637.0,11.0,617.5,0.0
2,91200,MAGNIFICENT_MACARONS,611.0,10.0,609.0,12.0,602.0,28.0,620.0,5.0,629.0,28.0,636.0,12.0,615.5,0.0
2,91300,MAGNIFICENT_MACARONS,614.0,20.0,611.0,15.0,605.0,21.0,623.0,10.0,632.0,21.0,638.0,15.0,618.5,0.0
2,91400,MAGNIFICENT_MACARONS,612.0,18.0,609.0,14.0,603.0,21.0,621.0,9.0,630.0,21.0,636.0,14.0,616.5,0.0
2,91500,MAGNIFICENT_MACARONS,611.0,16.0,609.0,19.0,602.0,24.0,620.0,8.0,629.0,24.0,636.0,19.0,615.5,0.0
2,91600,MAGNIFICENT_MACARONS,608.0,20.0,606.0,19.0,599.0,25.0,617.0,10.0,626.0,25.0,633.0,19.0,612.5,0.0
2,91700,MAGNIFICENT_MACARONS,610.0,16.0,607.0,14.0,601.0,27.0,619.0,8.0,628.0,27.0,634.0,14.0,614.5,0.0
2,91800,MAGNIFICENT_MACARONS,606.0,18.0,604.0,10.0,597.0,27.0,615.0,9.0,624.0,27.0,631.0,10.0,610.5,0.0
2,91900,MAGNIFICENT_MACARONS,608.0,14.0,606.0,15.0,599.0,23.0,617.0,7.0,626.0,23.0,633.0,15.0,612.5,0.0
2,92000,MAGNIFICENT_MACARONS,608.0,14.0,606.0,19.0,599.0,20.0,617.0,7.0,626.0,20.0,633.0,19.0,612.5,0.0
2,92100,MAGNIFICENT_MACARONS,607.0,18.0,604.0,10.0,598.0,28.0,616.0,9.0,625.0,28.0,631.0,10.0,611.5,0.0
2,92200,MAGNIFICENT_MACARONS,608.0,18.0,606.0,18.0,599.0,25.0,617.0,9.0,626.0,25.0,633.0,18.0,612.5,0.0
2,92300,MAGNIFICENT_MACARONS,607.0,16.0,604.0,20.0,598.0,30.0,616.0,8.0,625.0,30.0,631.0,20.0,611.5,0.0
2,92400,MAGNIFICENT_MACARONS,606.0,12.0,603.0,12.0,597.0,23.0,615.0,6.0,624.0,23.0,630.0,12.0,610.5,0.0
2,92500,MAGNIFICENT_MACARONS,607.0,18.0,605.0,17.0,598.0,25.0,616.0,9.0,625.0,25.0,632.0,17.0,611.5,0.0
2,92600,MAGNIFICENT_MACARONS,602.0,10.0,599.0,11.0,593.0,25.0,611.0,5.0,620.0,25.0,626.0,11.0,606.5,0.0
2,92700,MAGNIFICENT_MACARONS,604.0,20.0,602.0,17.0,595.0,21.0,613.0,10.0,622.0,21.0,629.0,17.0,608.5,0.0
2,92800,MAGNIFICENT_MACARONS,603.0,20.0,601.0,15.0,594.0,24.0,612.0,10.0,621.0,24.0,628.0,15.0,607.5,0.0
2,92900,MAGNIFICENT_MACARONS,603.0,18.0,600.0,20.0,594.0,27.0,612.0,9.0,621.0,27.0,627.0,20.0,607.5,0.0
2,93000,MAGNIFICENT_MACARONS,604.0,18.0,602.0,11.0,595.0,23.0,613.0,9.0,622.0,23.0,629.0,11.0,608.5,0.0
2,93100,MAGNIFICENT_MACARONS,603.0,10.0,601.0,20.0,594.0,24.0,612.0,5.0,621.0,24.0,628.0,20.0,607.5,0.0
2,93200,MAGNIFICENT_MACARONS,606.0,16.0,604.0,17.0,597.0,29.0,615.0,8.0,624.0,29.0,631.0,17.0,610.5,0.0
2,93300,MAGNIFICENT_MACARONS,607.0,16.0,605.0,20.0,598.0,21.0,615.0,8.0,624.0,21.0,630.0,20.0,611.0,0.0
2,93400,MAGNIFICENT_MACARONS,608.0,10.0,606.0,20.0,599.0,24.0,616.0,5.0,625.0,24.0,631.0,20.0,612.0,0.0
2,93500,MAGNIFICENT_MACARONS,606.0,12.0,604.0,11.0,597.0,27.0,614.0,6.0,623.0,27.0,629.0,11.0,610.0,0.0
2,93600,MAGNIFICENT_MACARONS,607.0,10.0,604.0,11.0,598.0,22.0,615.0,5.0,624.0,22.0,630.0,11.0,611.0,0.0
2,93700,MAGNIFICENT_MACARONS,606.0,20.0,604.0,12.0,597.0,25.0,614.0,10.0,623.0,25.0,629.0,12.0,610.0,0.0
2,93800,MAGNIFICENT_MACARONS,605.0,12.0,603.0,12.0,596.0,30.0,613.0,6.0,622.0,30.0,628.0,12.0,609.0,0.0
2,93900,MAGNIFICENT_MACARONS,603.0,16.0,600.0,12.0,594.0,28.0,611.0,8.0,620.0,28.0,626.0,12.0,607.0,0.0
2,94000,MAGNIFICENT_MACARONS,601.0,18.0,598.0,15.0,592.0,26.0,609.0,9.0,618.0,26.0,624.0,15.0,605.0,0.0
2,94100,MAGNIFICENT_MACARONS,595.0,20.0,593.0,14.0,586.0,20.0,600.0,5.0,603.0,10.0,612.0,20.0,597.5,0.0
2,94200,MAGNIFICENT_MACARONS,593.0,14.0,591.0,12.0,584.0,30.0,601.0,7.0,610.0,30.0,616.0,12.0,597.0,0.0
2,94300,MAGNIFICENT_MACARONS,595.0,12.0,593.0,20.0,586.0,22.0,603.0,6.0,612.0,22.0,618.0,20.0,599.0,0.0
2,94400,MAGNIFICENT_MACARONS,592.0,10.0,590.0,15.0,583.0,25.0,600.0,5.0,609.0,25.0,615.0,15.0,596.0,0.0
2,94500,MAGNIFICENT_MACARONS,591.0,12.0,588.0,19.0,582.0,22.0,595.0,9.0,599.0,6.0,608.0,22.0,593.0,0.0
2,94600,MAGNIFICENT_MACARONS,593.0,18.0,591.0,16.0,584.0,20.0,601.0,9.0,610.0,20.0,616.0,16.0,597.0,0.0
2,94700,MAGNIFICENT_MACARONS,596.0,12.0,594.0,15.0,587.0,20.0,604.0,6.0,613.0,20.0,619.0,15.0,600.0,0.0
2,94800,MAGNIFICENT_MACARONS,593.0,18.0,590.0,14.0,584.0,24.0,601.0,9.0,610.0,24.0,616.0,14.0,597.0,0.0
2,94900,MAGNIFICENT_MACARONS,593.0,16.0,590.0,13.0,584.0,21.0,597.0,10.0,601.0,8.0,610.0,21.0,595.0,0.0
2,95000,MAGNIFICENT_MACARONS,592.0,12.0,590.0,13.0,583.0,25.0,601.0,6.0,610.0,25.0,616.0,13.0,596.5,0.0
2,95100,MAGNIFICENT_MACARONS,590.0,10.0,588.0,12.0,581.0,29.0,598.0,5.0,607.0,29.0,613.0,12.0,594.0,0.0
2,95200,MAGNIFICENT_MACARONS,596.0,5.0,591.0,10.0,589.0,20.0,599.0,5.0,608.0,22.0,614.0,20.0,597.5,0.0
2,95300,MAGNIFICENT_MACARONS,594.0,14.0,592.0,13.0,585.0,25.0,602.0,7.0,611.0,25.0,617.0,13.0,598.0,0.0
2,95400,MAGNIFICENT_MACARONS,596.0,12.0,594.0,13.0,587.0,30.0,604.0,6.0,613.0,30.0,619.0,13.0,600.0,0.0
2,95500,MAGNIFICENT_MACARONS,596.0,14.0,594.0,16.0,587.0,29.0,605.0,7.0,614.0,29.0,620.0,16.0,600.5,0.0
2,95600,MAGNIFICENT_MACARONS,601.0,20.0,598.0,14.0,592.0,26.0,605.0,9.0,609.0,10.0,618.0,26.0,603.0,0.0
2,95700,MAGNIFICENT_MACARONS,596.0,20.0,593.0,15.0,587.0,20.0,604.0,10.0,613.0,20.0,619.0,15.0,600.0,0.0
2,95800,MAGNIFICENT_MACARONS,594.0,14.0,591.0,10.0,585.0,21.0,602.0,7.0,611.0,21.0,617.0,10.0,598.0,0.0
