timestamp,buyer,seller,symbol,currency,price,quantity
1500,Caesar,Paris,MAGNIFICENT_MACARONS,SEASHELLS,660.0,5
2400,Paris,Charlie,MAGNIFICENT_MACARONS,SEASHELLS,684.0,4
8000,Camilla,Camilla,MAGNIFICENT_MACARONS,SEASHELLS,667.0,2
8600,Paris,Charlie,MAGNIFICENT_MACARONS,SEASHELLS,658.0,6
9400,Caesar,Paris,MAGNIFICENT_MACARONS,SEASHELLS,652.0,5
12100,Paris,Paris,MAGNIFICENT_MACARONS,SEASHELLS,630.0,5
15200,Paris,Charlie,MAGNIFICENT_MACARONS,SEASHELLS,645.0,6
16500,Paris,Charlie,MAGNIFICENT_MACARONS,SEASHELLS,663.0,6
17900,Paris,Charlie,MAGNIFICENT_MACARONS,SEASHELLS,665.0,5
20500,Camilla,Camilla,MAGNIFICENT_MACARONS,SEASHELLS,649.0,2
22400,Paris,Charlie,MAGNIFICENT_MACARONS,SEASHELLS,651.0,5
25700,Caesar,Paris,MAGNIFICENT_MACARONS,SEASHELLS,652.0,5
29100,Camilla,Camilla,MAGNIFICENT_MACARONS,SEASHELLS,675.0,3
35400,Caesar,Paris,MAGNIFICENT_MACARONS,SEASHELLS,639.0,7
42900,Paris,Charlie,MAGNIFICENT_MACARONS,SEASHELLS,630.0,5
46600,Camilla,Camilla,MAGNIFICENT_MACARONS,SEASHELLS,603.0,3
48200,Paris,Charlie,MAGNIFICENT_MACARONS,SEASHELLS,615.0,4
50700,Paris,Charlie,MAGNIFICENT_MACARONS,SEASHELLS,605.0,7
52000,Caesar,Paris,MAGNIFICENT_MACARONS,SEASHELLS,587.0,4
55400,Camilla,Paris,MAGNIFICENT_MACARONS,SEASHELLS,567.0,3
55700,Caesar,Paris,MAGNIFICENT_MACARONS,SEASHELLS,562.0,5
55800,Camilla,Caesar,MAGNIFICENT_MACARONS,SEASHELLS,573.0,4
60100,Caesar,Paris,MAGNIFICENT_MACARONS,SEASHELLS,585.0,4
67800,Caesar,Paris,MAGNIFICENT_MACARONS,SEASHELLS,569.0,7
69100,Caesar,Paris,MAGNIFICENT_MACARONS,SEASHELLS,586.0,7
74600,Camilla,Camilla,MAGNIFICENT_MACARONS,SEASHELLS,639.0,3
75200,Paris,Charlie,MAGNIFICENT_MACARONS,SEASHELLS,646.0,5
75600,Caesar,Paris,MAGNIFICENT_MACARONS,SEASHELLS,641.0,5
75600,Charlie,Paris,MAGNIFICENT_MACARONS,SEASHELLS,641.0,2
75800,Paris,Charlie,MAGNIFICENT_MACARONS,SEASHELLS,650.0,6
77200,Paris,Charlie,MAGNIFICENT_MACARONS,SEASHELLS,632.0,5
79800,Paris,Charlie,MAGNIFICENT_MACARONS,SEASHELLS,638.0,6
88500,Caesar,Paris,MAGNIFICENT_MACARONS,SEASHELLS,619.0,4
91300,Paris,Charlie,MAGNIFICENT_MACARONS,SEASHELLS,623.0,7
96600,Camilla,Camilla,MAGNIFICENT_MACARONS,SEASHELLS,596.0,3
99000,Camilla,Camilla,MAGNIFICENT_MACARONS,SEASHELLS,595.0,3
100000,Paris,Charlie,MAGNIFICENT_MACARONS,SEASHELLS,593.0,5
100100,Paris,Charlie,MAGNIFICENT_MACARONS,SEASHELLS,596.0,7
101100,Paris,Charlie,MAGNIFICENT_MACARONS,SEASHELLS,588.0,5
102700,Caesar,Paris,MAGNIFICENT_MACARONS,SEASHELLS,568.0,6
107200,Paris,Charlie,MAGNIFICENT_MACARONS,SEASHELLS,593.0,5
107500,Caesar,Camilla,MAGNIFICENT_MACARONS,SEASHELLS,586.0,5
108500,Camilla,Camilla,MAGNIFICENT_MACARONS,SEASHELLS,589.0,5
111600,Caesar,Paris,MAGNIFICENT_MACARONS,SEASHELLS,571.0,5
119600,Paris,Charlie,MAGNIFICENT_MACARONS,SEASHELLS,572.0,6
125300,Caesar,Paris,MAGNIFICENT_MACARONS,SEASHELLS,555.0,5
127800,Caesar,Paris,MAGNIFICENT_MACARONS,SEASHELLS,568.0,5
131900,Paris,Charlie,MAGNIFICENT_MACARONS,SEASHELLS,577.0,4
135400,Paris,Charlie,MAGNIFICENT_MACARONS,SEASHELLS,580.0,5
136500,Camilla,Camilla,MAGNIFICENT_MACARONS,SEASHELLS,580.0,4
136800,Caesar,Paris,MAGNIFICENT_MACARONS,SEASHELLS,578.0,7
137200,Camilla,Camilla,MAGNIFICENT_MACARONS,SEASHELLS,584.0,3
138100,Caesar,Paris,MAGNIFICENT_MACARONS,SEASHELLS,570.0,6
142900,Paris,Charlie,MAGNIFICENT_MACARONS,SEASHELLS,593.0,7
144000,Caesar,Paris,MAGNIFICENT_MACARONS,SEASHELLS,574.0,5
158900,Paris,Charlie,MAGNIFICENT_MACARONS,SEASHELLS,570.0,5
159400,Camilla,Caesar,MAGNIFICENT_MACARONS,SEASHELLS,570.0,2
159900,Paris,Charlie,MAGNIFICENT_MACARONS,SEASHELLS,567.0,5
163200,Caesar,Paris,MAGNIFICENT_MACARONS,SEASHELLS,557.0,5
171800,Caesar,Paris,MAGNIFICENT_MACARONS,SEASHELLS,559.0,5
173900,Caesar,Paris,MAGNIFICENT_MACARONS,SEASHELLS,539.0,5
176700,Paris,Charlie,MAGNIFICENT_MACARONS,SEASHELLS,543.0,5
179900,Paris,Charlie,MAGNIFICENT_MACARONS,SEASHELLS,564.0,7
180300,Camilla,Camilla,MAGNIFICENT_MACARONS,SEASHELLS,559.0,4
193300,Paris,Charlie,MAGNIFICENT_MACARONS,SEASHELLS,552.0,4
200100,Caesar,Paris,MAGNIFICENT_MACARONS,SEASHELLS,551.0,7
202400,Camilla,Camilla,MAGNIFICENT_MACARONS,SEASHELLS,553.0,4
203000,Paris,Charlie,MAGNIFICENT_MACARONS,SEASHELLS,573.0,6
207100,Caesar,Paris,MAGNIFICENT_MACARONS,SEASHELLS,575.0,4
211400,Caesar,Paris,MAGNIFICENT_MACARONS,SEASHELLS,581.0,4
214200,Camilla,Camilla,MAGNIFICENT_MACARONS,SEASHELLS,588.0,2
215700,Paris,Charlie,MAGNIFICENT_MACARONS,SEASHELLS,593.0,5
216400,Caesar,Paris,MAGNIFICENT_MACARONS,SEASHELLS,591.0,4
226600,Paris,Charlie,MAGNIFICENT_MACARONS,SEASHELLS,582.0,5
231500,Paris,Charlie,MAGNIFICENT_MACARONS,SEASHELLS,592.0,6
233200,Caesar,Paris,MAGNIFICENT_MACARONS,SEASHELLS,587.0,4
235100,Caesar,Paris,MAGNIFICENT_MACARONS,SEASHELLS,589.0,5
240800,Paris,Charlie,MAGNIFICENT_MACARONS,SEASHELLS,640.0,4
246500,Paris,Charlie,MAGNIFICENT_MACARONS,SEASHELLS,670.0,5
251200,Camilla,Camilla,MAGNIFICENT_MACARONS,SEASHELLS,658.0,5
254900,Camilla,Camilla,MAGNIFICENT_MACARONS,SEASHELLS,644.0,4
257500,Paris,Charlie,MAGNIFICENT_MACARONS,SEASHELLS,653.0,6
267300,Paris,Charlie,MAGNIFICENT_MACARONS,SEASHELLS,663.0,5
268300,Camilla,Camilla,MAGNIFICENT_MACARONS,SEASHELLS,666.0,3
268600,Paris,Charlie,MAGNIFICENT_MACARONS,SEASHELLS,671.0,6
272900,Caesar,Paris,MAGNIFICENT_MACARONS,SEASHELLS,669.0,6
275700,Paris,Charlie,MAGNIFICENT_MACARONS,SEASHELLS,679.0,6
278400,Caesar,Paris,MAGNIFICENT_MACARONS,SEASHELLS,649.0,4
281700,Paris,Charlie,MAGNIFICENT_MACARONS,SEASHELLS,666.0,5
283100,Caesar,Paris,MAGNIFICENT_MACARONS,SEASHELLS,653.0,4
284500,Paris,Charlie,MAGNIFICENT_MACARONS,SEASHELLS,653.0,5
285400,Caesar,Paris,MAGNIFICENT_MACARONS,SEASHELLS,656.0,5
293300,Paris,Charlie,MAGNIFICENT_MACARONS,SEASHELLS,629.0,5
294400,Caesar,Paris,MAGNIFICENT_MACARONS,SEASHELLS,622.0,4
296000,Caesar,Paris,MAGNIFICENT_MACARONS,SEASHELLS,622.0,4
300400,Camilla,Camilla,MAGNIFICENT_MACARONS,SEASHELLS,643.0,4
302100,Caesar,Paris,MAGNIFICENT_MACARONS,SEASHELLS,642.0,4
302500,Paris,Charlie,MAGNIFICENT_MACARONS,SEASHELLS,653.0,7
308500,Camilla,Camilla,MAGNIFICENT_MACARONS,SEASHELLS,631.0,3
326800,Paris,Charlie,MAGNIFICENT_MACARONS,SEASHELLS,660.0,6
327400,Paris,Charlie,MAGNIFICENT_MACARONS,SEASHELLS,657.0,7
330300,Caesar,Paris,MAGNIFICENT_MACARONS,SEASHELLS,657.0,6
331200,Caesar,Paris,MAGNIFICENT_MACARONS,SEASHELLS,654.0,6
331300,Camilla,Camilla,MAGNIFICENT_MACARONS,SEASHELLS,659.0,2
332400,Caesar,Paris,MAGNIFICENT_MACARONS,SEASHELLS,668.0,5
334800,Paris,Charlie,MAGNIFICENT_MACARONS,SEASHELLS,682.0,7
335200,Paris,Charlie,MAGNIFICENT_MACARONS,SEASHELLS,680.0,4
336000,Paris,Charlie,MAGNIFICENT_MACARONS,SEASHELLS,685.0,7
342200,Paris,Camilla,MAGNIFICENT_MACARONS,SEASHELLS,720.0,3
343500,Camilla,Camilla,MAGNIFICENT_MACARONS,SEASHELLS,702.0,3
345600,Paris,Charlie,MAGNIFICENT_MACARONS,SEASHELLS,720.0,7
345800,Paris,Charlie,MAGNIFICENT_MACARONS,SEASHELLS,725.0,5
346600,Camilla,Camilla,MAGNIFICENT_MACARONS,SEASHELLS,733.0,3
348000,Camilla,Camilla,MAGNIFICENT_MACARONS,SEASHELLS,723.0,5
351200,Camilla,Camilla,MAGNIFICENT_MACARONS,SEASHELLS,714.0,4
351300,Paris,Charlie,MAGNIFICENT_MACARONS,SEASHELLS,717.0,7
354900,Paris,Paris,MAGNIFICENT_MACARONS,SEASHELLS,728.0,4
355700,Paris,Charlie,MAGNIFICENT_MACARONS,SEASHELLS,728.0,4
356000,Paris,Charlie,MAGNIFICENT_MACARONS,SEASHELLS,724.0,5
361900,Caesar,Paris,MAGNIFICENT_MACARONS,SEASHELLS,700.0,5
361900,Charlie,Paris,MAGNIFICENT_MACARONS,SEASHELLS,700.0,2
367700,Paris,Charlie,MAGNIFICENT_MACARONS,SEASHELLS,694.0,7
369600,Paris,Charlie,MAGNIFICENT_MACARONS,SEASHELLS,694.0,6
370500,Caesar,Paris,MAGNIFICENT_MACARONS,SEASHELLS,671.0,5
370800,Paris,Charlie,MAGNIFICENT_MACARONS,SEASHELLS,684.0,5
375900,Caesar,Paris,MAGNIFICENT_MACARONS,SEASHELLS,674.0,4
377300,Paris,Charlie,MAGNIFICENT_MACARONS,SEASHELLS,671.0,5
382900,Caesar,Paris,MAGNIFICENT_MACARONS,SEASHELLS,667.0,4
384800,Paris,Charlie,MAGNIFICENT_MACARONS,SEASHELLS,680.0,4
390000,Caesar,Paris,MAGNIFICENT_MACARONS,SEASHELLS,666.0,4
404000,Caesar,Paris,MAGNIFICENT_MACARONS,SEASHELLS,663.0,5
404900,Caesar,Paris,MAGNIFICENT_MACARONS,SEASHELLS,657.0,5
404900,Charlie,Paris,MAGNIFICENT_MACARONS,SEASHELLS,657.0,2
405700,Caesar,Paris,MAGNIFICENT_MACARONS,SEASHELLS,658.0,6
407300,Caesar,Paris,MAGNIFICENT_MACARONS,SEASHELLS,664.0,5
410200,Paris,Charlie,MAGNIFICENT_MACARONS,SEASHELLS,700.0,7
415400,Paris,Charlie,MAGNIFICENT_MACARONS,SEASHELLS,710.0,4
415700,Caesar,Paris,MAGNIFICENT_MACARONS,SEASHELLS,700.0,5
415700,Charlie,Paris,MAGNIFICENT_MACARONS,SEASHELLS,700.0,1
417800,Caesar,Paris,MAGNIFICENT_MACARONS,SEASHELLS,713.0,5
421700,Paris,Charlie,MAGNIFICENT_MACARONS,SEASHELLS,691.0,7
423900,Camilla,Camilla,MAGNIFICENT_MACARONS,SEASHELLS,686.0,3
427600,Paris,Charlie,MAGNIFICENT_MACARONS,SEASHELLS,658.0,5
428900,Paris,Charlie,MAGNIFICENT_MACARONS,SEASHELLS,667.0,7
430000,Caesar,Camilla,MAGNIFICENT_MACARONS,SEASHELLS,653.0,5
434300,Paris,Charlie,MAGNIFICENT_MACARONS,SEASHELLS,660.0,5
444100,Paris,Charlie,MAGNIFICENT_MACARONS,SEASHELLS,705.0,5
447400,Paris,Charlie,MAGNIFICENT_MACARONS,SEASHELLS,692.0,6
449400,Camilla,Camilla,MAGNIFICENT_MACARONS,SEASHELLS,690.0,3
450700,Camilla,Camilla,MAGNIFICENT_MACARONS,SEASHELLS,690.0,2
457800,Paris,Paris,MAGNIFICENT_MACARONS,SEASHELLS,713.0,7
458100,Camilla,Camilla,MAGNIFICENT_MACARONS,SEASHELLS,710.0,5
462000,Caesar,Paris,MAGNIFICENT_MACARONS,SEASHELLS,723.0,6
466900,Paris,Charlie,MAGNIFICENT_MACARONS,SEASHELLS,722.0,6
467300,Paris,Charlie,MAGNIFICENT_MACARONS,SEASHELLS,727.0,5
469700,Camilla,Camilla,MAGNIFICENT_MACARONS,SEASHELLS,732.0,5
471500,Caesar,Paris,MAGNIFICENT_MACARONS,SEASHELLS,755.0,6
472500,Caesar,Paris,MAGNIFICENT_MACARONS,SEASHELLS,752.0,4
472600,Caesar,Paris,MAGNIFICENT_MACARONS,SEASHELLS,750.0,4
474600,Camilla,Camilla,MAGNIFICENT_MACARONS,SEASHELLS,752.0,5
474800,Caesar,Paris,MAGNIFICENT_MACARONS,SEASHELLS,748.0,7
475100,Paris,Charlie,MAGNIFICENT_MACARONS,SEASHELLS,755.0,5
475500,Caesar,Paris,MAGNIFICENT_MACARONS,SEASHELLS,734.0,5
478000,Camilla,Caesar,MAGNIFICENT_MACARONS,SEASHELLS,735.0,5
478700,Paris,Charlie,MAGNIFICENT_MACARONS,SEASHELLS,726.0,4
480100,Paris,Charlie,MAGNIFICENT_MACARONS,SEASHELLS,722.0,5
480900,Caesar,Paris,MAGNIFICENT_MACARONS,SEASHELLS,716.0,5
482400,Paris,Charlie,MAGNIFICENT_MACARONS,SEASHELLS,728.0,5
482600,Camilla,Camilla,MAGNIFICENT_MACARONS,SEASHELLS,724.0,3
482900,Caesar,Paris,MAGNIFICENT_MACARONS,SEASHELLS,725.0,6
483700,Paris,Charlie,MAGNIFICENT_MACARONS,SEASHELLS,732.0,5
484400,Caesar,Paris,MAGNIFICENT_MACARONS,SEASHELLS,730.0,5
491600,Camilla,Camilla,MAGNIFICENT_MACARONS,SEASHELLS,708.0,2
494900,Caesar,Paris,MAGNIFICENT_MACARONS,SEASHELLS,700.0,5
494900,Charlie,Paris,MAGNIFICENT_MACARONS,SEASHELLS,700.0,2
496300,Paris,Charlie,MAGNIFICENT_MACARONS,SEASHELLS,714.0,5
499800,Caesar,Paris,MAGNIFICENT_MACARONS,SEASHELLS,681.0,4
502400,Paris,Charlie,MAGNIFICENT_MACARONS,SEASHELLS,673.0,5
502600,Paris,Charlie,MAGNIFICENT_MACARONS,SEASHELLS,668.0,5
503300,Caesar,Paris,MAGNIFICENT_MACARONS,SEASHELLS,663.0,4
506800,Caesar,Paris,MAGNIFICENT_MACARONS,SEASHELLS,647.0,4
512300,Camilla,Camilla,MAGNIFICENT_MACARONS,SEASHELLS,657.0,4
518000,Camilla,Camilla,MAGNIFICENT_MACARONS,SEASHELLS,652.0,2
519400,Paris,Charlie,MAGNIFICENT_MACARONS,SEASHELLS,638.0,5
520100,Caesar,Paris,MAGNIFICENT_MACARONS,SEASHELLS,638.0,7
526400,Paris,Charlie,MAGNIFICENT_MACARONS,SEASHELLS,682.0,5
527700,Paris,Charlie,MAGNIFICENT_MACARONS,SEASHELLS,686.0,7
528500,Paris,Paris,MAGNIFICENT_MACARONS,SEASHELLS,693.0,4
531200,Paris,Charlie,MAGNIFICENT_MACARONS,SEASHELLS,695.0,6
534600,Caesar,Paris,MAGNIFICENT_MACARONS,SEASHELLS,694.0,4
541500,Paris,Charlie,MAGNIFICENT_MACARONS,SEASHELLS,722.0,4
544300,Paris,Charlie,MAGNIFICENT_MACARONS,SEASHELLS,712.0,6
546600,Paris,Charlie,MAGNIFICENT_MACARONS,SEASHELLS,704.0,5
550600,Paris,Charlie,MAGNIFICENT_MACARONS,SEASHELLS,684.0,7
552600,Paris,Paris,MAGNIFICENT_MACARONS,SEASHELLS,687.0,7
562100,Paris,Charlie,MAGNIFICENT_MACARONS,SEASHELLS,665.0,5
574900,Paris,Charlie,MAGNIFICENT_MACARONS,SEASHELLS,645.0,5
575800,Caesar,Paris,MAGNIFICENT_MACARONS,SEASHELLS,635.0,4
576600,Camilla,Camilla,MAGNIFICENT_MACARONS,SEASHELLS,643.0,2
577500,Camilla,Paris,MAGNIFICENT_MACARONS,SEASHELLS,647.0,2
577800,Caesar,Paris,MAGNIFICENT_MACARONS,SEASHELLS,641.0,5
582300,Camilla,Camilla,MAGNIFICENT_MACARONS,SEASHELLS,658.0,4
587800,Camilla,Camilla,MAGNIFICENT_MACARONS,SEASHELLS,673.0,3
587900,Camilla,Camilla,MAGNIFICENT_MACARONS,SEASHELLS,676.0,3
588400,Caesar,Paris,MAGNIFICENT_MACARONS,SEASHELLS,674.0,6
591400,Paris,Charlie,MAGNIFICENT_MACARONS,SEASHELLS,681.0,6
594800,Paris,Charlie,MAGNIFICENT_MACARONS,SEASHELLS,652.0,4
596700,Caesar,Paris,MAGNIFICENT_MACARONS,SEASHELLS,648.0,6
598900,Paris,Charlie,MAGNIFICENT_MACARONS,SEASHELLS,651.0,7
599300,Caesar,Paris,MAGNIFICENT_MACARONS,SEASHELLS,644.0,4
601100,Paris,Charlie,MAGNIFICENT_MACARONS,SEASHELLS,643.0,4
602200,Caesar,Paris,MAGNIFICENT_MACARONS,SEASHELLS,646.0,4
607300,Caesar,Paris,MAGNIFICENT_MACARONS,SEASHELLS,634.0,4
609300,Paris,Charlie,MAGNIFICENT_MACARONS,SEASHELLS,646.0,4
611400,Camilla,Camilla,MAGNIFICENT_MACARONS,SEASHELLS,627.0,5
614000,Caesar,Paris,MAGNIFICENT_MACARONS,SEASHELLS,627.0,5
614000,Charlie,Paris,MAGNIFICENT_MACARONS,SEASHELLS,627.0,1
618500,Camilla,Camilla,MAGNIFICENT_MACARONS,SEASHELLS,619.0,2
619000,Caesar,Paris,MAGNIFICENT_MACARONS,SEASHELLS,612.0,6
624000,Caesar,Paris,MAGNIFICENT_MACARONS,SEASHELLS,613.0,7
624500,Caesar,Paris,MAGNIFICENT_MACARONS,SEASHELLS,618.0,5
626500,Paris,Charlie,MAGNIFICENT_MACARONS,SEASHELLS,612.0,5
636500,Paris,Charlie,MAGNIFICENT_MACARONS,SEASHELLS,601.0,5
637500,Camilla,Caesar,MAGNIFICENT_MACARONS,SEASHELLS,592.0,3
638900,Caesar,Paris,MAGNIFICENT_MACARONS,SEASHELLS,586.0,5
638900,Charlie,Paris,MAGNIFICENT_MACARONS,SEASHELLS,586.0,1
646000,Paris,Charlie,MAGNIFICENT_MACARONS,SEASHELLS,632.0,4
647100,Camilla,Camilla,MAGNIFICENT_MACARONS,SEASHELLS,623.0,5
653100,Camilla,Camilla,MAGNIFICENT_MACARONS,SEASHELLS,611.0,4
657300,Caesar,Paris,MAGNIFICENT_MACARONS,SEASHELLS,585.0,6
662500,Camilla,Camilla,MAGNIFICENT_MACARONS,SEASHELLS,572.0,2
663200,Camilla,Camilla,MAGNIFICENT_MACARONS,SEASHELLS,575.0,2
664300,Paris,Charlie,MAGNIFICENT_MACARONS,SEASHELLS,588.0,6
668300,Camilla,Caesar,MAGNIFICENT_MACARONS,SEASHELLS,573.0,3
669300,Camilla,Camilla,MAGNIFICENT_MACARONS,SEASHELLS,573.0,4
675100,Caesar,Camilla,MAGNIFICENT_MACARONS,SEASHELLS,604.0,3
676300,Camilla,Camilla,MAGNIFICENT_MACARONS,SEASHELLS,609.0,5
679700,Caesar,Paris,MAGNIFICENT_MACARONS,SEASHELLS,583.0,6
679700,Charlie,Paris,MAGNIFICENT_MACARONS,SEASHELLS,583.0,1
680900,Caesar,Paris,MAGNIFICENT_MACARONS,SEASHELLS,584.0,7
684600,Camilla,Camilla,MAGNIFICENT_MACARONS,SEASHELLS,587.0,2
685400,Caesar,Paris,MAGNIFICENT_MACARONS,SEASHELLS,586.0,5
685600,Paris,Charlie,MAGNIFICENT_MACARONS,SEASHELLS,586.0,5
686300,Caesar,Paris,MAGNIFICENT_MACARONS,SEASHELLS,576.0,7
689800,Caesar,Paris,MAGNIFICENT_MACARONS,SEASHELLS,575.0,7
691200,Camilla,Camilla,MAGNIFICENT_MACARONS,SEASHELLS,571.0,5
694000,Camilla,Camilla,MAGNIFICENT_MACARONS,SEASHELLS,570.0,2
703600,Paris,Charlie,MAGNIFICENT_MACARONS,SEASHELLS,606.0,6
705800,Camilla,Camilla,MAGNIFICENT_MACARONS,SEASHELLS,614.0,3
718000,Caesar,Paris,MAGNIFICENT_MACARONS,SEASHELLS,655.0,5
718200,Camilla,Camilla,MAGNIFICENT_MACARONS,SEASHELLS,660.0,2
720800,Caesar,Paris,MAGNIFICENT_MACARONS,SEASHELLS,651.0,5
720800,Charlie,Paris,MAGNIFICENT_MACARONS,SEASHELLS,651.0,1
729900,Caesar,Paris,MAGNIFICENT_MACARONS,SEASHELLS,624.0,6
730600,Caesar,Paris,MAGNIFICENT_MACARONS,SEASHELLS,623.0,6
737400,Paris,Charlie,MAGNIFICENT_MACARONS,SEASHELLS,595.0,4
737500,Caesar,Paris,MAGNIFICENT_MACARONS,SEASHELLS,590.0,6
739100,Paris,Charlie,MAGNIFICENT_MACARONS,SEASHELLS,620.0,6
739700,Camilla,Camilla,MAGNIFICENT_MACARONS,SEASHELLS,604.0,2
746300,Camilla,Camilla,MAGNIFICENT_MACARONS,SEASHELLS,582.0,3
750500,Paris,Charlie,MAGNIFICENT_MACARONS,SEASHELLS,596.0,6
756500,Paris,Charlie,MAGNIFICENT_MACARONS,SEASHELLS,614.0,6
756600,Paris,Charlie,MAGNIFICENT_MACARONS,SEASHELLS,616.0,5
758500,Paris,Charlie,MAGNIFICENT_MACARONS,SEASHELLS,606.0,6
763300,Paris,Charlie,MAGNIFICENT_MACARONS,SEASHELLS,623.0,6
769900,Paris,Charlie,MAGNIFICENT_MACARONS,SEASHELLS,581.0,4
772800,Caesar,Paris,MAGNIFICENT_MACARONS,SEASHELLS,571.0,6
775200,Camilla,Camilla,MAGNIFICENT_MACARONS,SEASHELLS,578.0,5
777600,Caesar,Paris,MAGNIFICENT_MACARONS,SEASHELLS,568.0,4
780900,Caesar,Paris,MAGNIFICENT_MACARONS,SEASHELLS,607.0,4
786700,Caesar,Paris,MAGNIFICENT_MACARONS,SEASHELLS,614.0,7
789000,Camilla,Camilla,MAGNIFICENT_MACARONS,SEASHELLS,629.0,2
789600,Camilla,Camilla,MAGNIFICENT_MACARONS,SEASHELLS,630.0,3
789800,Camilla,Caesar,MAGNIFICENT_MACARONS,SEASHELLS,627.0,3
791400,Camilla,Camilla,MAGNIFICENT_MACARONS,SEASHELLS,631.0,2
794400,Paris,Charlie,MAGNIFICENT_MACARONS,SEASHELLS,613.0,6
796000,Caesar,Paris,MAGNIFICENT_MACARONS,SEASHELLS,609.0,5
796500,Camilla,Camilla,MAGNIFICENT_MACARONS,SEASHELLS,615.0,2
800400,Camilla,Camilla,MAGNIFICENT_MACARONS,SEASHELLS,605.0,2
803700,Caesar,Paris,MAGNIFICENT_MACARONS,SEASHELLS,596.0,6
803700,Charlie,Paris,MAGNIFICENT_MACARONS,SEASHELLS,596.0,1
805600,Camilla,Camilla,MAGNIFICENT_MACARONS,SEASHELLS,598.0,4
810100,Caesar,Paris,MAGNIFICENT_MACARONS,SEASHELLS,604.0,5
810100,Charlie,Paris,MAGNIFICENT_MACARONS,SEASHELLS,604.0,1
817700,Caesar,Paris,MAGNIFICENT_MACARONS,SEASHELLS,601.0,6
822600,Caesar,Paris,MAGNIFICENT_MACARONS,SEASHELLS,630.0,6
824400,Caesar,Paris,MAGNIFICENT_MACARONS,SEASHELLS,638.0,5
827800,Camilla,Paris,MAGNIFICENT_MACARONS,SEASHELLS,662.0,3
830900,Camilla,Camilla,MAGNIFICENT_MACARONS,SEASHELLS,656.0,3
831000,Camilla,Camilla,MAGNIFICENT_MACARONS,SEASHELLS,655.0,2
832600,Caesar,Paris,MAGNIFICENT_MACARONS,SEASHELLS,642.0,6
834000,Caesar,Paris,MAGNIFICENT_MACARONS,SEASHELLS,650.0,4
835200,Camilla,Caesar,MAGNIFICENT_MACARONS,SEASHELLS,643.0,3
839400,Camilla,Camilla,MAGNIFICENT_MACARONS,SEASHELLS,631.0,4
860100,Paris,Charlie,MAGNIFICENT_MACARONS,SEASHELLS,657.0,7
861300,Paris,Charlie,MAGNIFICENT_MACARONS,SEASHELLS,658.0,5
862500,Camilla,Caesar,MAGNIFICENT_MACARONS,SEASHELLS,662.0,3
864400,Paris,Charlie,MAGNIFICENT_MACARONS,SEASHELLS,663.0,4
865000,Paris,Charlie,MAGNIFICENT_MACARONS,SEASHELLS,664.0,4
869900,Paris,Charlie,MAGNIFICENT_MACARONS,SEASHELLS,661.0,6
880300,Caesar,Paris,MAGNIFICENT_MACARONS,SEASHELLS,610.0,5
880300,Charlie,Paris,MAGNIFICENT_MACARONS,SEASHELLS,610.0,2
880600,Camilla,Camilla,MAGNIFICENT_MACARONS,SEASHELLS,615.0,2
881300,Caesar,Paris,MAGNIFICENT_MACARONS,SEASHELLS,613.0,5
881300,Charlie,Paris,MAGNIFICENT_MACARONS,SEASHELLS,613.0,1
889300,Camilla,Camilla,MAGNIFICENT_MACARONS,SEASHELLS,642.0,5
890700,Caesar,Paris,MAGNIFICENT_MACARONS,SEASHELLS,640.0,6
891700,Paris,Charlie,MAGNIFICENT_MACARONS,SEASHELLS,660.0,6
892700,Camilla,Camilla,MAGNIFICENT_MACARONS,SEASHELLS,652.0,3
893300,Caesar,Paris,MAGNIFICENT_MACARONS,SEASHELLS,644.0,7
895800,Caesar,Paris,MAGNIFICENT_MACARONS,SEASHELLS,647.0,7
897800,Camilla,Caesar,MAGNIFICENT_MACARONS,SEASHELLS,654.0,2
899000,Camilla,Camilla,MAGNIFICENT_MACARONS,SEASHELLS,659.0,5
902100,Paris,Charlie,MAGNIFICENT_MACARONS,SEASHELLS,632.0,5
903900,Camilla,Camilla,MAGNIFICENT_MACARONS,SEASHELLS,635.0,4
909100,Paris,Charlie,MAGNIFICENT_MACARONS,SEASHELLS,658.0,4
910800,Paris,Charlie,MAGNIFICENT_MACARONS,SEASHELLS,677.0,5
913200,Caesar,Paris,MAGNIFICENT_MACARONS,SEASHELLS,680.0,5
914900,Caesar,Paris,MAGNIFICENT_MACARONS,SEASHELLS,671.0,4
915300,Camilla,Camilla,MAGNIFICENT_MACARONS,SEASHELLS,673.0,2
917200,Camilla,Camilla,MAGNIFICENT_MACARONS,SEASHELLS,689.0,4
917500,Paris,Charlie,MAGNIFICENT_MACARONS,SEASHELLS,687.0,4
930900,Paris,Charlie,MAGNIFICENT_MACARONS,SEASHELLS,698.0,4
932000,Caesar,Paris,MAGNIFICENT_MACARONS,SEASHELLS,691.0,6
932600,Caesar,Paris,MAGNIFICENT_MACARONS,SEASHELLS,693.0,7
932800,Paris,Charlie,MAGNIFICENT_MACARONS,SEASHELLS,696.0,4
933100,Caesar,Paris,MAGNIFICENT_MACARONS,SEASHELLS,694.0,5
933100,Charlie,Paris,MAGNIFICENT_MACARONS,SEASHELLS,694.0,2
937600,Paris,Charlie,MAGNIFICENT_MACARONS,SEASHELLS,697.0,5
942300,Camilla,Camilla,MAGNIFICENT_MACARONS,SEASHELLS,686.0,2
943200,Paris,Charlie,MAGNIFICENT_MACARONS,SEASHELLS,680.0,6
943400,Paris,Paris,MAGNIFICENT_MACARONS,SEASHELLS,677.0,5
945100,Caesar,Paris,MAGNIFICENT_MACARONS,SEASHELLS,670.0,5
948600,Camilla,Camilla,MAGNIFICENT_MACARONS,SEASHELLS,678.0,2
956400,Camilla,Camilla,MAGNIFICENT_MACARONS,SEASHELLS,631.0,4
956800,Paris,Paris,MAGNIFICENT_MACARONS,SEASHELLS,631.0,5
957300,Camilla,Camilla,MAGNIFICENT_MACARONS,SEASHELLS,628.0,3
960900,Paris,Charlie,MAGNIFICENT_MACARONS,SEASHELLS,625.0,5
969400,Paris,Charlie,MAGNIFICENT_MACARONS,SEASHELLS,651.0,6
971700,Camilla,Camilla,MAGNIFICENT_MACARONS,SEASHELLS,655.0,3
973200,Caesar,Paris,MAGNIFICENT_MACARONS,SEASHELLS,661.0,6
973200,Charlie,Paris,MAGNIFICENT_MACARONS,SEASHELLS,661.0,1
973300,Camilla,Camilla,MAGNIFICENT_MACARONS,SEASHELLS,669.0,3
976100,Paris,Camilla,MAGNIFICENT_MACARONS,SEASHELLS,658.0,2
985200,Caesar,Camilla,MAGNIFICENT_MACARONS,SEASHELLS,654.0,4
992100,Paris,Charlie,MAGNIFICENT_MACARONS,SEASHELLS,681.0,5
994800,Caesar,Paris,MAGNIFICENT_MACARONS,SEASHELLS,661.0,6
1004200,Paris,Charlie,MAGNIFICENT_MACARONS,SEASHELLS,651.0,4
1006200,Camilla,Caesar,MAGNIFICENT_MACARONS,SEASHELLS,643.0,5
1013500,Caesar,Paris,MAGNIFICENT_MACARONS,SEASHELLS,626.0,6
1015000,Camilla,Camilla,MAGNIFICENT_MACARONS,SEASHELLS,620.0,5
1015600,Caesar,Paris,MAGNIFICENT_MACARONS,SEASHELLS,614.0,4
1016800,Paris,Charlie,MAGNIFICENT_MACARONS,SEASHELLS,630.0,7
1022200,Paris,Charlie,MAGNIFICENT_MACARONS,SEASHELLS,639.0,5
1028300,Paris,Charlie,MAGNIFICENT_MACARONS,SEASHELLS,636.0,5
1030200,Caesar,Paris,MAGNIFICENT_MACARONS,SEASHELLS,627.0,6
1032400,Camilla,Camilla,MAGNIFICENT_MACARONS,SEASHELLS,635.0,2
1039100,Caesar,Paris,MAGNIFICENT_MACARONS,SEASHELLS,602.0,5
1041700,Camilla,Caesar,MAGNIFICENT_MACARONS,SEASHELLS,600.0,3
1042900,Paris,Charlie,MAGNIFICENT_MACARONS,SEASHELLS,614.0,6
1044700,Camilla,Camilla,MAGNIFICENT_MACARONS,SEASHELLS,585.0,4
1045200,Caesar,Paris,MAGNIFICENT_MACARONS,SEASHELLS,581.0,6
1046000,Camilla,Camilla,MAGNIFICENT_MACARONS,SEASHELLS,583.0,2
1046200,Caesar,Paris,MAGNIFICENT_MACARONS,SEASHELLS,580.0,5
1046300,Paris,Charlie,MAGNIFICENT_MACARONS,SEASHELLS,588.0,5
1047800,Caesar,Paris,MAGNIFICENT_MACARONS,SEASHELLS,584.0,6
1052200,Caesar,Paris,MAGNIFICENT_MACARONS,SEASHELLS,588.0,5
1052400,Caesar,Paris,MAGNIFICENT_MACARONS,SEASHELLS,588.0,6
1053300,Paris,Charlie,MAGNIFICENT_MACARONS,SEASHELLS,597.0,4
1059300,Caesar,Paris,MAGNIFICENT_MACARONS,SEASHELLS,590.0,4
1060500,Camilla,Camilla,MAGNIFICENT_MACARONS,SEASHELLS,604.0,5
1062000,Caesar,Paris,MAGNIFICENT_MACARONS,SEASHELLS,618.0,6
1062800,Camilla,Caesar,MAGNIFICENT_MACARONS,SEASHELLS,619.0,5
1062900,Paris,Charlie,MAGNIFICENT_MACARONS,SEASHELLS,623.0,6
1065700,Camilla,Camilla,MAGNIFICENT_MACARONS,SEASHELLS,598.0,3
1067500,Camilla,Camilla,MAGNIFICENT_MACARONS,SEASHELLS,614.0,4
1071100,Camilla,Camilla,MAGNIFICENT_MACARONS,SEASHELLS,595.0,4
1073900,Caesar,Paris,MAGNIFICENT_MACARONS,SEASHELLS,574.0,4
1075100,Camilla,Camilla,MAGNIFICENT_MACARONS,SEASHELLS,581.0,3
1075800,Caesar,Paris,MAGNIFICENT_MACARONS,SEASHELLS,587.0,6
1076900,Caesar,Paris,MAGNIFICENT_MACARONS,SEASHELLS,583.0,6
1080100,Camilla,Camilla,MAGNIFICENT_MACARONS,SEASHELLS,599.0,5
1083900,Paris,Charlie,MAGNIFICENT_MACARONS,SEASHELLS,609.0,5
1084100,Camilla,Camilla,MAGNIFICENT_MACARONS,SEASHELLS,603.0,2
1090500,Paris,Charlie,MAGNIFICENT_MACARONS,SEASHELLS,623.0,7
1092000,Paris,Charlie,MAGNIFICENT_MACARONS,SEASHELLS,617.0,5
1097900,Caesar,Paris,MAGNIFICENT_MACARONS,SEASHELLS,602.0,5
1097900,Charlie,Paris,MAGNIFICENT_MACARONS,SEASHELLS,602.0,1
1104000,Paris,Charlie,MAGNIFICENT_MACARONS,SEASHELLS,574.0,4
1110700,Camilla,Camilla,MAGNIFICENT_MACARONS,SEASHELLS,567.0,4
1112700,Camilla,Camilla,MAGNIFICENT_MACARONS,SEASHELLS,567.0,4
1120900,Paris,Charlie,MAGNIFICENT_MACARONS,SEASHELLS,563.0,6
1124900,Caesar,Paris,MAGNIFICENT_MACARONS,SEASHELLS,550.0,6
1125100,Caesar,Paris,MAGNIFICENT_MACARONS,SEASHELLS,549.0,5
1126300,Paris,Charlie,MAGNIFICENT_MACARONS,SEASHELLS,547.0,6
1127200,Caesar,Paris,MAGNIFICENT_MACARONS,SEASHELLS,544.0,6
1127200,Charlie,Paris,MAGNIFICENT_MACARONS,SEASHELLS,544.0,1
1129800,Paris,Paris,MAGNIFICENT_MACARONS,SEASHELLS,553.0,4
1130400,Camilla,Caesar,MAGNIFICENT_MACARONS,SEASHELLS,575.0,5
1133600,Paris,Charlie,MAGNIFICENT_MACARONS,SEASHELLS,579.0,5
1133900,Camilla,Camilla,MAGNIFICENT_MACARONS,SEASHELLS,571.0,3
1136100,Paris,Charlie,MAGNIFICENT_MACARONS,SEASHELLS,557.0,5
1138500,Camilla,Camilla,MAGNIFICENT_MACARONS,SEASHELLS,562.0,4
1138600,Caesar,Paris,MAGNIFICENT_MACARONS,SEASHELLS,560.0,4
1141700,Caesar,Paris,MAGNIFICENT_MACARONS,SEASHELLS,555.0,5
1141700,Charlie,Paris,MAGNIFICENT_MACARONS,SEASHELLS,555.0,2
1142000,Paris,Charlie,MAGNIFICENT_MACARONS,SEASHELLS,566.0,6
1143200,Caesar,Paris,MAGNIFICENT_MACARONS,SEASHELLS,549.0,5
1147300,Caesar,Paris,MAGNIFICENT_MACARONS,SEASHELLS,552.0,4
1149400,Caesar,Paris,MAGNIFICENT_MACARONS,SEASHELLS,543.0,6
1153600,Camilla,Camilla,MAGNIFICENT_MACARONS,SEASHELLS,566.0,3
1154900,Caesar,Paris,MAGNIFICENT_MACARONS,SEASHELLS,563.0,7
1159000,Paris,Charlie,MAGNIFICENT_MACARONS,SEASHELLS,587.0,5
1161500,Camilla,Camilla,MAGNIFICENT_MACARONS,SEASHELLS,578.0,2
1162100,Paris,Charlie,MAGNIFICENT_MACARONS,SEASHELLS,577.0,4
1164200,Paris,Charlie,MAGNIFICENT_MACARONS,SEASHELLS,590.0,7
1166800,Paris,Camilla,MAGNIFICENT_MACARONS,SEASHELLS,590.0,5
1172700,Paris,Charlie,MAGNIFICENT_MACARONS,SEASHELLS,594.0,7
1174300,Caesar,Paris,MAGNIFICENT_MACARONS,SEASHELLS,590.0,6
1177700,Caesar,Paris,MAGNIFICENT_MACARONS,SEASHELLS,586.0,4
1180400,Camilla,Camilla,MAGNIFICENT_MACARONS,SEASHELLS,594.0,4
1180600,Camilla,Camilla,MAGNIFICENT_MACARONS,SEASHELLS,594.0,5
1181600,Paris,Charlie,MAGNIFICENT_MACARONS,SEASHELLS,601.0,6
1182600,Caesar,Paris,MAGNIFICENT_MACARONS,SEASHELLS,598.0,4
1184400,Paris,Charlie,MAGNIFICENT_MACARONS,SEASHELLS,595.0,4
1196200,Caesar,Paris,MAGNIFICENT_MACARONS,SEASHELLS,582.0,4
1200500,Caesar,Paris,MAGNIFICENT_MACARONS,SEASHELLS,601.0,6
1206000,Camilla,Camilla,MAGNIFICENT_MACARONS,SEASHELLS,627.0,3
1210000,Paris,Camilla,MAGNIFICENT_MACARONS,SEASHELLS,627.0,3
1215500,Paris,Charlie,MAGNIFICENT_MACARONS,SEASHELLS,613.0,5
1218600,Paris,Charlie,MAGNIFICENT_MACARONS,SEASHELLS,604.0,7
1222600,Paris,Charlie,MAGNIFICENT_MACARONS,SEASHELLS,588.0,5
1226500,Camilla,Camilla,MAGNIFICENT_MACARONS,SEASHELLS,591.0,2
1233100,Paris,Charlie,MAGNIFICENT_MACARONS,SEASHELLS,596.0,6
1233900,Camilla,Camilla,MAGNIFICENT_MACARONS,SEASHELLS,600.0,4
1235100,Caesar,Paris,MAGNIFICENT_MACARONS,SEASHELLS,599.0,5
1238800,Camilla,Camilla,MAGNIFICENT_MACARONS,SEASHELLS,575.0,5
1240200,Paris,Charlie,MAGNIFICENT_MACARONS,SEASHELLS,592.0,5
1242000,Paris,Charlie,MAGNIFICENT_MACARONS,SEASHELLS,590.0,4
1246200,Paris,Charlie,MAGNIFICENT_MACARONS,SEASHELLS,611.0,5
1246400,Camilla,Camilla,MAGNIFICENT_MACARONS,SEASHELLS,602.0,4
1250100,Camilla,Camilla,MAGNIFICENT_MACARONS,SEASHELLS,621.0,3
1251700,Caesar,Paris,MAGNIFICENT_MACARONS,SEASHELLS,608.0,5
1253900,Caesar,Paris,MAGNIFICENT_MACARONS,SEASHELLS,591.0,5
1256400,Camilla,Caesar,MAGNIFICENT_MACARONS,SEASHELLS,568.0,2
1259500,Caesar,Paris,MAGNIFICENT_MACARONS,SEASHELLS,573.0,4
1260700,Camilla,Camilla,MAGNIFICENT_MACARONS,SEASHELLS,564.0,2
1263900,Camilla,Camilla,MAGNIFICENT_MACARONS,SEASHELLS,553.0,3
1264000,Camilla,Camilla,MAGNIFICENT_MACARONS,SEASHELLS,556.0,2
1270800,Caesar,Paris,MAGNIFICENT_MACARONS,SEASHELLS,549.0,5
1270800,Charlie,Paris,MAGNIFICENT_MACARONS,SEASHELLS,549.0,2
1271300,Paris,Charlie,MAGNIFICENT_MACARONS,SEASHELLS,574.0,5
1271600,Camilla,Camilla,MAGNIFICENT_MACARONS,SEASHELLS,570.0,5
1275700,Paris,Charlie,MAGNIFICENT_MACARONS,SEASHELLS,597.0,4
1278700,Paris,Charlie,MAGNIFICENT_MACARONS,SEASHELLS,581.0,4
1280300,Paris,Charlie,MAGNIFICENT_MACARONS,SEASHELLS,590.0,4
1282200,Caesar,Paris,MAGNIFICENT_MACARONS,SEASHELLS,570.0,5
1282900,Caesar,Paris,MAGNIFICENT_MACARONS,SEASHELLS,570.0,4
1284500,Caesar,Paris,MAGNIFICENT_MACARONS,SEASHELLS,556.0,7
1289700,Camilla,Camilla,MAGNIFICENT_MACARONS,SEASHELLS,535.0,3
1291600,Camilla,Camilla,MAGNIFICENT_MACARONS,SEASHELLS,542.0,4
1302600,Camilla,Camilla,MAGNIFICENT_MACARONS,SEASHELLS,545.0,4
1306900,Camilla,Camilla,MAGNIFICENT_MACARONS,SEASHELLS,574.0,4
1310900,Camilla,Camilla,MAGNIFICENT_MACARONS,SEASHELLS,594.0,4
1314100,Caesar,Paris,MAGNIFICENT_MACARONS,SEASHELLS,568.0,7
1314200,Caesar,Camilla,MAGNIFICENT_MACARONS,SEASHELLS,577.0,2
1314900,Caesar,Paris,MAGNIFICENT_MACARONS,SEASHELLS,566.0,5
1316500,Camilla,Camilla,MAGNIFICENT_MACARONS,SEASHELLS,573.0,3
1318000,Caesar,Camilla,MAGNIFICENT_MACARONS,SEASHELLS,565.0,4
1318100,Camilla,Camilla,MAGNIFICENT_MACARONS,SEASHELLS,567.0,2
1324100,Caesar,Paris,MAGNIFICENT_MACARONS,SEASHELLS,554.0,6
1334500,Paris,Charlie,MAGNIFICENT_MACARONS,SEASHELLS,620.0,4
1338000,Caesar,Paris,MAGNIFICENT_MACARONS,SEASHELLS,630.0,6
1338000,Charlie,Paris,MAGNIFICENT_MACARONS,SEASHELLS,630.0,1
1338400,Camilla,Camilla,MAGNIFICENT_MACARONS,SEASHELLS,645.0,3
1341000,Caesar,Paris,MAGNIFICENT_MACARONS,SEASHELLS,651.0,4
1346500,Camilla,Camilla,MAGNIFICENT_MACARONS,SEASHELLS,648.0,3
1349700,Caesar,Paris,MAGNIFICENT_MACARONS,SEASHELLS,653.0,7
1349800,Caesar,Paris,MAGNIFICENT_MACARONS,SEASHELLS,653.0,4
1352300,Caesar,Paris,MAGNIFICENT_MACARONS,SEASHELLS,667.0,6
1354300,Camilla,Camilla,MAGNIFICENT_MACARONS,SEASHELLS,677.0,4
1355200,Camilla,Camilla,MAGNIFICENT_MACARONS,SEASHELLS,673.0,3
1362600,Camilla,Camilla,MAGNIFICENT_MACARONS,SEASHELLS,681.0,3
1362800,Paris,Charlie,MAGNIFICENT_MACARONS,SEASHELLS,685.0,5
1364300,Paris,Charlie,MAGNIFICENT_MACARONS,SEASHELLS,689.0,7
1365000,Paris,Charlie,MAGNIFICENT_MACARONS,SEASHELLS,695.0,5
1366400,Caesar,Paris,MAGNIFICENT_MACARONS,SEASHELLS,693.0,4
1367100,Paris,Charlie,MAGNIFICENT_MACARONS,SEASHELLS,704.0,4
1372400,Paris,Camilla,MAGNIFICENT_MACARONS,SEASHELLS,682.0,4
1375100,Camilla,Camilla,MAGNIFICENT_MACARONS,SEASHELLS,698.0,5
1376800,Camilla,Camilla,MAGNIFICENT_MACARONS,SEASHELLS,693.0,2
1383500,Paris,Charlie,MAGNIFICENT_MACARONS,SEASHELLS,693.0,7
1384300,Caesar,Paris,MAGNIFICENT_MACARONS,SEASHELLS,672.0,5
1385600,Camilla,Camilla,MAGNIFICENT_MACARONS,SEASHELLS,681.0,4
1385900,Camilla,Camilla,MAGNIFICENT_MACARONS,SEASHELLS,682.0,5
1394700,Caesar,Paris,MAGNIFICENT_MACARONS,SEASHELLS,718.0,6
1394900,Caesar,Paris,MAGNIFICENT_MACARONS,SEASHELLS,717.0,5
1396100,Camilla,Caesar,MAGNIFICENT_MACARONS,SEASHELLS,725.0,5
1397600,Paris,Charlie,MAGNIFICENT_MACARONS,SEASHELLS,726.0,5
1398800,Camilla,Camilla,MAGNIFICENT_MACARONS,SEASHELLS,729.0,4
1402000,Caesar,Paris,MAGNIFICENT_MACARONS,SEASHELLS,709.0,7
1407900,Paris,Paris,MAGNIFICENT_MACARONS,SEASHELLS,719.0,5
1408800,Paris,Charlie,MAGNIFICENT_MACARONS,SEASHELLS,718.0,6
1413200,Paris,Charlie,MAGNIFICENT_MACARONS,SEASHELLS,727.0,5
1414600,Paris,Charlie,MAGNIFICENT_MACARONS,SEASHELLS,720.0,7
1417200,Caesar,Camilla,MAGNIFICENT_MACARONS,SEASHELLS,715.0,4
1418900,Paris,Charlie,MAGNIFICENT_MACARONS,SEASHELLS,710.0,4
1428800,Camilla,Camilla,MAGNIFICENT_MACARONS,SEASHELLS,668.0,5
1429000,Paris,Charlie,MAGNIFICENT_MACARONS,SEASHELLS,666.0,5
1429400,Caesar,Paris,MAGNIFICENT_MACARONS,SEASHELLS,652.0,4
1435800,Caesar,Paris,MAGNIFICENT_MACARONS,SEASHELLS,635.0,5
1435900,Camilla,Camilla,MAGNIFICENT_MACARONS,SEASHELLS,637.0,3
1436500,Paris,Charlie,MAGNIFICENT_MACARONS,SEASHELLS,634.0,6
1440100,Paris,Charlie,MAGNIFICENT_MACARONS,SEASHELLS,656.0,5
1443100,Caesar,Paris,MAGNIFICENT_MACARONS,SEASHELLS,633.0,5
1453700,Paris,Charlie,MAGNIFICENT_MACARONS,SEASHELLS,620.0,6
1454900,Camilla,Camilla,MAGNIFICENT_MACARONS,SEASHELLS,604.0,4
1468000,Paris,Charlie,MAGNIFICENT_MACARONS,SEASHELLS,622.0,6
1468200,Paris,Charlie,MAGNIFICENT_MACARONS,SEASHELLS,627.0,5
1469600,Caesar,Paris,MAGNIFICENT_MACARONS,SEASHELLS,624.0,4
1469700,Paris,Charlie,MAGNIFICENT_MACARONS,SEASHELLS,632.0,6
1471100,Caesar,Paris,MAGNIFICENT_MACARONS,SEASHELLS,625.0,7
1472700,Camilla,Camilla,MAGNIFICENT_MACARONS,SEASHELLS,630.0,3
1477900,Caesar,Paris,MAGNIFICENT_MACARONS,SEASHELLS,643.0,6
1478300,Paris,Charlie,MAGNIFICENT_MACARONS,SEASHELLS,652.0,4
1482200,Paris,Charlie,MAGNIFICENT_MACARONS,SEASHELLS,621.0,6
1485200,Paris,Charlie,MAGNIFICENT_MACARONS,SEASHELLS,622.0,4
1488400,Paris,Charlie,MAGNIFICENT_MACARONS,SEASHELLS,640.0,6
1488800,Caesar,Paris,MAGNIFICENT_MACARONS,SEASHELLS,628.0,4
1491700,Paris,Charlie,MAGNIFICENT_MACARONS,SEASHELLS,643.0,5
1493000,Camilla,Camilla,MAGNIFICENT_MACARONS,SEASHELLS,660.0,2
1493600,Paris,Charlie,MAGNIFICENT_MACARONS,SEASHELLS,668.0,4
1493700,Paris,Charlie,MAGNIFICENT_MACARONS,SEASHELLS,668.0,4
1493800,Caesar,Paris,MAGNIFICENT_MACARONS,SEASHELLS,659.0,7
1496800,Paris,Charlie,MAGNIFICENT_MACARONS,SEASHELLS,687.0,6
1500900,Camilla,Camilla,MAGNIFICENT_MACARONS,SEASHELLS,701.0,5
1505200,Paris,Camilla,MAGNIFICENT_MACARONS,SEASHELLS,710.0,2
1506400,Paris,Charlie,MAGNIFICENT_MACARONS,SEASHELLS,720.0,5
1511800,Paris,Charlie,MAGNIFICENT_MACARONS,SEASHELLS,747.0,5
1512000,Paris,Charlie,MAGNIFICENT_MACARONS,SEASHELLS,747.0,4
1516600,Paris,Charlie,MAGNIFICENT_MACARONS,SEASHELLS,722.0,6
1517000,Caesar,Camilla,MAGNIFICENT_MACARONS,SEASHELLS,717.0,2
1517600,Camilla,Camilla,MAGNIFICENT_MACARONS,SEASHELLS,715.0,4
1519300,Paris,Charlie,MAGNIFICENT_MACARONS,SEASHELLS,719.0,7
1519900,Camilla,Camilla,MAGNIFICENT_MACARONS,SEASHELLS,717.0,5
1523600,Camilla,Camilla,MAGNIFICENT_MACARONS,SEASHELLS,718.0,3
1527100,Paris,Charlie,MAGNIFICENT_MACARONS,SEASHELLS,737.0,6
1529500,Caesar,Paris,MAGNIFICENT_MACARONS,SEASHELLS,727.0,4
1529700,Caesar,Paris,MAGNIFICENT_MACARONS,SEASHELLS,726.0,5
1529700,Charlie,Paris,MAGNIFICENT_MACARONS,SEASHELLS,726.0,2
1530200,Camilla,Camilla,MAGNIFICENT_MACARONS,SEASHELLS,731.0,2
1535600,Paris,Charlie,MAGNIFICENT_MACARONS,SEASHELLS,719.0,4
1538000,Camilla,Camilla,MAGNIFICENT_MACARONS,SEASHELLS,710.0,4
1539000,Paris,Charlie,MAGNIFICENT_MACARONS,SEASHELLS,717.0,5
1539900,Paris,Charlie,MAGNIFICENT_MACARONS,SEASHELLS,712.0,4
1543500,Paris,Charlie,MAGNIFICENT_MACARONS,SEASHELLS,702.0,4
1545500,Caesar,Paris,MAGNIFICENT_MACARONS,SEASHELLS,688.0,4
1549500,Paris,Charlie,MAGNIFICENT_MACARONS,SEASHELLS,701.0,5
1549800,Caesar,Paris,MAGNIFICENT_MACARONS,SEASHELLS,696.0,4
1551800,Caesar,Paris,MAGNIFICENT_MACARONS,SEASHELLS,679.0,6
1551900,Paris,Charlie,MAGNIFICENT_MACARONS,SEASHELLS,687.0,6
1557000,Camilla,Camilla,MAGNIFICENT_MACARONS,SEASHELLS,694.0,4
1557900,Camilla,Caesar,MAGNIFICENT_MACARONS,SEASHELLS,693.0,5
1559000,Paris,Charlie,MAGNIFICENT_MACARONS,SEASHELLS,689.0,6
1560600,Caesar,Paris,MAGNIFICENT_MACARONS,SEASHELLS,670.0,5
1561900,Caesar,Paris,MAGNIFICENT_MACARONS,SEASHELLS,682.0,7
1568300,Caesar,Paris,MAGNIFICENT_MACARONS,SEASHELLS,692.0,7
1574500,Caesar,Paris,MAGNIFICENT_MACARONS,SEASHELLS,722.0,6
1575200,Paris,Charlie,MAGNIFICENT_MACARONS,SEASHELLS,724.0,4
1580300,Caesar,Paris,MAGNIFICENT_MACARONS,SEASHELLS,716.0,4
1589600,Paris,Charlie,MAGNIFICENT_MACARONS,SEASHELLS,721.0,5
1593500,Caesar,Paris,MAGNIFICENT_MACARONS,SEASHELLS,702.0,5
1593500,Charlie,Paris,MAGNIFICENT_MACARONS,SEASHELLS,702.0,2
1594600,Caesar,Paris,MAGNIFICENT_MACARONS,SEASHELLS,710.0,4
1602300,Paris,Charlie,MAGNIFICENT_MACARONS,SEASHELLS,711.0,5
1606300,Paris,Charlie,MAGNIFICENT_MACARONS,SEASHELLS,696.0,7
1610500,Caesar,Camilla,MAGNIFICENT_MACARONS,SEASHELLS,698.0,2
1610600,Caesar,Paris,MAGNIFICENT_MACARONS,SEASHELLS,693.0,6
1624500,Caesar,Paris,MAGNIFICENT_MACARONS,SEASHELLS,710.0,6
1625300,Caesar,Paris,MAGNIFICENT_MACARONS,SEASHELLS,703.0,6
1630300,Caesar,Paris,MAGNIFICENT_MACARONS,SEASHELLS,699.0,5
1630600,Caesar,Paris,MAGNIFICENT_MACARONS,SEASHELLS,692.0,5
1630800,Paris,Charlie,MAGNIFICENT_MACARONS,SEASHELLS,704.0,6
1636600,Paris,Charlie,MAGNIFICENT_MACARONS,SEASHELLS,695.0,5
1639700,Paris,Charlie,MAGNIFICENT_MACARONS,SEASHELLS,688.0,5
1640300,Paris,Charlie,MAGNIFICENT_MACARONS,SEASHELLS,687.0,5
1646500,Paris,Charlie,MAGNIFICENT_MACARONS,SEASHELLS,662.0,4
1649900,Paris,Charlie,MAGNIFICENT_MACARONS,SEASHELLS,664.0,4
1650100,Caesar,Paris,MAGNIFICENT_MACARONS,SEASHELLS,657.0,7
1654300,Caesar,Paris,MAGNIFICENT_MACARONS,SEASHELLS,678.0,6
1657700,Paris,Charlie,MAGNIFICENT_MACARONS,SEASHELLS,681.0,7
1659500,Caesar,Camilla,MAGNIFICENT_MACARONS,SEASHELLS,677.0,3
1662300,Caesar,Camilla,MAGNIFICENT_MACARONS,SEASHELLS,681.0,5
1671000,Camilla,Caesar,MAGNIFICENT_MACARONS,SEASHELLS,686.0,5
1676000,Camilla,Camilla,MAGNIFICENT_MACARONS,SEASHELLS,690.0,4
1679800,Paris,Charlie,MAGNIFICENT_MACARONS,SEASHELLS,708.0,4
1680700,Paris,Charlie,MAGNIFICENT_MACARONS,SEASHELLS,710.0,7
1684100,Caesar,Paris,MAGNIFICENT_MACARONS,SEASHELLS,701.0,6
1684300,Camilla,Caesar,MAGNIFICENT_MACARONS,SEASHELLS,706.0,3
1686100,Paris,Charlie,MAGNIFICENT_MACARONS,SEASHELLS,703.0,6
1689100,Camilla,Camilla,MAGNIFICENT_MACARONS,SEASHELLS,701.0,3
1689700,Paris,Charlie,MAGNIFICENT_MACARONS,SEASHELLS,703.0,5
1691500,Paris,Charlie,MAGNIFICENT_MACARONS,SEASHELLS,702.0,5
1692200,Camilla,Camilla,MAGNIFICENT_MACARONS,SEASHELLS,696.0,3
1697700,Paris,Charlie,MAGNIFICENT_MACARONS,SEASHELLS,734.0,6
1700500,Paris,Charlie,MAGNIFICENT_MACARONS,SEASHELLS,747.0,6
1703000,Paris,Charlie,MAGNIFICENT_MACARONS,SEASHELLS,761.0,4
1703800,Caesar,Camilla,MAGNIFICENT_MACARONS,SEASHELLS,754.0,4
1706900,Paris,Charlie,MAGNIFICENT_MACARONS,SEASHELLS,792.0,6
1710900,Caesar,Paris,MAGNIFICENT_MACARONS,SEASHELLS,800.0,4
1713700,Camilla,Camilla,MAGNIFICENT_MACARONS,SEASHELLS,786.0,4
1719300,Camilla,Paris,MAGNIFICENT_MACARONS,SEASHELLS,764.0,4
1722700,Camilla,Camilla,MAGNIFICENT_MACARONS,SEASHELLS,766.0,5
1723200,Paris,Charlie,MAGNIFICENT_MACARONS,SEASHELLS,775.0,7
1724000,Camilla,Camilla,MAGNIFICENT_MACARONS,SEASHELLS,763.0,2
1725300,Camilla,Camilla,MAGNIFICENT_MACARONS,SEASHELLS,752.0,5
1726400,Paris,Charlie,MAGNIFICENT_MACARONS,SEASHELLS,763.0,5
1727200,Caesar,Paris,MAGNIFICENT_MACARONS,SEASHELLS,760.0,5
1728900,Paris,Charlie,MAGNIFICENT_MACARONS,SEASHELLS,773.0,5
1730400,Caesar,Paris,MAGNIFICENT_MACARONS,SEASHELLS,761.0,7
1732400,Paris,Charlie,MAGNIFICENT_MACARONS,SEASHELLS,767.0,5
1740700,Camilla,Camilla,MAGNIFICENT_MACARONS,SEASHELLS,761.0,2
1742700,Caesar,Paris,MAGNIFICENT_MACARONS,SEASHELLS,729.0,6
1745900,Caesar,Paris,MAGNIFICENT_MACARONS,SEASHELLS,717.0,4
1751300,Caesar,Paris,MAGNIFICENT_MACARONS,SEASHELLS,726.0,6
1754900,Paris,Charlie,MAGNIFICENT_MACARONS,SEASHELLS,740.0,4
1755600,Paris,Charlie,MAGNIFICENT_MACARONS,SEASHELLS,738.0,4
1757700,Camilla,Camilla,MAGNIFICENT_MACARONS,SEASHELLS,733.0,3
1760200,Caesar,Paris,MAGNIFICENT_MACARONS,SEASHELLS,714.0,5
1760200,Charlie,Paris,MAGNIFICENT_MACARONS,SEASHELLS,714.0,2
1762100,Paris,Charlie,MAGNIFICENT_MACARONS,SEASHELLS,731.0,5
1764000,Paris,Charlie,MAGNIFICENT_MACARONS,SEASHELLS,726.0,6
1765500,Paris,Charlie,MAGNIFICENT_MACARONS,SEASHELLS,721.0,4
1767700,Caesar,Paris,MAGNIFICENT_MACARONS,SEASHELLS,710.0,7
1767900,Camilla,Camilla,MAGNIFICENT_MACARONS,SEASHELLS,718.0,5
1777300,Caesar,Paris,MAGNIFICENT_MACARONS,SEASHELLS,716.0,6
1782000,Caesar,Camilla,MAGNIFICENT_MACARONS,SEASHELLS,731.0,5
1782000,Caesar,Paris,MAGNIFICENT_MACARONS,SEASHELLS,727.0,4
1783100,Paris,Charlie,MAGNIFICENT_MACARONS,SEASHELLS,744.0,5
1783600,Paris,Charlie,MAGNIFICENT_MACARONS,SEASHELLS,742.0,5
1784400,Paris,Charlie,MAGNIFICENT_MACARONS,SEASHELLS,733.0,4
1786300,Camilla,Camilla,MAGNIFICENT_MACARONS,SEASHELLS,733.0,5
1793700,Camilla,Camilla,MAGNIFICENT_MACARONS,SEASHELLS,712.0,3
1793800,Camilla,Camilla,MAGNIFICENT_MACARONS,SEASHELLS,713.0,3
1797600,Camilla,Camilla,MAGNIFICENT_MACARONS,SEASHELLS,724.0,3
1798400,Caesar,Paris,MAGNIFICENT_MACARONS,SEASHELLS,720.0,4
1804900,Paris,Charlie,MAGNIFICENT_MACARONS,SEASHELLS,713.0,6
1806500,Paris,Charlie,MAGNIFICENT_MACARONS,SEASHELLS,714.0,5
1808000,Paris,Charlie,MAGNIFICENT_MACARONS,SEASHELLS,706.0,7
1810900,Caesar,Paris,MAGNIFICENT_MACARONS,SEASHELLS,711.0,5
1811300,Caesar,Paris,MAGNIFICENT_MACARONS,SEASHELLS,703.0,4
1814900,Caesar,Paris,MAGNIFICENT_MACARONS,SEASHELLS,707.0,4
1818600,Paris,Paris,MAGNIFICENT_MACARONS,SEASHELLS,710.0,5
1823500,Caesar,Paris,MAGNIFICENT_MACARONS,SEASHELLS,709.0,4
1828200,Caesar,Paris,MAGNIFICENT_MACARONS,SEASHELLS,722.0,6
1829800,Caesar,Paris,MAGNIFICENT_MACARONS,SEASHELLS,729.0,7
1832400,Paris,Charlie,MAGNIFICENT_MACARONS,SEASHELLS,760.0,4
1835500,Caesar,Paris,MAGNIFICENT_MACARONS,SEASHELLS,765.0,5
1838500,Caesar,Paris,MAGNIFICENT_MACARONS,SEASHELLS,776.0,7
1838900,Paris,Charlie,MAGNIFICENT_MACARONS,SEASHELLS,782.0,5
1840800,Caesar,Paris,MAGNIFICENT_MACARONS,SEASHELLS,780.0,6
1845200,Caesar,Paris,MAGNIFICENT_MACARONS,SEASHELLS,785.0,5
1845500,Caesar,Paris,MAGNIFICENT_MACARONS,SEASHELLS,786.0,4
1845800,Caesar,Paris,MAGNIFICENT_MACARONS,SEASHELLS,784.0,5
1853300,Caesar,Paris,MAGNIFICENT_MACARONS,SEASHELLS,805.0,7
1858800,Caesar,Paris,MAGNIFICENT_MACARONS,SEASHELLS,805.0,6
1859700,Caesar,Paris,MAGNIFICENT_MACARONS,SEASHELLS,808.0,5
1860400,Paris,Charlie,MAGNIFICENT_MACARONS,SEASHELLS,821.0,6
1865200,Camilla,Camilla,MAGNIFICENT_MACARONS,SEASHELLS,811.0,5
1866100,Caesar,Paris,MAGNIFICENT_MACARONS,SEASHELLS,809.0,5
1866100,Charlie,Paris,MAGNIFICENT_MACARONS,SEASHELLS,809.0,2
1868900,Caesar,Paris,MAGNIFICENT_MACARONS,SEASHELLS,812.0,5
1872000,Caesar,Paris,MAGNIFICENT_MACARONS,SEASHELLS,813.0,5
1872000,Charlie,Paris,MAGNIFICENT_MACARONS,SEASHELLS,813.0,2
1873200,Camilla,Camilla,MAGNIFICENT_MACARONS,SEASHELLS,832.0,2
1873900,Camilla,Camilla,MAGNIFICENT_MACARONS,SEASHELLS,837.0,2
1875200,Caesar,Paris,MAGNIFICENT_MACARONS,SEASHELLS,851.0,5
1875400,Caesar,Paris,MAGNIFICENT_MACARONS,SEASHELLS,852.0,5
1875600,Camilla,Camilla,MAGNIFICENT_MACARONS,SEASHELLS,858.0,3
1882700,Caesar,Paris,MAGNIFICENT_MACARONS,SEASHELLS,881.0,6
1883900,Camilla,Caesar,MAGNIFICENT_MACARONS,SEASHELLS,884.0,3
1883900,Caesar,Paris,MAGNIFICENT_MACARONS,SEASHELLS,878.0,6
1887800,Caesar,Paris,MAGNIFICENT_MACARONS,SEASHELLS,871.0,6
1891400,Caesar,Paris,MAGNIFICENT_MACARONS,SEASHELLS,875.0,6
1891400,Charlie,Paris,MAGNIFICENT_MACARONS,SEASHELLS,875.0,1
1894900,Paris,Charlie,MAGNIFICENT_MACARONS,SEASHELLS,886.0,6
1898800,Caesar,Paris,MAGNIFICENT_MACARONS,SEASHELLS,895.0,7
1900300,Paris,Charlie,MAGNIFICENT_MACARONS,SEASHELLS,918.0,5
1906200,Paris,Charlie,MAGNIFICENT_MACARONS,SEASHELLS,936.0,7
1906800,Caesar,Paris,MAGNIFICENT_MACARONS,SEASHELLS,930.0,7
1908100,Caesar,Paris,MAGNIFICENT_MACARONS,SEASHELLS,932.0,4
1910400,Paris,Charlie,MAGNIFICENT_MACARONS,SEASHELLS,934.0,6
1920000,Caesar,Paris,MAGNIFICENT_MACARONS,SEASHELLS,925.0,5
1926900,Paris,Charlie,MAGNIFICENT_MACARONS,SEASHELLS,882.0,5
1928900,Paris,Charlie,MAGNIFICENT_MACARONS,SEASHELLS,870.0,5
1939800,Caesar,Paris,MAGNIFICENT_MACARONS,SEASHELLS,836.0,6
1940900,Camilla,Camilla,MAGNIFICENT_MACARONS,SEASHELLS,842.0,3
1946600,Camilla,Camilla,MAGNIFICENT_MACARONS,SEASHELLS,852.0,3
1947500,Paris,Charlie,MAGNIFICENT_MACARONS,SEASHELLS,850.0,4
1949700,Caesar,Paris,MAGNIFICENT_MACARONS,SEASHELLS,848.0,4
1958100,Camilla,Camilla,MAGNIFICENT_MACARONS,SEASHELLS,840.0,2
1961900,Camilla,Camilla,MAGNIFICENT_MACARONS,SEASHELLS,846.0,2
1963400,Camilla,Caesar,MAGNIFICENT_MACARONS,SEASHELLS,853.0,2
1969000,Camilla,Camilla,MAGNIFICENT_MACARONS,SEASHELLS,859.0,5
1973700,Caesar,Paris,MAGNIFICENT_MACARONS,SEASHELLS,822.0,4
1974400,Caesar,Paris,MAGNIFICENT_MACARONS,SEASHELLS,820.0,6
1977700,Paris,Charlie,MAGNIFICENT_MACARONS,SEASHELLS,852.0,4
1987800,Camilla,Camilla,MAGNIFICENT_MACARONS,SEASHELLS,808.0,5
1991600,Paris,Charlie,MAGNIFICENT_MACARONS,SEASHELLS,807.0,5
1998300,Camilla,Caesar,MAGNIFICENT_MACARONS,SEASHELLS,800.0,4
2000600,Paris,Charlie,MAGNIFICENT_MACARONS,SEASHELLS,786.0,7
2000900,Paris,Charlie,MAGNIFICENT_MACARONS,SEASHELLS,775.0,5
2002000,Paris,Charlie,MAGNIFICENT_MACARONS,SEASHELLS,782.0,4
2009700,Paris,Charlie,MAGNIFICENT_MACARONS,SEASHELLS,778.0,6
2010900,Paris,Charlie,MAGNIFICENT_MACARONS,SEASHELLS,784.0,5
2011400,Camilla,Camilla,MAGNIFICENT_MACARONS,SEASHELLS,776.0,2
2013500,Paris,Charlie,MAGNIFICENT_MACARONS,SEASHELLS,762.0,5
2015000,Paris,Charlie,MAGNIFICENT_MACARONS,SEASHELLS,752.0,5
2015500,Caesar,Paris,MAGNIFICENT_MACARONS,SEASHELLS,755.0,7
2017200,Paris,Charlie,MAGNIFICENT_MACARONS,SEASHELLS,773.0,6
2018000,Paris,Charlie,MAGNIFICENT_MACARONS,SEASHELLS,775.0,6
2027000,Paris,Charlie,MAGNIFICENT_MACARONS,SEASHELLS,757.0,6
2027700,Caesar,Paris,MAGNIFICENT_MACARONS,SEASHELLS,754.0,5
2029000,Caesar,Paris,MAGNIFICENT_MACARONS,SEASHELLS,747.0,5
2029000,Charlie,Paris,MAGNIFICENT_MACARONS,SEASHELLS,747.0,1
2034900,Caesar,Paris,MAGNIFICENT_MACARONS,SEASHELLS,754.0,5
2034900,Charlie,Paris,MAGNIFICENT_MACARONS,SEASHELLS,754.0,1
2043600,Caesar,Paris,MAGNIFICENT_MACARONS,SEASHELLS,714.0,4
2047700,Paris,Charlie,MAGNIFICENT_MACARONS,SEASHELLS,720.0,6
2050400,Camilla,Camilla,MAGNIFICENT_MACARONS,SEASHELLS,720.0,3
2067200,Caesar,Paris,MAGNIFICENT_MACARONS,SEASHELLS,736.0,5
2070200,Caesar,Paris,MAGNIFICENT_MACARONS,SEASHELLS,741.0,5
2070200,Charlie,Paris,MAGNIFICENT_MACARONS,SEASHELLS,741.0,2
2073000,Camilla,Camilla,MAGNIFICENT_MACARONS,SEASHELLS,737.0,2
2074300,Caesar,Paris,MAGNIFICENT_MACARONS,SEASHELLS,725.0,6
2074900,Paris,Charlie,MAGNIFICENT_MACARONS,SEASHELLS,729.0,5
2076000,Paris,Charlie,MAGNIFICENT_MACARONS,SEASHELLS,705.0,6
2076100,Caesar,Paris,MAGNIFICENT_MACARONS,SEASHELLS,695.0,6
2077600,Caesar,Paris,MAGNIFICENT_MACARONS,SEASHELLS,710.0,5
2077900,Paris,Charlie,MAGNIFICENT_MACARONS,SEASHELLS,718.0,5
2078400,Paris,Charlie,MAGNIFICENT_MACARONS,SEASHELLS,711.0,5
2086900,Caesar,Paris,MAGNIFICENT_MACARONS,SEASHELLS,719.0,4
2087500,Caesar,Paris,MAGNIFICENT_MACARONS,SEASHELLS,716.0,5
2091700,Camilla,Camilla,MAGNIFICENT_MACARONS,SEASHELLS,740.0,5
2093300,Camilla,Camilla,MAGNIFICENT_MACARONS,SEASHELLS,725.0,5
2094200,Caesar,Paris,MAGNIFICENT_MACARONS,SEASHELLS,718.0,6
2096700,Paris,Charlie,MAGNIFICENT_MACARONS,SEASHELLS,713.0,5
2098200,Paris,Charlie,MAGNIFICENT_MACARONS,SEASHELLS,713.0,6
2099200,Camilla,Camilla,MAGNIFICENT_MACARONS,SEASHELLS,718.0,5
2103400,Camilla,Camilla,MAGNIFICENT_MACARONS,SEASHELLS,731.0,3
2104000,Camilla,Paris,MAGNIFICENT_MACARONS,SEASHELLS,739.0,3
2106100,Camilla,Camilla,MAGNIFICENT_MACARONS,SEASHELLS,730.0,3
2114000,Caesar,Paris,MAGNIFICENT_MACARONS,SEASHELLS,703.0,4
2121700,Caesar,Paris,MAGNIFICENT_MACARONS,SEASHELLS,709.0,7
2124100,Caesar,Paris,MAGNIFICENT_MACARONS,SEASHELLS,713.0,4
2124700,Caesar,Paris,MAGNIFICENT_MACARONS,SEASHELLS,705.0,5
2124700,Charlie,Paris,MAGNIFICENT_MACARONS,SEASHELLS,705.0,2
2128400,Caesar,Paris,MAGNIFICENT_MACARONS,SEASHELLS,699.0,7
2133300,Paris,Paris,MAGNIFICENT_MACARONS,SEASHELLS,716.0,7
2135400,Caesar,Paris,MAGNIFICENT_MACARONS,SEASHELLS,696.0,7
2139400,Camilla,Camilla,MAGNIFICENT_MACARONS,SEASHELLS,707.0,4
2139500,Paris,Charlie,MAGNIFICENT_MACARONS,SEASHELLS,714.0,4
2140800,Paris,Charlie,MAGNIFICENT_MACARONS,SEASHELLS,725.0,4
2146200,Camilla,Camilla,MAGNIFICENT_MACARONS,SEASHELLS,720.0,5
2146500,Caesar,Paris,MAGNIFICENT_MACARONS,SEASHELLS,720.0,5
2147500,Camilla,Caesar,MAGNIFICENT_MACARONS,SEASHELLS,721.0,5
2149100,Paris,Charlie,MAGNIFICENT_MACARONS,SEASHELLS,739.0,6
2149700,Caesar,Paris,MAGNIFICENT_MACARONS,SEASHELLS,723.0,4
2153200,Caesar,Paris,MAGNIFICENT_MACARONS,SEASHELLS,721.0,4
2157400,Paris,Charlie,MAGNIFICENT_MACARONS,SEASHELLS,768.0,6
2164700,Camilla,Camilla,MAGNIFICENT_MACARONS,SEASHELLS,741.0,5
2167200,Caesar,Paris,MAGNIFICENT_MACARONS,SEASHELLS,736.0,5
2167200,Charlie,Paris,MAGNIFICENT_MACARONS,SEASHELLS,736.0,1
2172800,Camilla,Camilla,MAGNIFICENT_MACARONS,SEASHELLS,724.0,4
2182300,Camilla,Camilla,MAGNIFICENT_MACARONS,SEASHELLS,734.0,5
2189100,Caesar,Paris,MAGNIFICENT_MACARONS,SEASHELLS,717.0,4
2189200,Paris,Charlie,MAGNIFICENT_MACARONS,SEASHELLS,729.0,4
2190800,Caesar,Paris,MAGNIFICENT_MACARONS,SEASHELLS,721.0,4
2194900,Caesar,Paris,MAGNIFICENT_MACARONS,SEASHELLS,710.0,4
2197800,Camilla,Paris,MAGNIFICENT_MACARONS,SEASHELLS,712.0,4
2198700,Caesar,Paris,MAGNIFICENT_MACARONS,SEASHELLS,705.0,6
2198900,Caesar,Paris,MAGNIFICENT_MACARONS,SEASHELLS,704.0,6
2200000,Camilla,Camilla,MAGNIFICENT_MACARONS,SEASHELLS,707.0,4
2200400,Paris,Charlie,MAGNIFICENT_MACARONS,SEASHELLS,707.0,7
2201000,Paris,Charlie,MAGNIFICENT_MACARONS,SEASHELLS,710.0,4
2211000,Camilla,Camilla,MAGNIFICENT_MACARONS,SEASHELLS,740.0,3
2211100,Camilla,Camilla,MAGNIFICENT_MACARONS,SEASHELLS,736.0,2
2211700,Caesar,Paris,MAGNIFICENT_MACARONS,SEASHELLS,741.0,5
2211900,Paris,Charlie,MAGNIFICENT_MACARONS,SEASHELLS,752.0,6
2215100,Caesar,Paris,MAGNIFICENT_MACARONS,SEASHELLS,753.0,5
2218000,Caesar,Paris,MAGNIFICENT_MACARONS,SEASHELLS,758.0,4
2218600,Caesar,Paris,MAGNIFICENT_MACARONS,SEASHELLS,766.0,4
2221100,Paris,Charlie,MAGNIFICENT_MACARONS,SEASHELLS,790.0,6
2225800,Camilla,Camilla,MAGNIFICENT_MACARONS,SEASHELLS,790.0,4
2231800,Paris,Charlie,MAGNIFICENT_MACARONS,SEASHELLS,773.0,4
2235500,Caesar,Paris,MAGNIFICENT_MACARONS,SEASHELLS,764.0,4
2247000,Caesar,Paris,MAGNIFICENT_MACARONS,SEASHELLS,753.0,5
2249200,Camilla,Camilla,MAGNIFICENT_MACARONS,SEASHELLS,752.0,2
2259500,Caesar,Paris,MAGNIFICENT_MACARONS,SEASHELLS,766.0,4
2260800,Paris,Charlie,MAGNIFICENT_MACARONS,SEASHELLS,782.0,6
2261300,Paris,Charlie,MAGNIFICENT_MACARONS,SEASHELLS,779.0,5
2265100,Paris,Charlie,MAGNIFICENT_MACARONS,SEASHELLS,766.0,6
2271700,Caesar,Paris,MAGNIFICENT_MACARONS,SEASHELLS,742.0,5
2271700,Charlie,Paris,MAGNIFICENT_MACARONS,SEASHELLS,742.0,2
2276700,Paris,Charlie,MAGNIFICENT_MACARONS,SEASHELLS,767.0,4
2280000,Camilla,Caesar,MAGNIFICENT_MACARONS,SEASHELLS,794.0,4
2282000,Paris,Charlie,MAGNIFICENT_MACARONS,SEASHELLS,794.0,7
2282800,Camilla,Camilla,MAGNIFICENT_MACARONS,SEASHELLS,789.0,4
2284000,Camilla,Camilla,MAGNIFICENT_MACARONS,SEASHELLS,788.0,4
2284300,Camilla,Camilla,MAGNIFICENT_MACARONS,SEASHELLS,786.0,2
2290300,Caesar,Paris,MAGNIFICENT_MACARONS,SEASHELLS,773.0,6
2295400,Camilla,Camilla,MAGNIFICENT_MACARONS,SEASHELLS,766.0,3
2311500,Camilla,Camilla,MAGNIFICENT_MACARONS,SEASHELLS,793.0,2
2312300,Paris,Charlie,MAGNIFICENT_MACARONS,SEASHELLS,793.0,4
2313300,Camilla,Camilla,MAGNIFICENT_MACARONS,SEASHELLS,788.0,2
2314200,Paris,Charlie,MAGNIFICENT_MACARONS,SEASHELLS,789.0,4
2320000,Paris,Charlie,MAGNIFICENT_MACARONS,SEASHELLS,784.0,5
2323000,Camilla,Camilla,MAGNIFICENT_MACARONS,SEASHELLS,790.0,4
2323600,Camilla,Camilla,MAGNIFICENT_MACARONS,SEASHELLS,789.0,2
2323600,Paris,Charlie,MAGNIFICENT_MACARONS,SEASHELLS,792.0,7
2323900,Caesar,Paris,MAGNIFICENT_MACARONS,SEASHELLS,788.0,6
2325100,Camilla,Camilla,MAGNIFICENT_MACARONS,SEASHELLS,789.0,3
2326000,Paris,Charlie,MAGNIFICENT_MACARONS,SEASHELLS,793.0,6
2339400,Paris,Charlie,MAGNIFICENT_MACARONS,SEASHELLS,750.0,5
2349000,Camilla,Camilla,MAGNIFICENT_MACARONS,SEASHELLS,731.0,2
2349100,Paris,Charlie,MAGNIFICENT_MACARONS,SEASHELLS,734.0,6
2354600,Paris,Charlie,MAGNIFICENT_MACARONS,SEASHELLS,740.0,5
2355300,Camilla,Camilla,MAGNIFICENT_MACARONS,SEASHELLS,744.0,4
2359300,Caesar,Paris,MAGNIFICENT_MACARONS,SEASHELLS,767.0,6
2363200,Paris,Paris,MAGNIFICENT_MACARONS,SEASHELLS,752.0,4
2368000,Paris,Paris,MAGNIFICENT_MACARONS,SEASHELLS,778.0,5
2369600,Caesar,Paris,MAGNIFICENT_MACARONS,SEASHELLS,786.0,5
2374400,Caesar,Paris,MAGNIFICENT_MACARONS,SEASHELLS,793.0,6
2381800,Caesar,Paris,MAGNIFICENT_MACARONS,SEASHELLS,786.0,4
2383700,Paris,Charlie,MAGNIFICENT_MACARONS,SEASHELLS,785.0,4
2386900,Paris,Charlie,MAGNIFICENT_MACARONS,SEASHELLS,799.0,6
2388600,Paris,Charlie,MAGNIFICENT_MACARONS,SEASHELLS,788.0,4
2392400,Paris,Charlie,MAGNIFICENT_MACARONS,SEASHELLS,779.0,7
2394600,Caesar,Camilla,MAGNIFICENT_MACARONS,SEASHELLS,759.0,4
2395300,Camilla,Camilla,MAGNIFICENT_MACARONS,SEASHELLS,746.0,2
2395400,Caesar,Paris,MAGNIFICENT_MACARONS,SEASHELLS,745.0,5
2402500,Paris,Charlie,MAGNIFICENT_MACARONS,SEASHELLS,769.0,6
2405200,Paris,Charlie,MAGNIFICENT_MACARONS,SEASHELLS,775.0,7
2410300,Caesar,Paris,MAGNIFICENT_MACARONS,SEASHELLS,787.0,6
2413900,Caesar,Paris,MAGNIFICENT_MACARONS,SEASHELLS,813.0,4
2414300,Caesar,Paris,MAGNIFICENT_MACARONS,SEASHELLS,813.0,4
2414900,Caesar,Paris,MAGNIFICENT_MACARONS,SEASHELLS,809.0,4
2417200,Caesar,Paris,MAGNIFICENT_MACARONS,SEASHELLS,802.0,5
2417200,Charlie,Paris,MAGNIFICENT_MACARONS,SEASHELLS,802.0,1
2420100,Caesar,Paris,MAGNIFICENT_MACARONS,SEASHELLS,787.0,4
2420400,Paris,Charlie,MAGNIFICENT_MACARONS,SEASHELLS,799.0,5
2424400,Paris,Charlie,MAGNIFICENT_MACARONS,SEASHELLS,800.0,5
2424800,Caesar,Paris,MAGNIFICENT_MACARONS,SEASHELLS,791.0,4
2424900,Paris,Charlie,MAGNIFICENT_MACARONS,SEASHELLS,799.0,5
2428200,Caesar,Paris,MAGNIFICENT_MACARONS,SEASHELLS,799.0,7
2429800,Caesar,Paris,MAGNIFICENT_MACARONS,SEASHELLS,791.0,7
2432200,Caesar,Paris,MAGNIFICENT_MACARONS,SEASHELLS,784.0,6
2433100,Caesar,Paris,MAGNIFICENT_MACARONS,SEASHELLS,797.0,5
2434400,Caesar,Paris,MAGNIFICENT_MACARONS,SEASHELLS,789.0,7
2435100,Paris,Charlie,MAGNIFICENT_MACARONS,SEASHELLS,798.0,5
2435700,Caesar,Paris,MAGNIFICENT_MACARONS,SEASHELLS,794.0,4
2439400,Paris,Paris,MAGNIFICENT_MACARONS,SEASHELLS,792.0,4
2440500,Paris,Charlie,MAGNIFICENT_MACARONS,SEASHELLS,787.0,7
2445200,Paris,Charlie,MAGNIFICENT_MACARONS,SEASHELLS,789.0,7
2446100,Camilla,Camilla,MAGNIFICENT_MACARONS,SEASHELLS,781.0,4
2446900,Caesar,Paris,MAGNIFICENT_MACARONS,SEASHELLS,784.0,6
2447200,Caesar,Paris,MAGNIFICENT_MACARONS,SEASHELLS,782.0,5
2447500,Caesar,Paris,MAGNIFICENT_MACARONS,SEASHELLS,781.0,5
2448400,Camilla,Camilla,MAGNIFICENT_MACARONS,SEASHELLS,781.0,4
2451200,Caesar,Paris,MAGNIFICENT_MACARONS,SEASHELLS,778.0,4
2454100,Paris,Charlie,MAGNIFICENT_MACARONS,SEASHELLS,767.0,5
2455600,Camilla,Camilla,MAGNIFICENT_MACARONS,SEASHELLS,763.0,4
2456900,Paris,Charlie,MAGNIFICENT_MACARONS,SEASHELLS,768.0,6
2457500,Camilla,Camilla,MAGNIFICENT_MACARONS,SEASHELLS,759.0,3
2458200,Caesar,Paris,MAGNIFICENT_MACARONS,SEASHELLS,765.0,6
2465600,Camilla,Camilla,MAGNIFICENT_MACARONS,SEASHELLS,762.0,3
2468200,Paris,Charlie,MAGNIFICENT_MACARONS,SEASHELLS,758.0,4
2468700,Caesar,Paris,MAGNIFICENT_MACARONS,SEASHELLS,751.0,5
2469400,Caesar,Paris,MAGNIFICENT_MACARONS,SEASHELLS,761.0,4
2471200,Caesar,Paris,MAGNIFICENT_MACARONS,SEASHELLS,762.0,6
2471200,Charlie,Paris,MAGNIFICENT_MACARONS,SEASHELLS,762.0,1
2471700,Paris,Charlie,MAGNIFICENT_MACARONS,SEASHELLS,769.0,4
2474300,Caesar,Paris,MAGNIFICENT_MACARONS,SEASHELLS,778.0,4
2475000,Caesar,Paris,MAGNIFICENT_MACARONS,SEASHELLS,788.0,4
2481700,Caesar,Paris,MAGNIFICENT_MACARONS,SEASHELLS,741.0,5
2483900,Caesar,Paris,MAGNIFICENT_MACARONS,SEASHELLS,749.0,5
2486300,Caesar,Paris,MAGNIFICENT_MACARONS,SEASHELLS,735.0,5
2491700,Camilla,Paris,MAGNIFICENT_MACARONS,SEASHELLS,765.0,2
2493300,Paris,Paris,MAGNIFICENT_MACARONS,SEASHELLS,768.0,7
2493700,Camilla,Camilla,MAGNIFICENT_MACARONS,SEASHELLS,763.0,4
2495400,Camilla,Camilla,MAGNIFICENT_MACARONS,SEASHELLS,764.0,2
2501200,Camilla,Camilla,MAGNIFICENT_MACARONS,SEASHELLS,752.0,3
2504400,Paris,Charlie,MAGNIFICENT_MACARONS,SEASHELLS,748.0,4
2505000,Caesar,Paris,MAGNIFICENT_MACARONS,SEASHELLS,748.0,5
2509100,Camilla,Camilla,MAGNIFICENT_MACARONS,SEASHELLS,732.0,3
2510100,Paris,Charlie,MAGNIFICENT_MACARONS,SEASHELLS,742.0,5
2510800,Caesar,Paris,MAGNIFICENT_MACARONS,SEASHELLS,743.0,4
2511900,Camilla,Camilla,MAGNIFICENT_MACARONS,SEASHELLS,755.0,3
2522700,Paris,Charlie,MAGNIFICENT_MACARONS,SEASHELLS,793.0,7
2524500,Caesar,Paris,MAGNIFICENT_MACARONS,SEASHELLS,787.0,7
2526600,Paris,Camilla,MAGNIFICENT_MACARONS,SEASHELLS,786.0,4
2529100,Caesar,Paris,MAGNIFICENT_MACARONS,SEASHELLS,788.0,4
2531100,Caesar,Paris,MAGNIFICENT_MACARONS,SEASHELLS,792.0,4
2533600,Camilla,Camilla,MAGNIFICENT_MACARONS,SEASHELLS,784.0,5
2534400,Caesar,Paris,MAGNIFICENT_MACARONS,SEASHELLS,778.0,4
2535800,Caesar,Paris,MAGNIFICENT_MACARONS,SEASHELLS,784.0,7
2539000,Paris,Charlie,MAGNIFICENT_MACARONS,SEASHELLS,794.0,6
2539500,Paris,Charlie,MAGNIFICENT_MACARONS,SEASHELLS,795.0,4
2540300,Camilla,Camilla,MAGNIFICENT_MACARONS,SEASHELLS,791.0,3
2541000,Paris,Charlie,MAGNIFICENT_MACARONS,SEASHELLS,798.0,5
2541500,Caesar,Paris,MAGNIFICENT_MACARONS,SEASHELLS,791.0,7
2542000,Caesar,Paris,MAGNIFICENT_MACARONS,SEASHELLS,789.0,6
2543900,Caesar,Paris,MAGNIFICENT_MACARONS,SEASHELLS,797.0,4
2548800,Paris,Charlie,MAGNIFICENT_MACARONS,SEASHELLS,816.0,5
2552200,Caesar,Paris,MAGNIFICENT_MACARONS,SEASHELLS,781.0,4
2555600,Camilla,Camilla,MAGNIFICENT_MACARONS,SEASHELLS,788.0,4
2558800,Camilla,Camilla,MAGNIFICENT_MACARONS,SEASHELLS,802.0,2
2563900,Camilla,Camilla,MAGNIFICENT_MACARONS,SEASHELLS,833.0,2
2579900,Paris,Charlie,MAGNIFICENT_MACARONS,SEASHELLS,897.0,4
2584300,Caesar,Paris,MAGNIFICENT_MACARONS,SEASHELLS,897.0,6
2586000,Caesar,Paris,MAGNIFICENT_MACARONS,SEASHELLS,887.0,6
2593300,Camilla,Caesar,MAGNIFICENT_MACARONS,SEASHELLS,905.0,3
2593800,Paris,Paris,MAGNIFICENT_MACARONS,SEASHELLS,912.0,5
2594500,Caesar,Paris,MAGNIFICENT_MACARONS,SEASHELLS,910.0,4
2598400,Camilla,Camilla,MAGNIFICENT_MACARONS,SEASHELLS,923.0,4
2599400,Caesar,Camilla,MAGNIFICENT_MACARONS,SEASHELLS,916.0,3
2602000,Caesar,Camilla,MAGNIFICENT_MACARONS,SEASHELLS,921.0,3
2604100,Paris,Charlie,MAGNIFICENT_MACARONS,SEASHELLS,921.0,6
2606500,Paris,Charlie,MAGNIFICENT_MACARONS,SEASHELLS,924.0,6
2611200,Caesar,Paris,MAGNIFICENT_MACARONS,SEASHELLS,898.0,4
2611600,Paris,Paris,MAGNIFICENT_MACARONS,SEASHELLS,898.0,4
2612900,Paris,Charlie,MAGNIFICENT_MACARONS,SEASHELLS,897.0,5
2616800,Caesar,Paris,MAGNIFICENT_MACARONS,SEASHELLS,903.0,5
2619100,Paris,Charlie,MAGNIFICENT_MACARONS,SEASHELLS,931.0,4
2627900,Caesar,Paris,MAGNIFICENT_MACARONS,SEASHELLS,938.0,7
2628100,Paris,Charlie,MAGNIFICENT_MACARONS,SEASHELLS,944.0,6
2631800,Caesar,Paris,MAGNIFICENT_MACARONS,SEASHELLS,948.0,6
2634400,Paris,Charlie,MAGNIFICENT_MACARONS,SEASHELLS,948.0,4
2635800,Paris,Charlie,MAGNIFICENT_MACARONS,SEASHELLS,957.0,4
2640000,Paris,Charlie,MAGNIFICENT_MACARONS,SEASHELLS,938.0,4
2642300,Paris,Charlie,MAGNIFICENT_MACARONS,SEASHELLS,943.0,5
2643900,Caesar,Paris,MAGNIFICENT_MACARONS,SEASHELLS,947.0,5
2648800,Paris,Charlie,MAGNIFICENT_MACARONS,SEASHELLS,947.0,6
2649500,Camilla,Camilla,MAGNIFICENT_MACARONS,SEASHELLS,942.0,2
2649700,Caesar,Paris,MAGNIFICENT_MACARONS,SEASHELLS,945.0,5
2650300,Caesar,Paris,MAGNIFICENT_MACARONS,SEASHELLS,945.0,6
2652600,Caesar,Paris,MAGNIFICENT_MACARONS,SEASHELLS,927.0,5
2653300,Camilla,Camilla,MAGNIFICENT_MACARONS,SEASHELLS,937.0,2
2660800,Paris,Charlie,MAGNIFICENT_MACARONS,SEASHELLS,934.0,6
2664200,Caesar,Camilla,MAGNIFICENT_MACARONS,SEASHELLS,963.0,4
2682400,Camilla,Camilla,MAGNIFICENT_MACARONS,SEASHELLS,950.0,4
2687400,Paris,Charlie,MAGNIFICENT_MACARONS,SEASHELLS,946.0,6
2693200,Paris,Charlie,MAGNIFICENT_MACARONS,SEASHELLS,952.0,6
2693800,Caesar,Paris,MAGNIFICENT_MACARONS,SEASHELLS,948.0,5
2693800,Charlie,Paris,MAGNIFICENT_MACARONS,SEASHELLS,948.0,2
2697200,Paris,Charlie,MAGNIFICENT_MACARONS,SEASHELLS,931.0,7
2701400,Caesar,Paris,MAGNIFICENT_MACARONS,SEASHELLS,942.0,7
2706200,Paris,Paris,MAGNIFICENT_MACARONS,SEASHELLS,918.0,7
2706900,Camilla,Camilla,MAGNIFICENT_MACARONS,SEASHELLS,910.0,2
2712000,Paris,Charlie,MAGNIFICENT_MACARONS,SEASHELLS,920.0,6
2713000,Paris,Charlie,MAGNIFICENT_MACARONS,SEASHELLS,925.0,5
2715100,Camilla,Camilla,MAGNIFICENT_MACARONS,SEASHELLS,907.0,5
2725100,Caesar,Paris,MAGNIFICENT_MACARONS,SEASHELLS,906.0,6
2725100,Charlie,Paris,MAGNIFICENT_MACARONS,SEASHELLS,906.0,1
2725300,Caesar,Paris,MAGNIFICENT_MACARONS,SEASHELLS,906.0,7
2725600,Paris,Charlie,MAGNIFICENT_MACARONS,SEASHELLS,906.0,7
2729100,Paris,Charlie,MAGNIFICENT_MACARONS,SEASHELLS,891.0,4
2729400,Paris,Charlie,MAGNIFICENT_MACARONS,SEASHELLS,884.0,7
2729600,Caesar,Paris,MAGNIFICENT_MACARONS,SEASHELLS,875.0,5
2729600,Charlie,Paris,MAGNIFICENT_MACARONS,SEASHELLS,875.0,2
2730700,Paris,Charlie,MAGNIFICENT_MACARONS,SEASHELLS,879.0,6
2730800,Paris,Charlie,MAGNIFICENT_MACARONS,SEASHELLS,875.0,4
2732100,Caesar,Paris,MAGNIFICENT_MACARONS,SEASHELLS,878.0,5
2733500,Caesar,Paris,MAGNIFICENT_MACARONS,SEASHELLS,876.0,4
2734100,Caesar,Paris,MAGNIFICENT_MACARONS,SEASHELLS,876.0,6
2736900,Camilla,Camilla,MAGNIFICENT_MACARONS,SEASHELLS,844.0,2
2738300,Camilla,Camilla,MAGNIFICENT_MACARONS,SEASHELLS,846.0,5
2740400,Camilla,Camilla,MAGNIFICENT_MACARONS,SEASHELLS,853.0,5
2745500,Paris,Charlie,MAGNIFICENT_MACARONS,SEASHELLS,870.0,5
2748400,Caesar,Paris,MAGNIFICENT_MACARONS,SEASHELLS,880.0,5
2749100,Camilla,Camilla,MAGNIFICENT_MACARONS,SEASHELLS,888.0,5
2750500,Caesar,Paris,MAGNIFICENT_MACARONS,SEASHELLS,889.0,7
2754100,Caesar,Paris,MAGNIFICENT_MACARONS,SEASHELLS,881.0,5
2754400,Paris,Charlie,MAGNIFICENT_MACARONS,SEASHELLS,884.0,7
2758800,Caesar,Paris,MAGNIFICENT_MACARONS,SEASHELLS,877.0,4
2759300,Paris,Charlie,MAGNIFICENT_MACARONS,SEASHELLS,886.0,7
2761800,Camilla,Camilla,MAGNIFICENT_MACARONS,SEASHELLS,877.0,3
2762200,Paris,Charlie,MAGNIFICENT_MACARONS,SEASHELLS,876.0,6
2763300,Paris,Charlie,MAGNIFICENT_MACARONS,SEASHELLS,871.0,5
2764500,Paris,Charlie,MAGNIFICENT_MACARONS,SEASHELLS,874.0,5
2765400,Caesar,Paris,MAGNIFICENT_MACARONS,SEASHELLS,871.0,4
2765600,Caesar,Paris,MAGNIFICENT_MACARONS,SEASHELLS,866.0,6
2766200,Paris,Paris,MAGNIFICENT_MACARONS,SEASHELLS,872.0,6
2769000,Paris,Charlie,MAGNIFICENT_MACARONS,SEASHELLS,892.0,4
2769700,Camilla,Camilla,MAGNIFICENT_MACARONS,SEASHELLS,888.0,5
2770600,Caesar,Paris,MAGNIFICENT_MACARONS,SEASHELLS,887.0,6
2772400,Camilla,Camilla,MAGNIFICENT_MACARONS,SEASHELLS,903.0,4
2775900,Caesar,Paris,MAGNIFICENT_MACARONS,SEASHELLS,880.0,5
2775900,Charlie,Paris,MAGNIFICENT_MACARONS,SEASHELLS,880.0,2
2777600,Camilla,Camilla,MAGNIFICENT_MACARONS,SEASHELLS,896.0,5
2778700,Caesar,Paris,MAGNIFICENT_MACARONS,SEASHELLS,893.0,4
2779400,Caesar,Paris,MAGNIFICENT_MACARONS,SEASHELLS,885.0,6
2789300,Camilla,Camilla,MAGNIFICENT_MACARONS,SEASHELLS,893.0,3
2793500,Paris,Charlie,MAGNIFICENT_MACARONS,SEASHELLS,881.0,4
2799200,Caesar,Paris,MAGNIFICENT_MACARONS,SEASHELLS,850.0,5
2799800,Caesar,Paris,MAGNIFICENT_MACARONS,SEASHELLS,847.0,6
2801100,Caesar,Paris,MAGNIFICENT_MACARONS,SEASHELLS,846.0,6
2801600,Paris,Charlie,MAGNIFICENT_MACARONS,SEASHELLS,855.0,4
2803400,Paris,Charlie,MAGNIFICENT_MACARONS,SEASHELLS,848.0,5
2805200,Paris,Charlie,MAGNIFICENT_MACARONS,SEASHELLS,836.0,5
2807600,Camilla,Camilla,MAGNIFICENT_MACARONS,SEASHELLS,846.0,3
2813500,Caesar,Paris,MAGNIFICENT_MACARONS,SEASHELLS,815.0,6
2813700,Caesar,Paris,MAGNIFICENT_MACARONS,SEASHELLS,815.0,4
2816700,Paris,Charlie,MAGNIFICENT_MACARONS,SEASHELLS,843.0,5
2818200,Caesar,Paris,MAGNIFICENT_MACARONS,SEASHELLS,833.0,4
2819000,Caesar,Camilla,MAGNIFICENT_MACARONS,SEASHELLS,828.0,5
2819500,Paris,Charlie,MAGNIFICENT_MACARONS,SEASHELLS,829.0,7
2820400,Paris,Charlie,MAGNIFICENT_MACARONS,SEASHELLS,825.0,5
2828300,Camilla,Caesar,MAGNIFICENT_MACARONS,SEASHELLS,812.0,3
2828900,Paris,Charlie,MAGNIFICENT_MACARONS,SEASHELLS,807.0,6
2832300,Caesar,Paris,MAGNIFICENT_MACARONS,SEASHELLS,801.0,4
2835200,Paris,Charlie,MAGNIFICENT_MACARONS,SEASHELLS,790.0,4
2836500,Camilla,Camilla,MAGNIFICENT_MACARONS,SEASHELLS,778.0,2
2839300,Paris,Charlie,MAGNIFICENT_MACARONS,SEASHELLS,785.0,7
2842400,Camilla,Caesar,MAGNIFICENT_MACARONS,SEASHELLS,770.0,3
2846400,Caesar,Paris,MAGNIFICENT_MACARONS,SEASHELLS,786.0,5
2849500,Caesar,Paris,MAGNIFICENT_MACARONS,SEASHELLS,787.0,6
2856900,Caesar,Paris,MAGNIFICENT_MACARONS,SEASHELLS,779.0,4
2857700,Paris,Charlie,MAGNIFICENT_MACARONS,SEASHELLS,778.0,4
2859500,Caesar,Paris,MAGNIFICENT_MACARONS,SEASHELLS,762.0,5
2859500,Charlie,Paris,MAGNIFICENT_MACARONS,SEASHELLS,762.0,1
2868500,Paris,Charlie,MAGNIFICENT_MACARONS,SEASHELLS,784.0,4
2870800,Paris,Charlie,MAGNIFICENT_MACARONS,SEASHELLS,785.0,5
2877200,Paris,Charlie,MAGNIFICENT_MACARONS,SEASHELLS,793.0,5
2881400,Caesar,Camilla,MAGNIFICENT_MACARONS,SEASHELLS,785.0,2
2883100,Caesar,Paris,MAGNIFICENT_MACARONS,SEASHELLS,777.0,5
2885400,Paris,Charlie,MAGNIFICENT_MACARONS,SEASHELLS,784.0,5
2886000,Camilla,Camilla,MAGNIFICENT_MACARONS,SEASHELLS,779.0,2
2895400,Caesar,Paris,MAGNIFICENT_MACARONS,SEASHELLS,735.0,6
2895700,Camilla,Camilla,MAGNIFICENT_MACARONS,SEASHELLS,737.0,5
2895800,Paris,Charlie,MAGNIFICENT_MACARONS,SEASHELLS,746.0,5
2895900,Camilla,Caesar,MAGNIFICENT_MACARONS,SEASHELLS,744.0,3
2896200,Camilla,Camilla,MAGNIFICENT_MACARONS,SEASHELLS,740.0,2
2899500,Caesar,Paris,MAGNIFICENT_MACARONS,SEASHELLS,741.0,5
2902300,Paris,Paris,MAGNIFICENT_MACARONS,SEASHELLS,740.0,7
2902700,Caesar,Camilla,MAGNIFICENT_MACARONS,SEASHELLS,741.0,4
2903100,Paris,Charlie,MAGNIFICENT_MACARONS,SEASHELLS,742.0,6
2906100,Caesar,Paris,MAGNIFICENT_MACARONS,SEASHELLS,768.0,5
2906600,Camilla,Caesar,MAGNIFICENT_MACARONS,SEASHELLS,765.0,5
2907000,Caesar,Paris,MAGNIFICENT_MACARONS,SEASHELLS,761.0,4
2909900,Caesar,Paris,MAGNIFICENT_MACARONS,SEASHELLS,741.0,6
2913100,Paris,Charlie,MAGNIFICENT_MACARONS,SEASHELLS,761.0,6
2915100,Paris,Charlie,MAGNIFICENT_MACARONS,SEASHELLS,762.0,5
2916000,Camilla,Camilla,MAGNIFICENT_MACARONS,SEASHELLS,751.0,3
2916700,Caesar,Paris,MAGNIFICENT_MACARONS,SEASHELLS,732.0,4
2917400,Paris,Camilla,MAGNIFICENT_MACARONS,SEASHELLS,732.0,5
2920700,Camilla,Camilla,MAGNIFICENT_MACARONS,SEASHELLS,742.0,4
2925500,Caesar,Paris,MAGNIFICENT_MACARONS,SEASHELLS,726.0,6
2928700,Camilla,Camilla,MAGNIFICENT_MACARONS,SEASHELLS,729.0,5
2928900,Paris,Charlie,MAGNIFICENT_MACARONS,SEASHELLS,733.0,6
2929400,Paris,Charlie,MAGNIFICENT_MACARONS,SEASHELLS,732.0,4
2934200,Paris,Charlie,MAGNIFICENT_MACARONS,SEASHELLS,748.0,6
2934800,Caesar,Paris,MAGNIFICENT_MACARONS,SEASHELLS,731.0,6
2945300,Paris,Charlie,MAGNIFICENT_MACARONS,SEASHELLS,753.0,4
2945400,Caesar,Paris,MAGNIFICENT_MACARONS,SEASHELLS,749.0,7
2947800,Caesar,Paris,MAGNIFICENT_MACARONS,SEASHELLS,766.0,4
2948200,Camilla,Camilla,MAGNIFICENT_MACARONS,SEASHELLS,773.0,2
2951300,Paris,Charlie,MAGNIFICENT_MACARONS,SEASHELLS,737.0,5
2954200,Paris,Charlie,MAGNIFICENT_MACARONS,SEASHELLS,737.0,7
2956600,Camilla,Camilla,MAGNIFICENT_MACARONS,SEASHELLS,753.0,4
2972000,Caesar,Paris,MAGNIFICENT_MACARONS,SEASHELLS,762.0,5
2975900,Camilla,Camilla,MAGNIFICENT_MACARONS,SEASHELLS,747.0,3
2978200,Caesar,Paris,MAGNIFICENT_MACARONS,SEASHELLS,761.0,5
2986300,Caesar,Paris,MAGNIFICENT_MACARONS,SEASHELLS,773.0,5
2994500,Paris,Charlie,MAGNIFICENT_MACARONS,SEASHELLS,797.0,7
2994700,Caesar,Paris,MAGNIFICENT_MACARONS,SEASHELLS,787.0,4
2999600,Paris,Charlie,MAGNIFICENT_MACARONS,SEASHELLS,745.0,5
