day,timestamp,product,bid_price_1,bid_volume_1,bid_price_2,bid_volume_2,bid_price_3,bid_volume_3,ask_price_1,ask_volume_1,ask_price_2,ask_volume_2,ask_price_3,ask_volume_3,mid_price,profit_and_loss
2,0,PICNIC_BASKET2,30094.0,11.0,30093.0,27.0,,,30099.0,1.0,30100.0,37.0,,,30096.5,0.0
2,100,PICNIC_BASKET2,30096.0,3.0,30093.0,39.0,,,30099.0,19.0,30100.0,20.0,,,30097.5,0.0
2,200,PICNIC_BASKET2,30092.0,15.0,30091.0,20.0,,,30097.0,2.0,30098.0,33.0,,,30094.5,0.0
2,300,PICNIC_BASKET2,30093.0,1.0,30092.0,33.0,,,30098.0,1.0,30099.0,33.0,,,30095.5,0.0
2,400,PICNIC_BASKET2,30096.0,46.0,,,,,30103.0,46.0,,,,,30099.5,0.0
2,500,PICNIC_BASKET2,30097.0,34.0,,,,,30103.0,14.0,30104.0,20.0,,,30100.0,0.0
2,600,PICNIC_BASKET2,30095.0,37.0,,,,,30101.0,14.0,30102.0,23.0,,,30098.0,0.0
2,700,PICNIC_BASKET2,30097.0,30.0,,,,,30103.0,12.0,30104.0,18.0,,,30100.0,0.0
2,800,PICNIC_BASKET2,30100.0,1.0,30099.0,38.0,,,30105.0,11.0,30106.0,28.0,,,30102.5,0.0
2,900,PICNIC_BASKET2,30100.0,3.0,30095.0,38.0,,,30101.0,14.0,30102.0,24.0,,,30100.5,0.0
2,1000,PICNIC_BASKET2,30105.0,2.0,30104.0,48.0,,,30110.0,2.0,30111.0,48.0,,,30107.5,0.0
2,1100,PICNIC_BASKET2,30107.0,21.0,30106.0,27.0,,,30112.0,2.0,30113.0,46.0,,,30109.5,0.0
2,1200,PICNIC_BASKET2,30110.0,1.0,30109.0,32.0,,,30115.0,13.0,30116.0,20.0,,,30112.5,0.0
2,1300,PICNIC_BASKET2,30114.0,6.0,30111.0,5.0,30109.0,10.0,30115.0,27.0,,,,,30114.5,0.0
2,1400,PICNIC_BASKET2,30109.0,2.0,30108.0,39.0,,,30114.0,18.0,30115.0,23.0,,,30111.5,0.0
2,1500,PICNIC_BASKET2,30110.0,18.0,30109.0,26.0,,,30115.0,2.0,30116.0,42.0,,,30112.5,0.0
2,1600,PICNIC_BASKET2,30117.0,1.0,30116.0,41.0,,,30122.0,13.0,30123.0,29.0,,,30119.5,0.0
2,1700,PICNIC_BASKET2,30119.0,47.0,,,,,30125.0,18.0,30126.0,29.0,,,30122.0,0.0
2,1800,PICNIC_BASKET2,30118.0,2.0,30117.0,30.0,,,30123.0,17.0,30124.0,15.0,,,30120.5,0.0
2,1900,PICNIC_BASKET2,30115.0,2.0,30114.0,41.0,,,30120.0,13.0,30121.0,30.0,,,30117.5,0.0
2,2000,PICNIC_BASKET2,30110.0,11.0,30109.0,17.0,,,30116.0,28.0,,,,,30113.0,0.0
2,2100,PICNIC_BASKET2,30110.0,16.0,30109.0,15.0,,,30116.0,31.0,,,,,30113.0,0.0
2,2200,PICNIC_BASKET2,30109.0,14.0,30108.0,19.0,,,30114.0,2.0,30115.0,31.0,,,30111.5,0.0
2,2300,PICNIC_BASKET2,30108.0,2.0,30105.0,45.0,,,30111.0,19.0,30112.0,26.0,,,30109.5,0.0
2,2400,PICNIC_BASKET2,30104.0,17.0,30103.0,28.0,,,30109.0,1.0,30110.0,44.0,,,30106.5,0.0
2,2500,PICNIC_BASKET2,30100.0,29.0,,,,,30106.0,11.0,30107.0,18.0,,,30103.0,0.0
2,2600,PICNIC_BASKET2,30101.0,1.0,30100.0,35.0,,,30106.0,11.0,30107.0,25.0,,,30103.5,0.0
2,2700,PICNIC_BASKET2,30102.0,13.0,30101.0,28.0,,,30107.0,2.0,30108.0,39.0,,,30104.5,0.0
2,2800,PICNIC_BASKET2,30100.0,34.0,,,,,30107.0,34.0,,,,,30103.5,0.0
2,2900,PICNIC_BASKET2,30104.0,17.0,30103.0,26.0,,,30109.0,1.0,30110.0,42.0,,,30106.5,0.0
2,3000,PICNIC_BASKET2,30101.0,12.0,30100.0,16.0,,,30103.0,6.0,30106.0,1.0,30107.0,27.0,30102.0,0.0
2,3100,PICNIC_BASKET2,30104.0,18.0,30103.0,15.0,,,30110.0,33.0,,,,,30107.0,0.0
2,3200,PICNIC_BASKET2,30105.0,13.0,30104.0,29.0,,,30110.0,1.0,30111.0,41.0,,,30107.5,0.0
2,3300,PICNIC_BASKET2,30104.0,2.0,30103.0,40.0,,,30109.0,14.0,30110.0,28.0,,,30106.5,0.0
2,3400,PICNIC_BASKET2,30104.0,1.0,30103.0,41.0,,,30109.0,1.0,30110.0,41.0,,,30106.5,0.0
2,3500,PICNIC_BASKET2,30103.0,2.0,30102.0,42.0,,,30108.0,2.0,30109.0,42.0,,,30105.5,0.0
2,3600,PICNIC_BASKET2,30103.0,15.0,30102.0,23.0,,,30109.0,15.0,30110.0,23.0,,,30106.0,0.0
2,3700,PICNIC_BASKET2,30101.0,17.0,30100.0,15.0,,,30106.0,1.0,30107.0,31.0,,,30103.5,0.0
2,3800,PICNIC_BASKET2,30101.0,12.0,30100.0,25.0,,,30107.0,37.0,,,,,30104.0,0.0
2,3900,PICNIC_BASKET2,30100.0,13.0,30099.0,23.0,,,30105.0,2.0,30106.0,34.0,,,30102.5,0.0
2,4000,PICNIC_BASKET2,30101.0,2.0,30100.0,38.0,,,30106.0,18.0,30107.0,22.0,,,30103.5,0.0
2,4100,PICNIC_BASKET2,30098.0,12.0,30097.0,19.0,,,30104.0,31.0,,,,,30101.0,0.0
2,4200,PICNIC_BASKET2,30100.0,22.0,30099.0,16.0,,,30106.0,22.0,30107.0,16.0,,,30103.0,0.0
2,4300,PICNIC_BASKET2,30099.0,19.0,30098.0,24.0,,,30104.0,1.0,30105.0,42.0,,,30101.5,0.0
2,4400,PICNIC_BASKET2,30096.0,46.0,,,,,30103.0,46.0,,,,,30099.5,0.0
2,4500,PICNIC_BASKET2,30095.0,29.0,,,,,30101.0,11.0,30102.0,18.0,,,30098.0,0.0
2,4600,PICNIC_BASKET2,30093.0,1.0,30092.0,40.0,,,30098.0,1.0,30099.0,40.0,,,30095.5,0.0
2,4700,PICNIC_BASKET2,30091.0,19.0,30090.0,22.0,,,30097.0,41.0,,,,,30094.0,0.0
2,4800,PICNIC_BASKET2,30092.0,1.0,30091.0,37.0,,,30097.0,1.0,30098.0,37.0,,,30094.5,0.0
2,4900,PICNIC_BASKET2,30090.0,17.0,30089.0,22.0,,,30095.0,2.0,30096.0,37.0,,,30092.5,0.0
2,5000,PICNIC_BASKET2,30090.0,18.0,30089.0,26.0,,,30095.0,2.0,30096.0,42.0,,,30092.5,0.0
2,5100,PICNIC_BASKET2,30091.0,14.0,30090.0,27.0,,,30096.0,1.0,30097.0,40.0,,,30093.5,0.0
2,5200,PICNIC_BASKET2,30093.0,5.0,30091.0,1.0,30090.0,37.0,30096.0,14.0,30097.0,24.0,,,30094.5,0.0
2,5300,PICNIC_BASKET2,30092.0,1.0,30091.0,37.0,,,30097.0,1.0,30098.0,37.0,,,30094.5,0.0
2,5400,PICNIC_BASKET2,30095.0,2.0,30094.0,39.0,,,30100.0,2.0,30101.0,39.0,,,30097.5,0.0
2,5500,PICNIC_BASKET2,30094.0,1.0,30093.0,39.0,,,30099.0,19.0,30100.0,21.0,,,30096.5,0.0
2,5600,PICNIC_BASKET2,30091.0,17.0,30090.0,21.0,,,30093.0,3.0,30097.0,38.0,,,30092.0,0.0
2,5700,PICNIC_BASKET2,30091.0,18.0,30090.0,19.0,,,30096.0,1.0,30097.0,38.0,,,30093.5,0.0
2,5800,PICNIC_BASKET2,30093.0,17.0,30092.0,21.0,,,30098.0,2.0,30099.0,36.0,,,30095.5,0.0
2,5900,PICNIC_BASKET2,30095.0,2.0,30093.0,2.0,30092.0,40.0,30098.0,16.0,30099.0,26.0,,,30096.5,0.0
2,6000,PICNIC_BASKET2,30093.0,2.0,30092.0,41.0,,,30098.0,20.0,30099.0,23.0,,,30095.5,0.0
2,6100,PICNIC_BASKET2,30089.0,1.0,30088.0,29.0,,,30094.0,14.0,30095.0,16.0,,,30091.5,0.0
2,6200,PICNIC_BASKET2,30087.0,1.0,30086.0,41.0,,,30092.0,15.0,30093.0,27.0,,,30089.5,0.0
2,6300,PICNIC_BASKET2,30085.0,45.0,,,,,30091.0,15.0,30092.0,30.0,,,30088.0,0.0
2,6400,PICNIC_BASKET2,30083.0,2.0,30082.0,46.0,,,30088.0,2.0,30089.0,46.0,,,30085.5,0.0
2,6500,PICNIC_BASKET2,30081.0,15.0,30080.0,16.0,,,30086.0,2.0,30087.0,29.0,,,30083.5,0.0
2,6600,PICNIC_BASKET2,30082.0,41.0,,,,,30088.0,13.0,30089.0,28.0,,,30085.0,0.0
2,6700,PICNIC_BASKET2,30081.0,14.0,30080.0,24.0,,,30087.0,38.0,,,,,30084.0,0.0
2,6800,PICNIC_BASKET2,30082.0,1.0,30081.0,45.0,,,30087.0,16.0,30088.0,30.0,,,30084.5,0.0
2,6900,PICNIC_BASKET2,30082.0,16.0,30081.0,20.0,,,30087.0,2.0,30088.0,34.0,,,30084.5,0.0
2,7000,PICNIC_BASKET2,30081.0,1.0,30080.0,40.0,,,30086.0,1.0,30087.0,40.0,,,30083.5,0.0
2,7100,PICNIC_BASKET2,30091.0,2.0,30090.0,36.0,,,30096.0,20.0,30097.0,18.0,,,30093.5,0.0
2,7200,PICNIC_BASKET2,30091.0,27.0,,,,,30098.0,27.0,,,,,30094.5,0.0
2,7300,PICNIC_BASKET2,30098.0,2.0,30094.0,1.0,30093.0,36.0,30099.0,1.0,30100.0,36.0,,,30098.5,0.0
2,7400,PICNIC_BASKET2,30093.0,2.0,30092.0,35.0,,,30098.0,12.0,30099.0,25.0,,,30095.5,0.0
2,7500,PICNIC_BASKET2,30092.0,11.0,30091.0,15.0,,,30098.0,26.0,,,,,30095.0,0.0
2,7600,PICNIC_BASKET2,30094.0,1.0,30093.0,38.0,,,30099.0,15.0,30100.0,24.0,,,30096.5,0.0
2,7700,PICNIC_BASKET2,30092.0,12.0,30091.0,24.0,,,30098.0,36.0,,,,,30095.0,0.0
2,7800,PICNIC_BASKET2,30096.0,27.0,,,,,30102.0,11.0,30103.0,16.0,,,30099.0,0.0
2,7900,PICNIC_BASKET2,30099.0,1.0,30098.0,31.0,,,30104.0,1.0,30105.0,31.0,,,30101.5,0.0
2,8000,PICNIC_BASKET2,30096.0,47.0,,,,,30102.0,17.0,30103.0,30.0,,,30099.0,0.0
2,8100,PICNIC_BASKET2,30094.0,12.0,30093.0,15.0,,,30099.0,1.0,30100.0,26.0,,,30096.5,0.0
2,8200,PICNIC_BASKET2,30087.0,43.0,,,,,30093.0,14.0,30094.0,29.0,,,30090.0,0.0
2,8300,PICNIC_BASKET2,30091.0,1.0,30090.0,44.0,,,30096.0,15.0,30097.0,30.0,,,30093.5,0.0
2,8400,PICNIC_BASKET2,30095.0,33.0,,,,,30101.0,15.0,30102.0,18.0,,,30098.0,0.0
2,8500,PICNIC_BASKET2,30096.0,11.0,30095.0,18.0,,,30102.0,29.0,,,,,30099.0,0.0
2,8600,PICNIC_BASKET2,30101.0,1.0,30100.0,33.0,,,30106.0,1.0,30107.0,33.0,,,30103.5,0.0
2,8700,PICNIC_BASKET2,30105.0,7.0,30102.0,40.0,,,30108.0,14.0,30109.0,26.0,,,30106.5,0.0
2,8800,PICNIC_BASKET2,30101.0,35.0,,,,,30107.0,16.0,30108.0,19.0,,,30104.0,0.0
2,8900,PICNIC_BASKET2,30105.0,3.0,30100.0,14.0,30099.0,15.0,30106.0,29.0,,,,,30105.5,0.0
2,9000,PICNIC_BASKET2,30102.0,1.0,30099.0,48.0,,,30105.0,20.0,30106.0,28.0,,,30103.5,0.0
2,9100,PICNIC_BASKET2,30099.0,14.0,30098.0,22.0,,,30105.0,36.0,,,,,30102.0,0.0
2,9200,PICNIC_BASKET2,30099.0,46.0,,,,,30105.0,17.0,30106.0,29.0,,,30102.0,0.0
2,9300,PICNIC_BASKET2,30105.0,1.0,30103.0,14.0,30102.0,30.0,30108.0,2.0,30109.0,42.0,,,30106.5,0.0
2,9400,PICNIC_BASKET2,30102.0,36.0,,,,,30109.0,36.0,,,,,30105.5,0.0
2,9500,PICNIC_BASKET2,30103.0,14.0,30102.0,18.0,,,30108.0,1.0,30109.0,31.0,,,30105.5,0.0
2,9600,PICNIC_BASKET2,30091.0,12.0,30090.0,18.0,,,30096.0,2.0,30097.0,28.0,,,30093.5,0.0
2,9700,PICNIC_BASKET2,30088.0,20.0,30087.0,25.0,,,30094.0,45.0,,,,,30091.0,0.0
2,9800,PICNIC_BASKET2,30086.0,1.0,30085.0,40.0,,,30091.0,11.0,30092.0,30.0,,,30088.5,0.0
2,9900,PICNIC_BASKET2,30089.0,2.0,30088.0,48.0,,,30094.0,22.0,30095.0,28.0,,,30091.5,0.0
2,10000,PICNIC_BASKET2,30084.0,14.0,30083.0,29.0,,,30090.0,43.0,,,,,30087.0,0.0
2,10100,PICNIC_BASKET2,30084.0,38.0,,,,,30090.0,12.0,30091.0,26.0,,,30087.0,0.0
2,10200,PICNIC_BASKET2,30082.0,51.0,,,,,30088.0,22.0,30089.0,29.0,,,30085.0,0.0
2,10300,PICNIC_BASKET2,30078.0,45.0,,,,,30081.0,4.0,30084.0,18.0,30085.0,27.0,30079.5,0.0
2,10400,PICNIC_BASKET2,30078.0,18.0,30077.0,19.0,,,30084.0,37.0,,,,,30081.0,0.0
2,10500,PICNIC_BASKET2,30077.0,42.0,,,,,30083.0,20.0,30084.0,22.0,,,30080.0,0.0
2,10600,PICNIC_BASKET2,30072.0,20.0,30071.0,16.0,,,30077.0,1.0,30078.0,35.0,,,30074.5,0.0
2,10700,PICNIC_BASKET2,30079.0,13.0,30078.0,27.0,,,30084.0,1.0,30085.0,39.0,,,30081.5,0.0
2,10800,PICNIC_BASKET2,30075.0,20.0,30074.0,28.0,,,30080.0,2.0,30081.0,46.0,,,30077.5,0.0
2,10900,PICNIC_BASKET2,30077.0,2.0,30076.0,37.0,,,30082.0,14.0,30083.0,25.0,,,30079.5,0.0
2,11000,PICNIC_BASKET2,30076.0,11.0,30075.0,27.0,,,30081.0,1.0,30082.0,37.0,,,30078.5,0.0
2,11100,PICNIC_BASKET2,30076.0,16.0,30075.0,24.0,,,30081.0,2.0,30082.0,38.0,,,30078.5,0.0
2,11200,PICNIC_BASKET2,30074.0,39.0,,,,,30080.0,21.0,30081.0,18.0,,,30077.0,0.0
2,11300,PICNIC_BASKET2,30071.0,13.0,30070.0,18.0,,,30077.0,31.0,,,,,30074.0,0.0
2,11400,PICNIC_BASKET2,30073.0,29.0,,,,,30079.0,12.0,30080.0,17.0,,,30076.0,0.0
2,11500,PICNIC_BASKET2,30071.0,31.0,,,,,30077.0,16.0,30078.0,15.0,,,30074.0,0.0
2,11600,PICNIC_BASKET2,30072.0,1.0,30071.0,40.0,,,30077.0,18.0,30078.0,23.0,,,30074.5,0.0
2,11700,PICNIC_BASKET2,30070.0,16.0,30069.0,17.0,,,30075.0,1.0,30076.0,32.0,,,30072.5,0.0
2,11800,PICNIC_BASKET2,30069.0,35.0,,,,,30075.0,13.0,30076.0,22.0,,,30072.0,0.0
2,11900,PICNIC_BASKET2,30071.0,13.0,30070.0,17.0,,,30076.0,1.0,30077.0,29.0,,,30073.5,0.0
2,12000,PICNIC_BASKET2,30073.0,13.0,30072.0,28.0,,,30079.0,41.0,,,,,30076.0,0.0
2,12100,PICNIC_BASKET2,30077.0,41.0,,,,,30084.0,41.0,,,,,30080.5,0.0
2,12200,PICNIC_BASKET2,30079.0,13.0,30078.0,21.0,,,30085.0,34.0,,,,,30082.0,0.0
2,12300,PICNIC_BASKET2,30082.0,1.0,30079.0,38.0,,,30085.0,12.0,30086.0,26.0,,,30083.5,0.0
2,12400,PICNIC_BASKET2,30083.0,21.0,30082.0,16.0,,,30088.0,1.0,30089.0,36.0,,,30085.5,0.0
2,12500,PICNIC_BASKET2,30087.0,2.0,30086.0,47.0,,,30092.0,2.0,30093.0,47.0,,,30089.5,0.0
2,12600,PICNIC_BASKET2,30084.0,32.0,,,,,30090.0,12.0,30091.0,20.0,,,30087.0,0.0
2,12700,PICNIC_BASKET2,30085.0,15.0,30084.0,18.0,,,30090.0,1.0,30091.0,32.0,,,30087.5,0.0
2,12800,PICNIC_BASKET2,30086.0,4.0,30084.0,20.0,30083.0,22.0,30090.0,42.0,,,,,30088.0,0.0
2,12900,PICNIC_BASKET2,30090.0,6.0,30088.0,20.0,30087.0,15.0,30094.0,35.0,,,,,30092.0,0.0
2,13000,PICNIC_BASKET2,30093.0,19.0,30092.0,21.0,,,30095.0,8.0,30098.0,1.0,30099.0,39.0,30094.0,0.0
2,13100,PICNIC_BASKET2,30094.0,15.0,30093.0,18.0,,,30099.0,1.0,30100.0,32.0,,,30096.5,0.0
2,13200,PICNIC_BASKET2,30098.0,1.0,30097.0,43.0,,,30103.0,18.0,30104.0,26.0,,,30100.5,0.0
2,13300,PICNIC_BASKET2,30097.0,1.0,30096.0,47.0,,,30102.0,21.0,30103.0,27.0,,,30099.5,0.0
2,13400,PICNIC_BASKET2,30099.0,20.0,30098.0,15.0,,,30104.0,2.0,30105.0,33.0,,,30101.5,0.0
2,13500,PICNIC_BASKET2,30095.0,47.0,,,,,30101.0,21.0,30102.0,26.0,,,30098.0,0.0
2,13600,PICNIC_BASKET2,30096.0,35.0,,,,,30102.0,13.0,30103.0,22.0,,,30099.0,0.0
2,13700,PICNIC_BASKET2,30093.0,21.0,30092.0,29.0,,,30099.0,50.0,,,,,30096.0,0.0
2,13800,PICNIC_BASKET2,30095.0,15.0,30094.0,29.0,,,30101.0,44.0,,,,,30098.0,0.0
2,13900,PICNIC_BASKET2,30101.0,1.0,30100.0,37.0,,,30106.0,1.0,30107.0,37.0,,,30103.5,0.0
2,14000,PICNIC_BASKET2,30101.0,16.0,30100.0,17.0,,,30106.0,1.0,30107.0,32.0,,,30103.5,0.0
2,14100,PICNIC_BASKET2,30105.0,1.0,30104.0,43.0,,,30110.0,1.0,30111.0,43.0,,,30107.5,0.0
2,14200,PICNIC_BASKET2,30109.0,16.0,30108.0,22.0,,,30115.0,38.0,,,,,30112.0,0.0
2,14300,PICNIC_BASKET2,30110.0,14.0,30109.0,29.0,,,30115.0,2.0,30116.0,41.0,,,30112.5,0.0
2,14400,PICNIC_BASKET2,30110.0,19.0,30109.0,24.0,,,30115.0,1.0,30116.0,42.0,,,30112.5,0.0
2,14500,PICNIC_BASKET2,30109.0,15.0,30108.0,21.0,,,30114.0,1.0,30115.0,35.0,,,30111.5,0.0
2,14600,PICNIC_BASKET2,30110.0,1.0,30109.0,41.0,,,30115.0,13.0,30116.0,29.0,,,30112.5,0.0
2,14700,PICNIC_BASKET2,30110.0,33.0,,,,,30116.0,13.0,30117.0,20.0,,,30113.0,0.0
2,14800,PICNIC_BASKET2,30114.0,16.0,30113.0,15.0,,,30119.0,1.0,30120.0,30.0,,,30116.5,0.0
2,14900,PICNIC_BASKET2,30114.0,21.0,30113.0,29.0,,,30119.0,1.0,30120.0,49.0,,,30116.5,0.0
2,15000,PICNIC_BASKET2,30114.0,8.0,30111.0,43.0,,,30117.0,17.0,30118.0,26.0,,,30115.5,0.0
2,15100,PICNIC_BASKET2,30106.0,35.0,,,,,30113.0,35.0,,,,,30109.5,0.0
2,15200,PICNIC_BASKET2,30107.0,14.0,30106.0,26.0,,,30109.0,3.0,30113.0,40.0,,,30108.0,0.0
2,15300,PICNIC_BASKET2,30105.0,2.0,30104.0,41.0,,,30110.0,19.0,30111.0,24.0,,,30107.5,0.0
2,15400,PICNIC_BASKET2,30103.0,1.0,30102.0,44.0,,,30108.0,20.0,30109.0,25.0,,,30105.5,0.0
2,15500,PICNIC_BASKET2,30102.0,2.0,30101.0,44.0,,,30107.0,17.0,30108.0,29.0,,,30104.5,0.0
2,15600,PICNIC_BASKET2,30104.0,20.0,30103.0,24.0,,,30110.0,44.0,,,,,30107.0,0.0
2,15700,PICNIC_BASKET2,30101.0,1.0,30100.0,29.0,,,30106.0,11.0,30107.0,19.0,,,30103.5,0.0
2,15800,PICNIC_BASKET2,30102.0,2.0,30101.0,36.0,,,30107.0,20.0,30108.0,18.0,,,30104.5,0.0
2,15900,PICNIC_BASKET2,30104.0,1.0,30103.0,34.0,,,30109.0,13.0,30110.0,22.0,,,30106.5,0.0
2,16000,PICNIC_BASKET2,30106.0,16.0,30105.0,16.0,,,30112.0,32.0,,,,,30109.0,0.0
2,16100,PICNIC_BASKET2,30103.0,2.0,30102.0,37.0,,,30108.0,13.0,30109.0,26.0,,,30105.5,0.0
2,16200,PICNIC_BASKET2,30102.0,12.0,30101.0,25.0,,,30104.0,1.0,30107.0,2.0,30108.0,35.0,30103.0,0.0
2,16300,PICNIC_BASKET2,30102.0,2.0,30101.0,37.0,,,30107.0,2.0,30108.0,37.0,,,30104.5,0.0
2,16400,PICNIC_BASKET2,30102.0,20.0,30101.0,15.0,,,30107.0,1.0,30108.0,34.0,,,30104.5,0.0
2,16500,PICNIC_BASKET2,30104.0,16.0,30103.0,29.0,,,30109.0,1.0,30110.0,44.0,,,30106.5,0.0
2,16600,PICNIC_BASKET2,30102.0,4.0,30099.0,35.0,,,30105.0,12.0,30106.0,23.0,,,30103.5,0.0
2,16700,PICNIC_BASKET2,30099.0,15.0,30098.0,24.0,,,30104.0,2.0,30105.0,37.0,,,30101.5,0.0
2,16800,PICNIC_BASKET2,30097.0,2.0,30096.0,28.0,,,30102.0,13.0,30103.0,17.0,,,30099.5,0.0
2,16900,PICNIC_BASKET2,30097.0,19.0,30096.0,19.0,,,30103.0,38.0,,,,,30100.0,0.0
2,17000,PICNIC_BASKET2,30099.0,40.0,,,,,30105.0,14.0,30106.0,26.0,,,30102.0,0.0
2,17100,PICNIC_BASKET2,30100.0,2.0,30099.0,46.0,,,30105.0,21.0,30106.0,27.0,,,30102.5,0.0
2,17200,PICNIC_BASKET2,30097.0,2.0,30096.0,49.0,,,30102.0,21.0,30103.0,30.0,,,30099.5,0.0
2,17300,PICNIC_BASKET2,30098.0,4.0,30096.0,13.0,30095.0,15.0,30102.0,28.0,,,,,30100.0,0.0
2,17400,PICNIC_BASKET2,30091.0,35.0,,,,,30097.0,11.0,30098.0,24.0,,,30094.0,0.0
2,17500,PICNIC_BASKET2,30090.0,1.0,30089.0,42.0,,,30095.0,1.0,30096.0,42.0,,,30092.5,0.0
2,17600,PICNIC_BASKET2,30089.0,16.0,30088.0,23.0,,,30095.0,39.0,,,,,30092.0,0.0
2,17700,PICNIC_BASKET2,30085.0,2.0,30084.0,31.0,,,30090.0,16.0,30091.0,17.0,,,30087.5,0.0
2,17800,PICNIC_BASKET2,30085.0,39.0,,,,,30091.0,13.0,30092.0,26.0,,,30088.0,0.0
2,17900,PICNIC_BASKET2,30084.0,18.0,30083.0,23.0,,,30090.0,41.0,,,,,30087.0,0.0
2,18000,PICNIC_BASKET2,30086.0,31.0,,,,,30092.0,12.0,30093.0,19.0,,,30089.0,0.0
2,18100,PICNIC_BASKET2,30083.0,21.0,30082.0,15.0,,,30088.0,1.0,30089.0,35.0,,,30085.5,0.0
2,18200,PICNIC_BASKET2,30084.0,1.0,30081.0,39.0,,,30087.0,15.0,30088.0,24.0,,,30085.5,0.0
2,18300,PICNIC_BASKET2,30082.0,2.0,30081.0,43.0,,,30087.0,22.0,30088.0,23.0,,,30084.5,0.0
2,18400,PICNIC_BASKET2,30087.0,19.0,30086.0,19.0,,,30093.0,38.0,,,,,30090.0,0.0
2,18500,PICNIC_BASKET2,30086.0,1.0,30085.0,34.0,,,30091.0,1.0,30092.0,34.0,,,30088.5,0.0
2,18600,PICNIC_BASKET2,30084.0,20.0,30083.0,16.0,,,30090.0,36.0,,,,,30087.0,0.0
2,18700,PICNIC_BASKET2,30085.0,35.0,,,,,30091.0,11.0,30092.0,24.0,,,30088.0,0.0
2,18800,PICNIC_BASKET2,30092.0,17.0,30091.0,29.0,,,30097.0,2.0,30098.0,44.0,,,30094.5,0.0
2,18900,PICNIC_BASKET2,30095.0,1.0,30094.0,42.0,,,30100.0,19.0,30101.0,24.0,,,30097.5,0.0
2,19000,PICNIC_BASKET2,30100.0,1.0,30099.0,45.0,,,30105.0,19.0,30106.0,27.0,,,30102.5,0.0
2,19100,PICNIC_BASKET2,30095.0,18.0,30094.0,23.0,,,30100.0,1.0,30101.0,40.0,,,30097.5,0.0
2,19200,PICNIC_BASKET2,30094.0,1.0,30093.0,40.0,,,30099.0,17.0,30100.0,24.0,,,30096.5,0.0
2,19300,PICNIC_BASKET2,30097.0,2.0,30096.0,37.0,,,30102.0,22.0,30103.0,17.0,,,30099.5,0.0
2,19400,PICNIC_BASKET2,30093.0,20.0,30092.0,18.0,,,30099.0,38.0,,,,,30096.0,0.0
2,19500,PICNIC_BASKET2,30093.0,15.0,30092.0,18.0,,,30099.0,33.0,,,,,30096.0,0.0
2,19600,PICNIC_BASKET2,30094.0,19.0,30093.0,19.0,,,30099.0,2.0,30100.0,36.0,,,30096.5,0.0
2,19700,PICNIC_BASKET2,30095.0,2.0,30094.0,42.0,,,30100.0,19.0,30101.0,25.0,,,30097.5,0.0
2,19800,PICNIC_BASKET2,30096.0,45.0,,,,,30102.0,16.0,30103.0,29.0,,,30099.0,0.0
2,19900,PICNIC_BASKET2,30094.0,2.0,30093.0,46.0,,,30099.0,20.0,30100.0,28.0,,,30096.5,0.0
2,20000,PICNIC_BASKET2,30090.0,18.0,30089.0,27.0,,,30095.0,2.0,30096.0,43.0,,,30092.5,0.0
2,20100,PICNIC_BASKET2,30090.0,13.0,30089.0,16.0,,,30095.0,2.0,30096.0,27.0,,,30092.5,0.0
2,20200,PICNIC_BASKET2,30091.0,38.0,,,,,30097.0,10.0,30098.0,28.0,,,30094.0,0.0
2,20300,PICNIC_BASKET2,30092.0,19.0,30091.0,16.0,,,30097.0,1.0,30098.0,34.0,,,30094.5,0.0
2,20400,PICNIC_BASKET2,30088.0,48.0,,,,,30094.0,19.0,30095.0,29.0,,,30091.0,0.0
2,20500,PICNIC_BASKET2,30085.0,20.0,30084.0,20.0,,,30091.0,40.0,,,,,30088.0,0.0
2,20600,PICNIC_BASKET2,30089.0,18.0,30088.0,27.0,,,30094.0,1.0,30095.0,44.0,,,30091.5,0.0
2,20700,PICNIC_BASKET2,30090.0,1.0,30089.0,37.0,,,30095.0,1.0,30096.0,37.0,,,30092.5,0.0
2,20800,PICNIC_BASKET2,30094.0,19.0,30093.0,25.0,,,30096.0,5.0,30099.0,1.0,30100.0,43.0,30095.0,0.0
2,20900,PICNIC_BASKET2,30096.0,20.0,30095.0,30.0,,,30101.0,1.0,30102.0,49.0,,,30098.5,0.0
2,21000,PICNIC_BASKET2,30099.0,15.0,30098.0,16.0,,,30104.0,2.0,30105.0,29.0,,,30101.5,0.0
2,21100,PICNIC_BASKET2,30097.0,1.0,30096.0,35.0,,,30102.0,1.0,30103.0,35.0,,,30099.5,0.0
2,21200,PICNIC_BASKET2,30096.0,1.0,30095.0,43.0,,,30101.0,19.0,30102.0,25.0,,,30098.5,0.0
2,21300,PICNIC_BASKET2,30091.0,32.0,,,,,30097.0,17.0,30098.0,15.0,,,30094.0,0.0
2,21400,PICNIC_BASKET2,30092.0,22.0,30091.0,23.0,,,30097.0,2.0,30098.0,43.0,,,30094.5,0.0
2,21500,PICNIC_BASKET2,30092.0,1.0,30090.0,20.0,30089.0,21.0,30096.0,41.0,,,,,30094.0,0.0
2,21600,PICNIC_BASKET2,30086.0,15.0,30085.0,17.0,,,30091.0,1.0,30092.0,31.0,,,30088.5,0.0
2,21700,PICNIC_BASKET2,30081.0,18.0,30080.0,28.0,,,30087.0,46.0,,,,,30084.0,0.0
2,21800,PICNIC_BASKET2,30078.0,18.0,30077.0,17.0,,,30084.0,35.0,,,,,30081.0,0.0
2,21900,PICNIC_BASKET2,30081.0,1.0,30080.0,34.0,,,30086.0,18.0,30087.0,17.0,,,30083.5,0.0
2,22000,PICNIC_BASKET2,30078.0,15.0,30077.0,23.0,,,30083.0,2.0,30084.0,36.0,,,30080.5,0.0
2,22100,PICNIC_BASKET2,30075.0,1.0,30074.0,36.0,,,30080.0,1.0,30081.0,36.0,,,30077.5,0.0
2,22200,PICNIC_BASKET2,30077.0,12.0,30076.0,24.0,,,30082.0,1.0,30083.0,35.0,,,30079.5,0.0
2,22300,PICNIC_BASKET2,30077.0,10.0,30076.0,28.0,,,30083.0,38.0,,,,,30080.0,0.0
2,22400,PICNIC_BASKET2,30076.0,35.0,,,,,30082.0,13.0,30083.0,22.0,,,30079.0,0.0
2,22500,PICNIC_BASKET2,30075.0,42.0,,,,,30081.0,12.0,30082.0,30.0,,,30078.0,0.0
2,22600,PICNIC_BASKET2,30071.0,37.0,,,,,30077.0,15.0,30078.0,22.0,,,30074.0,0.0
2,22700,PICNIC_BASKET2,30068.0,43.0,,,,,30075.0,43.0,,,,,30071.5,0.0
2,22800,PICNIC_BASKET2,30070.0,19.0,30069.0,30.0,,,30075.0,2.0,30076.0,47.0,,,30072.5,0.0
2,22900,PICNIC_BASKET2,30070.0,2.0,30069.0,37.0,,,30075.0,2.0,30076.0,37.0,,,30072.5,0.0
2,23000,PICNIC_BASKET2,30071.0,1.0,30070.0,40.0,,,30076.0,17.0,30077.0,24.0,,,30073.5,0.0
2,23100,PICNIC_BASKET2,30070.0,18.0,30069.0,30.0,,,30076.0,48.0,,,,,30073.0,0.0
2,23200,PICNIC_BASKET2,30071.0,22.0,30070.0,30.0,,,30076.0,2.0,30077.0,50.0,,,30073.5,0.0
2,23300,PICNIC_BASKET2,30079.0,16.0,30078.0,28.0,,,30084.0,2.0,30085.0,42.0,,,30081.5,0.0
2,23400,PICNIC_BASKET2,30085.0,2.0,30084.0,43.0,,,30090.0,15.0,30091.0,30.0,,,30087.5,0.0
2,23500,PICNIC_BASKET2,30088.0,1.0,30087.0,39.0,,,30093.0,15.0,30094.0,25.0,,,30090.5,0.0
2,23600,PICNIC_BASKET2,30089.0,20.0,30088.0,21.0,,,30094.0,1.0,30095.0,40.0,,,30091.5,0.0
2,23700,PICNIC_BASKET2,30091.0,2.0,30090.0,32.0,,,30096.0,14.0,30097.0,20.0,,,30093.5,0.0
2,23800,PICNIC_BASKET2,30087.0,17.0,30086.0,20.0,,,30093.0,37.0,,,,,30090.0,0.0
2,23900,PICNIC_BASKET2,30091.0,26.0,,,,,30097.0,17.0,30098.0,15.0,,,30094.0,0.0
2,24000,PICNIC_BASKET2,30093.0,1.0,30091.0,1.0,30090.0,35.0,30096.0,1.0,30097.0,35.0,,,30094.5,0.0
2,24100,PICNIC_BASKET2,30093.0,39.0,,,,,30099.0,19.0,30100.0,20.0,,,30096.0,0.0
2,24200,PICNIC_BASKET2,30090.0,38.0,,,,,30096.0,16.0,30097.0,22.0,,,30093.0,0.0
2,24300,PICNIC_BASKET2,30092.0,13.0,30091.0,21.0,,,30097.0,2.0,30098.0,32.0,,,30094.5,0.0
2,24400,PICNIC_BASKET2,30095.0,2.0,30094.0,40.0,,,30100.0,16.0,30101.0,26.0,,,30097.5,0.0
2,24500,PICNIC_BASKET2,30090.0,20.0,30089.0,21.0,,,30096.0,41.0,,,,,30093.0,0.0
2,24600,PICNIC_BASKET2,30095.0,2.0,30094.0,32.0,,,30100.0,18.0,30101.0,16.0,,,30097.5,0.0
2,24700,PICNIC_BASKET2,30097.0,15.0,30096.0,21.0,,,30103.0,36.0,,,,,30100.0,0.0
2,24800,PICNIC_BASKET2,30096.0,16.0,30095.0,27.0,,,30102.0,16.0,30103.0,27.0,,,30099.0,0.0
2,24900,PICNIC_BASKET2,30098.0,5.0,30096.0,2.0,30095.0,41.0,30101.0,21.0,30102.0,22.0,,,30099.5,0.0
2,25000,PICNIC_BASKET2,30093.0,16.0,30092.0,20.0,,,30098.0,2.0,30099.0,34.0,,,30095.5,0.0
2,25100,PICNIC_BASKET2,30096.0,1.0,30095.0,29.0,,,30101.0,11.0,30102.0,19.0,,,30098.5,0.0
2,25200,PICNIC_BASKET2,30097.0,2.0,30096.0,33.0,,,30102.0,20.0,30103.0,15.0,,,30099.5,0.0
2,25300,PICNIC_BASKET2,30096.0,16.0,30095.0,19.0,,,30102.0,35.0,,,,,30099.0,0.0
2,25400,PICNIC_BASKET2,30094.0,2.0,30093.0,36.0,,,30099.0,2.0,30100.0,36.0,,,30096.5,0.0
2,25500,PICNIC_BASKET2,30091.0,17.0,30090.0,29.0,,,30096.0,1.0,30097.0,45.0,,,30093.5,0.0
2,25600,PICNIC_BASKET2,30093.0,29.0,,,,,30096.0,8.0,30099.0,11.0,30100.0,18.0,30094.5,0.0
2,25700,PICNIC_BASKET2,30095.0,1.0,30094.0,42.0,,,30100.0,20.0,30101.0,23.0,,,30097.5,0.0
2,25800,PICNIC_BASKET2,30095.0,28.0,,,,,30102.0,28.0,,,,,30098.5,0.0
2,25900,PICNIC_BASKET2,30098.0,2.0,30096.0,14.0,30095.0,23.0,30102.0,37.0,,,,,30100.0,0.0
2,26000,PICNIC_BASKET2,30094.0,1.0,30093.0,40.0,,,30099.0,17.0,30100.0,24.0,,,30096.5,0.0
2,26100,PICNIC_BASKET2,30093.0,19.0,30092.0,30.0,,,30098.0,1.0,30099.0,48.0,,,30095.5,0.0
2,26200,PICNIC_BASKET2,30091.0,17.0,30090.0,16.0,,,30097.0,33.0,,,,,30094.0,0.0
2,26300,PICNIC_BASKET2,30090.0,11.0,30089.0,23.0,,,30092.0,2.0,30095.0,1.0,30096.0,33.0,30091.0,0.0
2,26400,PICNIC_BASKET2,30090.0,11.0,30089.0,17.0,,,30095.0,1.0,30096.0,34.0,,,30092.5,0.0
2,26500,PICNIC_BASKET2,30092.0,22.0,30091.0,15.0,,,30097.0,2.0,30098.0,35.0,,,30094.5,0.0
2,26600,PICNIC_BASKET2,30094.0,1.0,30093.0,37.0,,,30099.0,17.0,30100.0,21.0,,,30096.5,0.0
2,26700,PICNIC_BASKET2,30093.0,14.0,30092.0,28.0,,,30099.0,42.0,,,,,30096.0,0.0
2,26800,PICNIC_BASKET2,30091.0,21.0,30090.0,30.0,,,30096.0,2.0,30097.0,49.0,,,30093.5,0.0
2,26900,PICNIC_BASKET2,30088.0,12.0,30087.0,24.0,,,30090.0,2.0,30094.0,36.0,,,30089.0,0.0
2,27000,PICNIC_BASKET2,30087.0,41.0,,,,,30093.0,12.0,30094.0,29.0,,,30090.0,0.0
2,27100,PICNIC_BASKET2,30086.0,41.0,,,,,30092.0,20.0,30093.0,21.0,,,30089.0,0.0
2,27200,PICNIC_BASKET2,30087.0,16.0,30086.0,19.0,,,30093.0,35.0,,,,,30090.0,0.0
2,27300,PICNIC_BASKET2,30089.0,17.0,30088.0,27.0,,,30095.0,44.0,,,,,30092.0,0.0
2,27400,PICNIC_BASKET2,30084.0,32.0,,,,,30090.0,11.0,30091.0,21.0,,,30087.0,0.0
2,27500,PICNIC_BASKET2,30084.0,10.0,30083.0,16.0,,,30090.0,26.0,,,,,30087.0,0.0
2,27600,PICNIC_BASKET2,30084.0,15.0,30083.0,15.0,,,30090.0,30.0,,,,,30087.0,0.0
2,27700,PICNIC_BASKET2,30085.0,22.0,30084.0,24.0,,,30090.0,2.0,30091.0,44.0,,,30087.5,0.0
2,27800,PICNIC_BASKET2,30085.0,45.0,,,,,30091.0,19.0,30092.0,26.0,,,30088.0,0.0
2,27900,PICNIC_BASKET2,30085.0,34.0,,,,,30091.0,18.0,30092.0,16.0,,,30088.0,0.0
2,28000,PICNIC_BASKET2,30087.0,45.0,,,,,30093.0,20.0,30094.0,25.0,,,30090.0,0.0
2,28100,PICNIC_BASKET2,30092.0,8.0,30089.0,40.0,,,30095.0,13.0,30096.0,27.0,,,30093.5,0.0
2,28200,PICNIC_BASKET2,30087.0,18.0,30086.0,18.0,,,30092.0,1.0,30093.0,35.0,,,30089.5,0.0
2,28300,PICNIC_BASKET2,30086.0,34.0,,,,,30092.0,15.0,30093.0,19.0,,,30089.0,0.0
2,28400,PICNIC_BASKET2,30086.0,42.0,,,,,30092.0,15.0,30093.0,27.0,,,30089.0,0.0
2,28500,PICNIC_BASKET2,30088.0,14.0,30087.0,25.0,,,30093.0,1.0,30094.0,38.0,,,30090.5,0.0
2,28600,PICNIC_BASKET2,30089.0,42.0,,,,,30095.0,14.0,30096.0,28.0,,,30092.0,0.0
2,28700,PICNIC_BASKET2,30086.0,15.0,30085.0,19.0,,,30091.0,1.0,30092.0,33.0,,,30088.5,0.0
2,28800,PICNIC_BASKET2,30080.0,38.0,,,,,30087.0,38.0,,,,,30083.5,0.0
2,28900,PICNIC_BASKET2,30084.0,13.0,30083.0,21.0,,,30089.0,1.0,30090.0,33.0,,,30086.5,0.0
2,29000,PICNIC_BASKET2,30079.0,14.0,30078.0,22.0,,,30085.0,36.0,,,,,30082.0,0.0
2,29100,PICNIC_BASKET2,30083.0,11.0,30082.0,28.0,,,30089.0,39.0,,,,,30086.0,0.0
2,29200,PICNIC_BASKET2,30082.0,17.0,30081.0,25.0,,,30088.0,42.0,,,,,30085.0,0.0
2,29300,PICNIC_BASKET2,30080.0,38.0,,,,,30086.0,14.0,30087.0,24.0,,,30083.0,0.0
2,29400,PICNIC_BASKET2,30084.0,13.0,30083.0,30.0,,,30089.0,1.0,30090.0,42.0,,,30086.5,0.0
2,29500,PICNIC_BASKET2,30085.0,41.0,,,,,30091.0,11.0,30092.0,30.0,,,30088.0,0.0
2,29600,PICNIC_BASKET2,30085.0,44.0,,,,,30091.0,16.0,30092.0,28.0,,,30088.0,0.0
2,29700,PICNIC_BASKET2,30087.0,15.0,30086.0,16.0,,,30092.0,2.0,30093.0,29.0,,,30089.5,0.0
2,29800,PICNIC_BASKET2,30087.0,12.0,30086.0,28.0,,,30092.0,1.0,30093.0,39.0,,,30089.5,0.0
2,29900,PICNIC_BASKET2,30088.0,18.0,30087.0,19.0,,,30094.0,37.0,,,,,30091.0,0.0
2,30000,PICNIC_BASKET2,30087.0,12.0,30086.0,16.0,,,30093.0,28.0,,,,,30090.0,0.0
2,30100,PICNIC_BASKET2,30087.0,41.0,,,,,30093.0,16.0,30094.0,25.0,,,30090.0,0.0
2,30200,PICNIC_BASKET2,30086.0,19.0,30085.0,30.0,,,30088.0,4.0,30091.0,2.0,30092.0,47.0,30087.0,0.0
2,30300,PICNIC_BASKET2,30086.0,30.0,,,,,30092.0,10.0,30093.0,20.0,,,30089.0,0.0
2,30400,PICNIC_BASKET2,30086.0,2.0,30085.0,40.0,,,30091.0,14.0,30092.0,28.0,,,30088.5,0.0
2,30500,PICNIC_BASKET2,30086.0,1.0,30085.0,40.0,,,30088.0,1.0,30091.0,15.0,30092.0,26.0,30087.0,0.0
2,30600,PICNIC_BASKET2,30087.0,20.0,30086.0,20.0,,,30092.0,1.0,30093.0,39.0,,,30089.5,0.0
2,30700,PICNIC_BASKET2,30089.0,36.0,,,,,30095.0,12.0,30096.0,24.0,,,30092.0,0.0
2,30800,PICNIC_BASKET2,30085.0,2.0,30084.0,45.0,,,30090.0,17.0,30091.0,30.0,,,30087.5,0.0
2,30900,PICNIC_BASKET2,30082.0,1.0,30081.0,28.0,,,30087.0,11.0,30088.0,18.0,,,30084.5,0.0
2,31000,PICNIC_BASKET2,30084.0,12.0,30083.0,30.0,,,30090.0,42.0,,,,,30087.0,0.0
2,31100,PICNIC_BASKET2,30083.0,18.0,30082.0,29.0,,,30088.0,2.0,30089.0,45.0,,,30085.5,0.0
2,31200,PICNIC_BASKET2,30085.0,11.0,30084.0,19.0,,,30091.0,30.0,,,,,30088.0,0.0
2,31300,PICNIC_BASKET2,30084.0,13.0,30083.0,19.0,,,30090.0,13.0,30091.0,19.0,,,30087.0,0.0
2,31400,PICNIC_BASKET2,30085.0,1.0,30084.0,35.0,,,30090.0,17.0,30091.0,19.0,,,30087.5,0.0
2,31500,PICNIC_BASKET2,30085.0,1.0,30084.0,39.0,,,30090.0,13.0,30091.0,27.0,,,30087.5,0.0
2,31600,PICNIC_BASKET2,30089.0,10.0,30088.0,21.0,,,30095.0,31.0,,,,,30092.0,0.0
2,31700,PICNIC_BASKET2,30089.0,47.0,,,,,30096.0,47.0,,,,,30092.5,0.0
2,31800,PICNIC_BASKET2,30089.0,1.0,30088.0,36.0,,,30094.0,1.0,30095.0,36.0,,,30091.5,0.0
2,31900,PICNIC_BASKET2,30091.0,41.0,,,,,30097.0,20.0,30098.0,21.0,,,30094.0,0.0
2,32000,PICNIC_BASKET2,30092.0,2.0,30091.0,38.0,,,30097.0,20.0,30098.0,20.0,,,30094.5,0.0
2,32100,PICNIC_BASKET2,30094.0,15.0,30093.0,16.0,,,30100.0,31.0,,,,,30097.0,0.0
2,32200,PICNIC_BASKET2,30094.0,19.0,30093.0,17.0,,,30100.0,36.0,,,,,30097.0,0.0
2,32300,PICNIC_BASKET2,30094.0,21.0,30093.0,18.0,,,30100.0,39.0,,,,,30097.0,0.0
2,32400,PICNIC_BASKET2,30097.0,1.0,30096.0,42.0,,,30102.0,1.0,30103.0,42.0,,,30099.5,0.0
2,32500,PICNIC_BASKET2,30094.0,12.0,30093.0,27.0,,,30099.0,2.0,30100.0,37.0,,,30096.5,0.0
2,32600,PICNIC_BASKET2,30104.0,46.0,,,,,30110.0,20.0,30111.0,26.0,,,30107.0,0.0
2,32700,PICNIC_BASKET2,30112.0,4.0,30108.0,1.0,30107.0,44.0,30113.0,18.0,30114.0,27.0,,,30112.5,0.0
2,32800,PICNIC_BASKET2,30107.0,42.0,,,,,30113.0,19.0,30114.0,23.0,,,30110.0,0.0
2,32900,PICNIC_BASKET2,30108.0,37.0,,,,,30114.0,13.0,30115.0,24.0,,,30111.0,0.0
2,33000,PICNIC_BASKET2,30105.0,36.0,,,,,30112.0,36.0,,,,,30108.5,0.0
2,33100,PICNIC_BASKET2,30105.0,13.0,30104.0,22.0,,,30111.0,35.0,,,,,30108.0,0.0
2,33200,PICNIC_BASKET2,30094.0,11.0,30093.0,19.0,,,30100.0,30.0,,,,,30097.0,0.0
2,33300,PICNIC_BASKET2,30092.0,13.0,30091.0,28.0,,,30098.0,41.0,,,,,30095.0,0.0
2,33400,PICNIC_BASKET2,30092.0,13.0,30091.0,15.0,,,30097.0,1.0,30098.0,27.0,,,30094.5,0.0
2,33500,PICNIC_BASKET2,30092.0,1.0,30091.0,36.0,,,30097.0,18.0,30098.0,19.0,,,30094.5,0.0
2,33600,PICNIC_BASKET2,30095.0,21.0,30094.0,22.0,,,30101.0,21.0,30102.0,22.0,,,30098.0,0.0
2,33700,PICNIC_BASKET2,30095.0,19.0,30094.0,26.0,,,30101.0,45.0,,,,,30098.0,0.0
2,33800,PICNIC_BASKET2,30097.0,40.0,,,,,30103.0,12.0,30104.0,28.0,,,30100.0,0.0
2,33900,PICNIC_BASKET2,30097.0,40.0,,,,,30103.0,19.0,30104.0,21.0,,,30100.0,0.0
2,34000,PICNIC_BASKET2,30095.0,2.0,30094.0,34.0,,,30100.0,2.0,30101.0,34.0,,,30097.5,0.0
2,34100,PICNIC_BASKET2,30096.0,40.0,,,,,30103.0,40.0,,,,,30099.5,0.0
2,34200,PICNIC_BASKET2,30101.0,19.0,30100.0,20.0,,,30107.0,39.0,,,,,30104.0,0.0
2,34300,PICNIC_BASKET2,30101.0,10.0,30100.0,21.0,,,30107.0,31.0,,,,,30104.0,0.0
2,34400,PICNIC_BASKET2,30103.0,14.0,30102.0,17.0,,,30108.0,1.0,30109.0,30.0,,,30105.5,0.0
2,34500,PICNIC_BASKET2,30108.0,8.0,30103.0,19.0,30102.0,22.0,30109.0,41.0,,,,,30108.5,0.0
2,34600,PICNIC_BASKET2,30104.0,2.0,30102.0,20.0,30101.0,30.0,30108.0,50.0,,,,,30106.0,0.0
2,34700,PICNIC_BASKET2,30099.0,38.0,,,,,30105.0,20.0,30106.0,18.0,,,30102.0,0.0
2,34800,PICNIC_BASKET2,30096.0,29.0,,,,,30102.0,10.0,30103.0,19.0,,,30099.0,0.0
2,34900,PICNIC_BASKET2,30096.0,14.0,30095.0,26.0,,,30102.0,40.0,,,,,30099.0,0.0
2,35000,PICNIC_BASKET2,30106.0,10.0,30105.0,15.0,,,30112.0,25.0,,,,,30109.0,0.0
2,35100,PICNIC_BASKET2,30104.0,43.0,,,,,30110.0,16.0,30111.0,27.0,,,30107.0,0.0
2,35200,PICNIC_BASKET2,30106.0,1.0,30105.0,37.0,,,30111.0,1.0,30112.0,37.0,,,30108.5,0.0
2,35300,PICNIC_BASKET2,30103.0,36.0,,,,,30109.0,21.0,30110.0,15.0,,,30106.0,0.0
2,35400,PICNIC_BASKET2,30103.0,6.0,30101.0,11.0,30100.0,24.0,30107.0,35.0,,,,,30105.0,0.0
2,35500,PICNIC_BASKET2,30101.0,14.0,30100.0,17.0,,,30107.0,31.0,,,,,30104.0,0.0
2,35600,PICNIC_BASKET2,30098.0,30.0,,,,,30104.0,14.0,30105.0,16.0,,,30101.0,0.0
2,35700,PICNIC_BASKET2,30094.0,17.0,30093.0,16.0,,,30100.0,33.0,,,,,30097.0,0.0
2,35800,PICNIC_BASKET2,30089.0,46.0,,,,,30096.0,46.0,,,,,30092.5,0.0
2,35900,PICNIC_BASKET2,30091.0,11.0,30090.0,23.0,,,30097.0,34.0,,,,,30094.0,0.0
2,36000,PICNIC_BASKET2,30095.0,39.0,,,,,30101.0,13.0,30102.0,26.0,,,30098.0,0.0
2,36100,PICNIC_BASKET2,30091.0,16.0,30090.0,16.0,,,30093.0,5.0,30097.0,32.0,,,30092.0,0.0
2,36200,PICNIC_BASKET2,30085.0,18.0,30084.0,20.0,,,30090.0,1.0,30091.0,37.0,,,30087.5,0.0
2,36300,PICNIC_BASKET2,30089.0,1.0,30088.0,39.0,,,30091.0,2.0,30094.0,12.0,30095.0,28.0,30090.0,0.0
2,36400,PICNIC_BASKET2,30088.0,2.0,30086.0,1.0,30085.0,28.0,30091.0,14.0,30092.0,15.0,,,30089.5,0.0
2,36500,PICNIC_BASKET2,30085.0,21.0,30084.0,28.0,,,30090.0,1.0,30091.0,48.0,,,30087.5,0.0
2,36600,PICNIC_BASKET2,30090.0,1.0,30089.0,40.0,,,30095.0,18.0,30096.0,23.0,,,30092.5,0.0
2,36700,PICNIC_BASKET2,30092.0,13.0,30091.0,27.0,,,30098.0,40.0,,,,,30095.0,0.0
2,36800,PICNIC_BASKET2,30089.0,40.0,,,,,30095.0,14.0,30096.0,26.0,,,30092.0,0.0
2,36900,PICNIC_BASKET2,30087.0,38.0,,,,,30093.0,19.0,30094.0,19.0,,,30090.0,0.0
2,37000,PICNIC_BASKET2,30088.0,39.0,,,,,30094.0,19.0,30095.0,20.0,,,30091.0,0.0
2,37100,PICNIC_BASKET2,30087.0,16.0,30086.0,16.0,,,30093.0,32.0,,,,,30090.0,0.0
2,37200,PICNIC_BASKET2,30088.0,42.0,,,,,30094.0,12.0,30095.0,30.0,,,30091.0,0.0
2,37300,PICNIC_BASKET2,30089.0,36.0,,,,,30096.0,36.0,,,,,30092.5,0.0
2,37400,PICNIC_BASKET2,30086.0,2.0,30085.0,31.0,,,30091.0,14.0,30092.0,19.0,,,30088.5,0.0
2,37500,PICNIC_BASKET2,30086.0,19.0,30085.0,30.0,,,30091.0,2.0,30092.0,47.0,,,30088.5,0.0
2,37600,PICNIC_BASKET2,30086.0,20.0,30085.0,27.0,,,30091.0,1.0,30092.0,46.0,,,30088.5,0.0
2,37700,PICNIC_BASKET2,30085.0,1.0,30084.0,40.0,,,30090.0,14.0,30091.0,27.0,,,30087.5,0.0
2,37800,PICNIC_BASKET2,30084.0,17.0,30083.0,28.0,,,30089.0,1.0,30090.0,44.0,,,30086.5,0.0
2,37900,PICNIC_BASKET2,30084.0,22.0,30083.0,16.0,,,30089.0,2.0,30090.0,36.0,,,30086.5,0.0
2,38000,PICNIC_BASKET2,30082.0,15.0,30081.0,15.0,,,30088.0,30.0,,,,,30085.0,0.0
2,38100,PICNIC_BASKET2,30083.0,43.0,,,,,30090.0,43.0,,,,,30086.5,0.0
2,38200,PICNIC_BASKET2,30087.0,17.0,30086.0,22.0,,,30092.0,1.0,30093.0,38.0,,,30089.5,0.0
2,38300,PICNIC_BASKET2,30092.0,48.0,,,,,30098.0,18.0,30099.0,30.0,,,30095.0,0.0
2,38400,PICNIC_BASKET2,30092.0,2.0,30091.0,29.0,,,30097.0,2.0,30098.0,29.0,,,30094.5,0.0
2,38500,PICNIC_BASKET2,30094.0,44.0,,,,,30100.0,16.0,30101.0,28.0,,,30097.0,0.0
2,38600,PICNIC_BASKET2,30097.0,2.0,30095.0,14.0,30094.0,19.0,30101.0,14.0,30102.0,19.0,,,30099.0,0.0
2,38700,PICNIC_BASKET2,30093.0,1.0,30092.0,32.0,,,30098.0,1.0,30099.0,32.0,,,30095.5,0.0
2,38800,PICNIC_BASKET2,30098.0,19.0,30097.0,22.0,,,30104.0,41.0,,,,,30101.0,0.0
2,38900,PICNIC_BASKET2,30099.0,2.0,30098.0,31.0,,,30101.0,1.0,30104.0,18.0,30105.0,15.0,30100.0,0.0
2,39000,PICNIC_BASKET2,30098.0,10.0,30097.0,26.0,,,30104.0,36.0,,,,,30101.0,0.0
2,39100,PICNIC_BASKET2,30102.0,2.0,30101.0,35.0,,,30107.0,12.0,30108.0,25.0,,,30104.5,0.0
2,39200,PICNIC_BASKET2,30101.0,16.0,30100.0,29.0,,,30106.0,2.0,30107.0,43.0,,,30103.5,0.0
2,39300,PICNIC_BASKET2,30102.0,19.0,30101.0,29.0,,,30104.0,5.0,30107.0,2.0,30108.0,46.0,30103.0,0.0
2,39400,PICNIC_BASKET2,30109.0,18.0,30108.0,22.0,,,30114.0,2.0,30115.0,38.0,,,30111.5,0.0
2,39500,PICNIC_BASKET2,30106.0,2.0,30105.0,42.0,,,30111.0,2.0,30112.0,42.0,,,30108.5,0.0
2,39600,PICNIC_BASKET2,30119.0,14.0,30118.0,28.0,,,30125.0,42.0,,,,,30122.0,0.0
2,39700,PICNIC_BASKET2,30119.0,1.0,30118.0,28.0,,,30124.0,1.0,30125.0,28.0,,,30121.5,0.0
2,39800,PICNIC_BASKET2,30121.0,48.0,,,,,30127.0,18.0,30128.0,30.0,,,30124.0,0.0
2,39900,PICNIC_BASKET2,30125.0,15.0,30124.0,18.0,,,30130.0,1.0,30131.0,32.0,,,30127.5,0.0
2,40000,PICNIC_BASKET2,30123.0,1.0,30122.0,29.0,,,30128.0,14.0,30129.0,16.0,,,30125.5,0.0
2,40100,PICNIC_BASKET2,30125.0,2.0,30124.0,48.0,,,30130.0,2.0,30131.0,48.0,,,30127.5,0.0
2,40200,PICNIC_BASKET2,30120.0,35.0,,,,,30126.0,14.0,30127.0,21.0,,,30123.0,0.0
2,40300,PICNIC_BASKET2,30121.0,10.0,30120.0,16.0,,,30127.0,10.0,30128.0,16.0,,,30124.0,0.0
2,40400,PICNIC_BASKET2,30122.0,19.0,30121.0,15.0,,,30128.0,34.0,,,,,30125.0,0.0
2,40500,PICNIC_BASKET2,30126.0,13.0,30125.0,16.0,,,30131.0,1.0,30132.0,28.0,,,30128.5,0.0
2,40600,PICNIC_BASKET2,30125.0,40.0,,,,,30131.0,21.0,30132.0,19.0,,,30128.0,0.0
2,40700,PICNIC_BASKET2,30121.0,35.0,,,,,30127.0,17.0,30128.0,18.0,,,30124.0,0.0
2,40800,PICNIC_BASKET2,30122.0,10.0,30121.0,25.0,,,30128.0,35.0,,,,,30125.0,0.0
2,40900,PICNIC_BASKET2,30123.0,12.0,30122.0,27.0,,,30128.0,1.0,30129.0,38.0,,,30125.5,0.0
2,41000,PICNIC_BASKET2,30122.0,30.0,,,,,30128.0,10.0,30129.0,20.0,,,30125.0,0.0
2,41100,PICNIC_BASKET2,30121.0,19.0,30120.0,30.0,,,30126.0,2.0,30127.0,47.0,,,30123.5,0.0
2,41200,PICNIC_BASKET2,30119.0,1.0,30118.0,29.0,,,30124.0,14.0,30125.0,16.0,,,30121.5,0.0
2,41300,PICNIC_BASKET2,30118.0,1.0,30117.0,45.0,,,30123.0,1.0,30124.0,45.0,,,30120.5,0.0
2,41400,PICNIC_BASKET2,30117.0,12.0,30116.0,16.0,,,30122.0,2.0,30123.0,32.0,,,30119.5,0.0
2,41500,PICNIC_BASKET2,30114.0,18.0,30113.0,21.0,,,30120.0,39.0,,,,,30117.0,0.0
2,41600,PICNIC_BASKET2,30113.0,17.0,30112.0,25.0,,,30118.0,2.0,30119.0,40.0,,,30115.5,0.0
2,41700,PICNIC_BASKET2,30107.0,19.0,30106.0,29.0,,,30112.0,1.0,30113.0,47.0,,,30109.5,0.0
2,41800,PICNIC_BASKET2,30106.0,22.0,30105.0,28.0,,,30112.0,22.0,30113.0,28.0,,,30109.0,0.0
2,41900,PICNIC_BASKET2,30108.0,12.0,30107.0,27.0,,,30114.0,39.0,,,,,30111.0,0.0
2,42000,PICNIC_BASKET2,30107.0,1.0,30106.0,33.0,,,30112.0,15.0,30113.0,19.0,,,30109.5,0.0
2,42100,PICNIC_BASKET2,30105.0,2.0,30104.0,29.0,,,30110.0,15.0,30111.0,16.0,,,30107.5,0.0
2,42200,PICNIC_BASKET2,30103.0,16.0,30102.0,15.0,,,30108.0,1.0,30109.0,30.0,,,30105.5,0.0
2,42300,PICNIC_BASKET2,30102.0,16.0,30101.0,25.0,,,30108.0,41.0,,,,,30105.0,0.0
2,42400,PICNIC_BASKET2,30102.0,4.0,30100.0,1.0,30099.0,42.0,30105.0,1.0,30106.0,42.0,,,30103.5,0.0
2,42500,PICNIC_BASKET2,30096.0,2.0,30095.0,43.0,,,30101.0,2.0,30102.0,43.0,,,30098.5,0.0
2,42600,PICNIC_BASKET2,30100.0,2.0,30099.0,39.0,,,30105.0,18.0,30106.0,23.0,,,30102.5,0.0
2,42700,PICNIC_BASKET2,30099.0,1.0,30098.0,32.0,,,30104.0,1.0,30105.0,32.0,,,30101.5,0.0
2,42800,PICNIC_BASKET2,30100.0,32.0,,,,,30106.0,14.0,30107.0,18.0,,,30103.0,0.0
2,42900,PICNIC_BASKET2,30103.0,2.0,30102.0,35.0,,,30108.0,22.0,30109.0,15.0,,,30105.5,0.0
2,43000,PICNIC_BASKET2,30098.0,21.0,30097.0,29.0,,,30104.0,50.0,,,,,30101.0,0.0
2,43100,PICNIC_BASKET2,30098.0,12.0,30097.0,18.0,,,30104.0,30.0,,,,,30101.0,0.0
2,43200,PICNIC_BASKET2,30100.0,19.0,30099.0,17.0,,,30106.0,36.0,,,,,30103.0,0.0
2,43300,PICNIC_BASKET2,30099.0,14.0,30098.0,16.0,,,30105.0,30.0,,,,,30102.0,0.0
2,43400,PICNIC_BASKET2,30098.0,5.0,30095.0,34.0,,,30101.0,11.0,30102.0,23.0,,,30099.5,0.0
2,43500,PICNIC_BASKET2,30097.0,1.0,30096.0,44.0,,,30102.0,15.0,30103.0,30.0,,,30099.5,0.0
2,43600,PICNIC_BASKET2,30095.0,1.0,30094.0,43.0,,,30100.0,1.0,30101.0,43.0,,,30097.5,0.0
2,43700,PICNIC_BASKET2,30095.0,2.0,30094.0,32.0,,,30100.0,17.0,30101.0,17.0,,,30097.5,0.0
2,43800,PICNIC_BASKET2,30093.0,13.0,30092.0,29.0,,,30098.0,2.0,30099.0,40.0,,,30095.5,0.0
2,43900,PICNIC_BASKET2,30094.0,13.0,30093.0,25.0,,,30100.0,38.0,,,,,30097.0,0.0
2,44000,PICNIC_BASKET2,30099.0,13.0,30098.0,19.0,,,30101.0,8.0,30105.0,32.0,,,30100.0,0.0
2,44100,PICNIC_BASKET2,30095.0,22.0,30094.0,15.0,,,30100.0,2.0,30101.0,35.0,,,30097.5,0.0
2,44200,PICNIC_BASKET2,30095.0,28.0,,,,,30101.0,13.0,30102.0,15.0,,,30098.0,0.0
2,44300,PICNIC_BASKET2,30101.0,15.0,30100.0,19.0,,,30106.0,2.0,30107.0,32.0,,,30103.5,0.0
2,44400,PICNIC_BASKET2,30106.0,7.0,30104.0,16.0,30103.0,29.0,30110.0,45.0,,,,,30108.0,0.0
2,44500,PICNIC_BASKET2,30109.0,15.0,30108.0,16.0,,,30115.0,31.0,,,,,30112.0,0.0
2,44600,PICNIC_BASKET2,30112.0,37.0,,,,,30119.0,37.0,,,,,30115.5,0.0
2,44700,PICNIC_BASKET2,30115.0,38.0,,,,,30121.0,14.0,30122.0,24.0,,,30118.0,0.0
2,44800,PICNIC_BASKET2,30113.0,34.0,,,,,30114.0,1.0,30119.0,1.0,30120.0,34.0,30113.5,0.0
2,44900,PICNIC_BASKET2,30111.0,12.0,30110.0,27.0,,,30117.0,39.0,,,,,30114.0,0.0
2,45000,PICNIC_BASKET2,30108.0,1.0,30107.0,37.0,,,30113.0,14.0,30114.0,24.0,,,30110.5,0.0
2,45100,PICNIC_BASKET2,30110.0,1.0,30109.0,37.0,,,30115.0,16.0,30116.0,22.0,,,30112.5,0.0
2,45200,PICNIC_BASKET2,30110.0,11.0,30109.0,15.0,,,30116.0,26.0,,,,,30113.0,0.0
2,45300,PICNIC_BASKET2,30107.0,21.0,30106.0,26.0,,,30112.0,1.0,30113.0,46.0,,,30109.5,0.0
2,45400,PICNIC_BASKET2,30102.0,35.0,,,,,30108.0,18.0,30109.0,17.0,,,30105.0,0.0
2,45500,PICNIC_BASKET2,30099.0,22.0,30098.0,15.0,,,30105.0,37.0,,,,,30102.0,0.0
2,45600,PICNIC_BASKET2,30102.0,1.0,30101.0,38.0,,,30107.0,20.0,30108.0,19.0,,,30104.5,0.0
2,45700,PICNIC_BASKET2,30101.0,18.0,30100.0,30.0,,,30107.0,48.0,,,,,30104.0,0.0
2,45800,PICNIC_BASKET2,30099.0,12.0,30098.0,30.0,,,30104.0,2.0,30105.0,40.0,,,30101.5,0.0
2,45900,PICNIC_BASKET2,30100.0,19.0,30099.0,17.0,,,30106.0,36.0,,,,,30103.0,0.0
2,46000,PICNIC_BASKET2,30101.0,12.0,30100.0,26.0,,,30107.0,38.0,,,,,30104.0,0.0
2,46100,PICNIC_BASKET2,30102.0,12.0,30101.0,18.0,,,30107.0,1.0,30108.0,29.0,,,30104.5,0.0
2,46200,PICNIC_BASKET2,30107.0,12.0,30106.0,28.0,,,30112.0,1.0,30113.0,39.0,,,30109.5,0.0
2,46300,PICNIC_BASKET2,30107.0,1.0,30106.0,30.0,,,30112.0,1.0,30113.0,30.0,,,30109.5,0.0
2,46400,PICNIC_BASKET2,30108.0,13.0,30107.0,19.0,,,30113.0,1.0,30114.0,31.0,,,30110.5,0.0
2,46500,PICNIC_BASKET2,30108.0,20.0,30107.0,19.0,,,30114.0,39.0,,,,,30111.0,0.0
2,46600,PICNIC_BASKET2,30104.0,35.0,,,,,30110.0,18.0,30111.0,17.0,,,30107.0,0.0
2,46700,PICNIC_BASKET2,30103.0,2.0,30102.0,27.0,,,30108.0,13.0,30109.0,16.0,,,30105.5,0.0
2,46800,PICNIC_BASKET2,30106.0,18.0,30105.0,25.0,,,30111.0,2.0,30112.0,41.0,,,30108.5,0.0
2,46900,PICNIC_BASKET2,30109.0,1.0,30108.0,27.0,,,30114.0,13.0,30115.0,15.0,,,30111.5,0.0
2,47000,PICNIC_BASKET2,30108.0,1.0,30107.0,39.0,,,30113.0,15.0,30114.0,25.0,,,30110.5,0.0
2,47100,PICNIC_BASKET2,30109.0,11.0,30108.0,26.0,,,30115.0,37.0,,,,,30112.0,0.0
2,47200,PICNIC_BASKET2,30111.0,2.0,30110.0,30.0,,,30116.0,15.0,30117.0,17.0,,,30113.5,0.0
2,47300,PICNIC_BASKET2,30109.0,1.0,30108.0,44.0,,,30114.0,16.0,30115.0,29.0,,,30111.5,0.0
2,47400,PICNIC_BASKET2,30108.0,39.0,,,,,30114.0,18.0,30115.0,21.0,,,30111.0,0.0
2,47500,PICNIC_BASKET2,30108.0,1.0,30106.0,13.0,30105.0,23.0,30111.0,2.0,30112.0,34.0,,,30109.5,0.0
2,47600,PICNIC_BASKET2,30108.0,12.0,30107.0,16.0,,,30114.0,28.0,,,,,30111.0,0.0
2,47700,PICNIC_BASKET2,30104.0,2.0,30103.0,42.0,,,30109.0,2.0,30110.0,42.0,,,30106.5,0.0
2,47800,PICNIC_BASKET2,30103.0,1.0,30102.0,31.0,,,30108.0,17.0,30109.0,15.0,,,30105.5,0.0
2,47900,PICNIC_BASKET2,30104.0,15.0,30103.0,16.0,,,30110.0,31.0,,,,,30107.0,0.0
2,48000,PICNIC_BASKET2,30102.0,20.0,30101.0,16.0,,,30104.0,8.0,30108.0,36.0,,,30103.0,0.0
2,48100,PICNIC_BASKET2,30101.0,44.0,,,,,30107.0,14.0,30108.0,30.0,,,30104.0,0.0
2,48200,PICNIC_BASKET2,30107.0,17.0,30106.0,18.0,,,30112.0,1.0,30113.0,34.0,,,30109.5,0.0
2,48300,PICNIC_BASKET2,30109.0,12.0,30108.0,26.0,,,30114.0,2.0,30115.0,36.0,,,30111.5,0.0
2,48400,PICNIC_BASKET2,30102.0,13.0,30101.0,19.0,,,30108.0,32.0,,,,,30105.0,0.0
2,48500,PICNIC_BASKET2,30100.0,19.0,30099.0,22.0,,,30106.0,41.0,,,,,30103.0,0.0
2,48600,PICNIC_BASKET2,30104.0,2.0,30103.0,36.0,,,30109.0,14.0,30110.0,24.0,,,30106.5,0.0
2,48700,PICNIC_BASKET2,30105.0,1.0,30104.0,37.0,,,30110.0,18.0,30111.0,20.0,,,30107.5,0.0
2,48800,PICNIC_BASKET2,30105.0,14.0,30104.0,22.0,,,30110.0,2.0,30111.0,34.0,,,30107.5,0.0
2,48900,PICNIC_BASKET2,30096.0,32.0,,,,,30103.0,32.0,,,,,30099.5,0.0
2,49000,PICNIC_BASKET2,30097.0,15.0,30096.0,20.0,,,30103.0,35.0,,,,,30100.0,0.0
2,49100,PICNIC_BASKET2,30101.0,3.0,30099.0,1.0,30098.0,39.0,30104.0,1.0,30105.0,39.0,,,30102.5,0.0
2,49200,PICNIC_BASKET2,30100.0,12.0,30099.0,26.0,,,30106.0,38.0,,,,,30103.0,0.0
2,49300,PICNIC_BASKET2,30102.0,19.0,30101.0,17.0,,,30107.0,1.0,30108.0,35.0,,,30104.5,0.0
2,49400,PICNIC_BASKET2,30102.0,3.0,30100.0,1.0,30099.0,31.0,30105.0,14.0,30106.0,18.0,,,30103.5,0.0
2,49500,PICNIC_BASKET2,30097.0,21.0,30096.0,27.0,,,30103.0,48.0,,,,,30100.0,0.0
2,49600,PICNIC_BASKET2,30098.0,2.0,30097.0,35.0,,,30103.0,21.0,30104.0,16.0,,,30100.5,0.0
2,49700,PICNIC_BASKET2,30096.0,12.0,30095.0,16.0,,,30102.0,28.0,,,,,30099.0,0.0
2,49800,PICNIC_BASKET2,30098.0,47.0,,,,,30104.0,19.0,30105.0,28.0,,,30101.0,0.0
2,49900,PICNIC_BASKET2,30097.0,28.0,,,,,30103.0,12.0,30104.0,16.0,,,30100.0,0.0
2,50000,PICNIC_BASKET2,30099.0,17.0,30098.0,19.0,,,30104.0,2.0,30105.0,34.0,,,30101.5,0.0
2,50100,PICNIC_BASKET2,30099.0,2.0,30098.0,32.0,,,30104.0,14.0,30105.0,20.0,,,30101.5,0.0
2,50200,PICNIC_BASKET2,30102.0,43.0,,,,,30108.0,13.0,30109.0,30.0,,,30105.0,0.0
2,50300,PICNIC_BASKET2,30104.0,16.0,30103.0,29.0,,,30109.0,1.0,30110.0,44.0,,,30106.5,0.0
2,50400,PICNIC_BASKET2,30101.0,1.0,30100.0,48.0,,,30106.0,1.0,30107.0,48.0,,,30103.5,0.0
2,50500,PICNIC_BASKET2,30100.0,10.0,30099.0,29.0,,,30106.0,39.0,,,,,30103.0,0.0
2,50600,PICNIC_BASKET2,30101.0,1.0,30100.0,40.0,,,30103.0,7.0,30106.0,1.0,30107.0,40.0,30102.0,0.0
2,50700,PICNIC_BASKET2,30099.0,30.0,,,,,30105.0,11.0,30106.0,19.0,,,30102.0,0.0
2,50800,PICNIC_BASKET2,30095.0,2.0,30094.0,26.0,,,30100.0,12.0,30101.0,16.0,,,30097.5,0.0
2,50900,PICNIC_BASKET2,30095.0,6.0,30092.0,40.0,,,30099.0,40.0,,,,,30097.0,0.0
2,51000,PICNIC_BASKET2,30095.0,36.0,,,,,30101.0,16.0,30102.0,20.0,,,30098.0,0.0
2,51100,PICNIC_BASKET2,30097.0,30.0,,,,,30103.0,11.0,30104.0,19.0,,,30100.0,0.0
2,51200,PICNIC_BASKET2,30096.0,16.0,30095.0,28.0,,,30102.0,44.0,,,,,30099.0,0.0
2,51300,PICNIC_BASKET2,30098.0,12.0,30097.0,30.0,,,30104.0,42.0,,,,,30101.0,0.0
2,51400,PICNIC_BASKET2,30105.0,1.0,30104.0,36.0,,,30110.0,1.0,30111.0,36.0,,,30107.5,0.0
2,51500,PICNIC_BASKET2,30109.0,2.0,30108.0,30.0,,,30114.0,16.0,30115.0,16.0,,,30111.5,0.0
2,51600,PICNIC_BASKET2,30106.0,12.0,30105.0,21.0,,,30108.0,2.0,30112.0,33.0,,,30107.0,0.0
2,51700,PICNIC_BASKET2,30107.0,16.0,30106.0,28.0,,,30112.0,2.0,30113.0,42.0,,,30109.5,0.0
2,51800,PICNIC_BASKET2,30106.0,39.0,,,,,30112.0,10.0,30113.0,29.0,,,30109.0,0.0
2,51900,PICNIC_BASKET2,30105.0,29.0,,,,,30112.0,29.0,,,,,30108.5,0.0
2,52000,PICNIC_BASKET2,30108.0,1.0,30107.0,43.0,,,30113.0,18.0,30114.0,26.0,,,30110.5,0.0
2,52100,PICNIC_BASKET2,30110.0,19.0,30109.0,25.0,,,30116.0,44.0,,,,,30113.0,0.0
2,52200,PICNIC_BASKET2,30111.0,2.0,30110.0,30.0,,,30116.0,16.0,30117.0,16.0,,,30113.5,0.0
2,52300,PICNIC_BASKET2,30110.0,19.0,30109.0,18.0,,,30115.0,2.0,30116.0,35.0,,,30112.5,0.0
2,52400,PICNIC_BASKET2,30113.0,14.0,30112.0,27.0,,,30118.0,1.0,30119.0,40.0,,,30115.5,0.0
2,52500,PICNIC_BASKET2,30114.0,34.0,,,,,30120.0,18.0,30121.0,20.0,,,30117.0,0.0
2,52600,PICNIC_BASKET2,30125.0,14.0,30124.0,24.0,,,30131.0,38.0,,,,,30128.0,0.0
2,52700,PICNIC_BASKET2,30123.0,2.0,30122.0,30.0,,,30128.0,12.0,30129.0,20.0,,,30125.5,0.0
2,52800,PICNIC_BASKET2,30119.0,51.0,,,,,30125.0,21.0,30126.0,30.0,,,30122.0,0.0
2,52900,PICNIC_BASKET2,30120.0,12.0,30119.0,29.0,,,30126.0,41.0,,,,,30123.0,0.0
2,53000,PICNIC_BASKET2,30118.0,20.0,30117.0,15.0,,,30123.0,1.0,30124.0,34.0,,,30120.5,0.0
2,53100,PICNIC_BASKET2,30117.0,13.0,30116.0,22.0,,,30122.0,1.0,30123.0,34.0,,,30119.5,0.0
2,53200,PICNIC_BASKET2,30115.0,19.0,30114.0,16.0,,,30120.0,2.0,30121.0,33.0,,,30117.5,0.0
2,53300,PICNIC_BASKET2,30112.0,1.0,30111.0,38.0,,,30114.0,6.0,30117.0,1.0,30118.0,38.0,30113.0,0.0
2,53400,PICNIC_BASKET2,30108.0,37.0,,,,,30114.0,16.0,30115.0,21.0,,,30111.0,0.0
2,53500,PICNIC_BASKET2,30119.0,14.0,30118.0,26.0,,,30125.0,40.0,,,,,30122.0,0.0
2,53600,PICNIC_BASKET2,30118.0,1.0,30117.0,44.0,,,30123.0,1.0,30124.0,44.0,,,30120.5,0.0
2,53700,PICNIC_BASKET2,30120.0,36.0,,,,,30126.0,11.0,30127.0,25.0,,,30123.0,0.0
2,53800,PICNIC_BASKET2,30122.0,12.0,30121.0,16.0,,,30127.0,2.0,30128.0,26.0,,,30124.5,0.0
2,53900,PICNIC_BASKET2,30120.0,44.0,,,,,30127.0,44.0,,,,,30123.5,0.0
2,54000,PICNIC_BASKET2,30127.0,18.0,30126.0,21.0,,,30133.0,39.0,,,,,30130.0,0.0
2,54100,PICNIC_BASKET2,30128.0,2.0,30127.0,45.0,,,30133.0,20.0,30134.0,27.0,,,30130.5,0.0
2,54200,PICNIC_BASKET2,30125.0,11.0,30124.0,29.0,,,30131.0,40.0,,,,,30128.0,0.0
2,54300,PICNIC_BASKET2,30121.0,1.0,30120.0,43.0,,,30126.0,16.0,30127.0,28.0,,,30123.5,0.0
2,54400,PICNIC_BASKET2,30126.0,4.0,30123.0,27.0,,,30129.0,12.0,30130.0,15.0,,,30127.5,0.0
2,54500,PICNIC_BASKET2,30120.0,38.0,,,,,30126.0,20.0,30127.0,18.0,,,30123.0,0.0
2,54600,PICNIC_BASKET2,30113.0,42.0,,,,,30119.0,16.0,30120.0,26.0,,,30116.0,0.0
2,54700,PICNIC_BASKET2,30116.0,16.0,30115.0,15.0,,,30121.0,1.0,30122.0,30.0,,,30118.5,0.0
2,54800,PICNIC_BASKET2,30115.0,16.0,30114.0,30.0,,,30120.0,1.0,30121.0,45.0,,,30117.5,0.0
2,54900,PICNIC_BASKET2,30111.0,13.0,30110.0,20.0,,,30117.0,33.0,,,,,30114.0,0.0
2,55000,PICNIC_BASKET2,30111.0,17.0,30110.0,24.0,,,30117.0,41.0,,,,,30114.0,0.0
2,55100,PICNIC_BASKET2,30115.0,18.0,30114.0,25.0,,,30120.0,2.0,30121.0,41.0,,,30117.5,0.0
2,55200,PICNIC_BASKET2,30115.0,2.0,30114.0,31.0,,,30120.0,12.0,30121.0,21.0,,,30117.5,0.0
2,55300,PICNIC_BASKET2,30113.0,36.0,,,,,30119.0,19.0,30120.0,17.0,,,30116.0,0.0
2,55400,PICNIC_BASKET2,30115.0,21.0,30114.0,27.0,,,30121.0,48.0,,,,,30118.0,0.0
2,55500,PICNIC_BASKET2,30116.0,31.0,,,,,30122.0,12.0,30123.0,19.0,,,30119.0,0.0
2,55600,PICNIC_BASKET2,30112.0,2.0,30111.0,35.0,,,30117.0,2.0,30118.0,35.0,,,30114.5,0.0
2,55700,PICNIC_BASKET2,30109.0,21.0,30108.0,19.0,,,30115.0,40.0,,,,,30112.0,0.0
2,55800,PICNIC_BASKET2,30109.0,38.0,,,,,30115.0,17.0,30116.0,21.0,,,30112.0,0.0
2,55900,PICNIC_BASKET2,30107.0,41.0,,,,,30113.0,19.0,30114.0,22.0,,,30110.0,0.0
2,56000,PICNIC_BASKET2,30104.0,17.0,30103.0,23.0,,,30109.0,1.0,30110.0,39.0,,,30106.5,0.0
2,56100,PICNIC_BASKET2,30107.0,17.0,30106.0,19.0,,,30113.0,36.0,,,,,30110.0,0.0
2,56200,PICNIC_BASKET2,30106.0,18.0,30105.0,19.0,,,30108.0,4.0,30111.0,2.0,30112.0,35.0,30107.0,0.0
2,56300,PICNIC_BASKET2,30108.0,2.0,30107.0,42.0,,,30113.0,19.0,30114.0,25.0,,,30110.5,0.0
2,56400,PICNIC_BASKET2,30103.0,20.0,30102.0,24.0,,,30108.0,1.0,30109.0,43.0,,,30105.5,0.0
2,56500,PICNIC_BASKET2,30100.0,2.0,30099.0,44.0,,,30105.0,2.0,30106.0,44.0,,,30102.5,0.0
2,56600,PICNIC_BASKET2,30096.0,22.0,30095.0,22.0,,,30101.0,2.0,30102.0,42.0,,,30098.5,0.0
2,56700,PICNIC_BASKET2,30099.0,12.0,30098.0,26.0,,,30104.0,2.0,30105.0,36.0,,,30101.5,0.0
2,56800,PICNIC_BASKET2,30098.0,18.0,30097.0,20.0,,,30103.0,2.0,30104.0,36.0,,,30100.5,0.0
2,56900,PICNIC_BASKET2,30094.0,39.0,,,,,30100.0,16.0,30101.0,23.0,,,30097.0,0.0
2,57000,PICNIC_BASKET2,30093.0,20.0,30092.0,21.0,,,30098.0,1.0,30099.0,40.0,,,30095.5,0.0
2,57100,PICNIC_BASKET2,30096.0,35.0,,,,,30102.0,19.0,30103.0,16.0,,,30099.0,0.0
2,57200,PICNIC_BASKET2,30098.0,1.0,30097.0,35.0,,,30103.0,1.0,30104.0,35.0,,,30100.5,0.0
2,57300,PICNIC_BASKET2,30096.0,27.0,,,,,30103.0,27.0,,,,,30099.5,0.0
2,57400,PICNIC_BASKET2,30099.0,15.0,30098.0,17.0,,,30104.0,2.0,30105.0,30.0,,,30101.5,0.0
2,57500,PICNIC_BASKET2,30100.0,2.0,30099.0,33.0,,,30105.0,19.0,30106.0,16.0,,,30102.5,0.0
2,57600,PICNIC_BASKET2,30100.0,36.0,,,,,30106.0,20.0,30107.0,16.0,,,30103.0,0.0
2,57700,PICNIC_BASKET2,30097.0,19.0,30096.0,19.0,,,30102.0,1.0,30103.0,37.0,,,30099.5,0.0
2,57800,PICNIC_BASKET2,30098.0,38.0,,,,,30104.0,13.0,30105.0,25.0,,,30101.0,0.0
2,57900,PICNIC_BASKET2,30099.0,17.0,30098.0,15.0,,,30104.0,1.0,30105.0,31.0,,,30101.5,0.0
2,58000,PICNIC_BASKET2,30097.0,41.0,,,,,30103.0,18.0,30104.0,23.0,,,30100.0,0.0
2,58100,PICNIC_BASKET2,30098.0,38.0,,,,,30105.0,38.0,,,,,30101.5,0.0
2,58200,PICNIC_BASKET2,30100.0,7.0,30098.0,22.0,30097.0,16.0,30103.0,2.0,30104.0,36.0,,,30101.5,0.0
2,58300,PICNIC_BASKET2,30094.0,37.0,,,,,30100.0,12.0,30101.0,25.0,,,30097.0,0.0
2,58400,PICNIC_BASKET2,30096.0,2.0,30095.0,28.0,,,30101.0,13.0,30102.0,17.0,,,30098.5,0.0
2,58500,PICNIC_BASKET2,30095.0,2.0,30094.0,30.0,,,30100.0,2.0,30101.0,30.0,,,30097.5,0.0
2,58600,PICNIC_BASKET2,30097.0,1.0,30096.0,44.0,,,30102.0,16.0,30103.0,29.0,,,30099.5,0.0
2,58700,PICNIC_BASKET2,30099.0,26.0,,,,,30105.0,10.0,30106.0,16.0,,,30102.0,0.0
2,58800,PICNIC_BASKET2,30100.0,1.0,30099.0,33.0,,,30105.0,1.0,30106.0,33.0,,,30102.5,0.0
2,58900,PICNIC_BASKET2,30103.0,2.0,30102.0,39.0,,,30108.0,20.0,30109.0,21.0,,,30105.5,0.0
2,59000,PICNIC_BASKET2,30100.0,1.0,30099.0,34.0,,,30105.0,17.0,30106.0,18.0,,,30102.5,0.0
2,59100,PICNIC_BASKET2,30099.0,42.0,,,,,30105.0,19.0,30106.0,23.0,,,30102.0,0.0
2,59200,PICNIC_BASKET2,30099.0,21.0,30098.0,18.0,,,30104.0,2.0,30105.0,37.0,,,30101.5,0.0
2,59300,PICNIC_BASKET2,30101.0,43.0,,,,,30107.0,18.0,30108.0,25.0,,,30104.0,0.0
2,59400,PICNIC_BASKET2,30101.0,26.0,,,,,30108.0,26.0,,,,,30104.5,0.0
2,59500,PICNIC_BASKET2,30103.0,14.0,30102.0,16.0,,,30108.0,2.0,30109.0,28.0,,,30105.5,0.0
2,59600,PICNIC_BASKET2,30102.0,2.0,30101.0,31.0,,,30107.0,2.0,30108.0,31.0,,,30104.5,0.0
2,59700,PICNIC_BASKET2,30099.0,33.0,,,,,30105.0,14.0,30106.0,19.0,,,30102.0,0.0
2,59800,PICNIC_BASKET2,30100.0,18.0,30099.0,24.0,,,30106.0,42.0,,,,,30103.0,0.0
2,59900,PICNIC_BASKET2,30097.0,10.0,30096.0,19.0,,,30103.0,29.0,,,,,30100.0,0.0
2,60000,PICNIC_BASKET2,30098.0,16.0,30097.0,19.0,,,30104.0,35.0,,,,,30101.0,0.0
2,60100,PICNIC_BASKET2,30098.0,2.0,30097.0,31.0,,,30100.0,8.0,30103.0,2.0,30104.0,31.0,30099.0,0.0
2,60200,PICNIC_BASKET2,30099.0,12.0,30098.0,20.0,,,30105.0,32.0,,,,,30102.0,0.0
2,60300,PICNIC_BASKET2,30098.0,19.0,30097.0,17.0,,,30103.0,2.0,30104.0,34.0,,,30100.5,0.0
2,60400,PICNIC_BASKET2,30099.0,1.0,30098.0,47.0,,,30104.0,18.0,30105.0,30.0,,,30101.5,0.0
2,60500,PICNIC_BASKET2,30100.0,14.0,30099.0,26.0,,,30105.0,1.0,30106.0,39.0,,,30102.5,0.0
2,60600,PICNIC_BASKET2,30099.0,2.0,30098.0,41.0,,,30101.0,2.0,30104.0,19.0,30105.0,24.0,30100.0,0.0
2,60700,PICNIC_BASKET2,30096.0,20.0,30095.0,25.0,,,30102.0,45.0,,,,,30099.0,0.0
2,60800,PICNIC_BASKET2,30099.0,1.0,30098.0,36.0,,,30104.0,1.0,30105.0,36.0,,,30101.5,0.0
2,60900,PICNIC_BASKET2,30099.0,8.0,30097.0,13.0,30096.0,26.0,30103.0,39.0,,,,,30101.0,0.0
2,61000,PICNIC_BASKET2,30093.0,32.0,,,,,30099.0,11.0,30100.0,21.0,,,30096.0,0.0
2,61100,PICNIC_BASKET2,30096.0,37.0,,,,,30102.0,12.0,30103.0,25.0,,,30099.0,0.0
2,61200,PICNIC_BASKET2,30098.0,35.0,,,,,30101.0,3.0,30104.0,13.0,30105.0,22.0,30099.5,0.0
2,61300,PICNIC_BASKET2,30097.0,2.0,30096.0,41.0,,,30102.0,17.0,30103.0,26.0,,,30099.5,0.0
2,61400,PICNIC_BASKET2,30094.0,49.0,,,,,30100.0,19.0,30101.0,30.0,,,30097.0,0.0
2,61500,PICNIC_BASKET2,30097.0,2.0,30096.0,39.0,,,30102.0,18.0,30103.0,23.0,,,30099.5,0.0
2,61600,PICNIC_BASKET2,30099.0,40.0,,,,,30105.0,20.0,30106.0,20.0,,,30102.0,0.0
2,61700,PICNIC_BASKET2,30101.0,1.0,30100.0,46.0,,,30106.0,18.0,30107.0,29.0,,,30103.5,0.0
2,61800,PICNIC_BASKET2,30100.0,47.0,,,,,30106.0,18.0,30107.0,29.0,,,30103.0,0.0
2,61900,PICNIC_BASKET2,30100.0,1.0,30099.0,31.0,,,30105.0,15.0,30106.0,17.0,,,30102.5,0.0
2,62000,PICNIC_BASKET2,30099.0,21.0,30098.0,22.0,,,30105.0,21.0,30106.0,22.0,,,30102.0,0.0
2,62100,PICNIC_BASKET2,30098.0,19.0,30097.0,19.0,,,30103.0,1.0,30104.0,37.0,,,30100.5,0.0
2,62200,PICNIC_BASKET2,30095.0,34.0,,,,,30101.0,12.0,30102.0,22.0,,,30098.0,0.0
2,62300,PICNIC_BASKET2,30098.0,1.0,30097.0,31.0,,,30100.0,5.0,30103.0,15.0,30104.0,17.0,30099.0,0.0
2,62400,PICNIC_BASKET2,30096.0,43.0,,,,,30102.0,20.0,30103.0,23.0,,,30099.0,0.0
2,62500,PICNIC_BASKET2,30091.0,14.0,30090.0,25.0,,,30097.0,39.0,,,,,30094.0,0.0
2,62600,PICNIC_BASKET2,30091.0,14.0,30090.0,28.0,,,30097.0,42.0,,,,,30094.0,0.0
2,62700,PICNIC_BASKET2,30094.0,16.0,30093.0,22.0,,,30100.0,38.0,,,,,30097.0,0.0
2,62800,PICNIC_BASKET2,30091.0,12.0,30090.0,25.0,,,30096.0,1.0,30097.0,36.0,,,30093.5,0.0
2,62900,PICNIC_BASKET2,30089.0,2.0,30088.0,28.0,,,30094.0,2.0,30095.0,28.0,,,30091.5,0.0
2,63000,PICNIC_BASKET2,30094.0,2.0,30093.0,35.0,,,30099.0,18.0,30100.0,19.0,,,30096.5,0.0
2,63100,PICNIC_BASKET2,30093.0,1.0,30092.0,35.0,,,30098.0,20.0,30099.0,16.0,,,30095.5,0.0
2,63200,PICNIC_BASKET2,30086.0,12.0,30085.0,29.0,,,30091.0,1.0,30092.0,40.0,,,30088.5,0.0
2,63300,PICNIC_BASKET2,30086.0,4.0,30083.0,45.0,,,30089.0,17.0,30090.0,28.0,,,30087.5,0.0
2,63400,PICNIC_BASKET2,30085.0,38.0,,,,,30091.0,15.0,30092.0,23.0,,,30088.0,0.0
2,63500,PICNIC_BASKET2,30079.0,20.0,30078.0,26.0,,,30085.0,46.0,,,,,30082.0,0.0
2,63600,PICNIC_BASKET2,30074.0,13.0,30073.0,18.0,,,30079.0,1.0,30080.0,30.0,,,30076.5,0.0
2,63700,PICNIC_BASKET2,30073.0,2.0,30072.0,38.0,,,30078.0,2.0,30079.0,38.0,,,30075.5,0.0
2,63800,PICNIC_BASKET2,30069.0,11.0,30068.0,28.0,,,30075.0,11.0,30076.0,28.0,,,30072.0,0.0
2,63900,PICNIC_BASKET2,30076.0,51.0,,,,,30082.0,21.0,30083.0,30.0,,,30079.0,0.0
2,64000,PICNIC_BASKET2,30076.0,42.0,,,,,30082.0,15.0,30083.0,27.0,,,30079.0,0.0
2,64100,PICNIC_BASKET2,30076.0,47.0,,,,,30082.0,19.0,30083.0,28.0,,,30079.0,0.0
2,64200,PICNIC_BASKET2,30077.0,20.0,30076.0,21.0,,,30083.0,41.0,,,,,30080.0,0.0
2,64300,PICNIC_BASKET2,30073.0,33.0,,,,,30080.0,33.0,,,,,30076.5,0.0
2,64400,PICNIC_BASKET2,30074.0,13.0,30073.0,21.0,,,30079.0,2.0,30080.0,32.0,,,30076.5,0.0
2,64500,PICNIC_BASKET2,30073.0,2.0,30072.0,34.0,,,30078.0,2.0,30079.0,34.0,,,30075.5,0.0
2,64600,PICNIC_BASKET2,30070.0,38.0,,,,,30077.0,38.0,,,,,30073.5,0.0
2,64700,PICNIC_BASKET2,30068.0,1.0,30067.0,38.0,,,30073.0,12.0,30074.0,27.0,,,30070.5,0.0
2,64800,PICNIC_BASKET2,30070.0,10.0,30069.0,24.0,,,30076.0,34.0,,,,,30073.0,0.0
2,64900,PICNIC_BASKET2,30077.0,17.0,30076.0,18.0,,,30082.0,2.0,30083.0,33.0,,,30079.5,0.0
2,65000,PICNIC_BASKET2,30079.0,2.0,30078.0,38.0,,,30084.0,21.0,30085.0,19.0,,,30081.5,0.0
2,65100,PICNIC_BASKET2,30077.0,41.0,,,,,30083.0,13.0,30084.0,28.0,,,30080.0,0.0
2,65200,PICNIC_BASKET2,30073.0,21.0,30072.0,27.0,,,30078.0,2.0,30079.0,46.0,,,30075.5,0.0
2,65300,PICNIC_BASKET2,30072.0,2.0,30071.0,32.0,,,30077.0,2.0,30078.0,32.0,,,30074.5,0.0
2,65400,PICNIC_BASKET2,30073.0,1.0,30072.0,40.0,,,30078.0,15.0,30079.0,26.0,,,30075.5,0.0
2,65500,PICNIC_BASKET2,30075.0,7.0,30073.0,2.0,30072.0,44.0,30078.0,18.0,30079.0,28.0,,,30076.5,0.0
2,65600,PICNIC_BASKET2,30067.0,45.0,,,,,30073.0,16.0,30074.0,29.0,,,30070.0,0.0
2,65700,PICNIC_BASKET2,30066.0,42.0,,,,,30072.0,17.0,30073.0,25.0,,,30069.0,0.0
2,65800,PICNIC_BASKET2,30066.0,18.0,30065.0,18.0,,,30072.0,36.0,,,,,30069.0,0.0
2,65900,PICNIC_BASKET2,30067.0,15.0,30066.0,16.0,,,30072.0,1.0,30073.0,30.0,,,30069.5,0.0
2,66000,PICNIC_BASKET2,30069.0,22.0,30068.0,19.0,,,30074.0,2.0,30075.0,39.0,,,30071.5,0.0
2,66100,PICNIC_BASKET2,30067.0,44.0,,,,,30073.0,20.0,30074.0,24.0,,,30070.0,0.0
2,66200,PICNIC_BASKET2,30064.0,1.0,30062.0,1.0,30061.0,36.0,30067.0,21.0,30068.0,16.0,,,30065.5,0.0
2,66300,PICNIC_BASKET2,30062.0,1.0,30061.0,37.0,,,30067.0,16.0,30068.0,22.0,,,30064.5,0.0
2,66400,PICNIC_BASKET2,30063.0,7.0,30062.0,28.0,,,30068.0,2.0,30069.0,38.0,,,30065.5,0.0
2,66500,PICNIC_BASKET2,30066.0,31.0,,,,,30072.0,12.0,30073.0,19.0,,,30069.0,0.0
2,66600,PICNIC_BASKET2,30069.0,22.0,30068.0,20.0,,,30074.0,2.0,30075.0,40.0,,,30071.5,0.0
2,66700,PICNIC_BASKET2,30067.0,12.0,30066.0,19.0,,,30072.0,1.0,30073.0,30.0,,,30069.5,0.0
2,66800,PICNIC_BASKET2,30070.0,18.0,30069.0,27.0,,,30075.0,2.0,30076.0,43.0,,,30072.5,0.0
2,66900,PICNIC_BASKET2,30070.0,38.0,,,,,30076.0,14.0,30077.0,24.0,,,30073.0,0.0
2,67000,PICNIC_BASKET2,30071.0,2.0,30070.0,33.0,,,30076.0,17.0,30077.0,18.0,,,30073.5,0.0
2,67100,PICNIC_BASKET2,30072.0,15.0,30071.0,23.0,,,30078.0,38.0,,,,,30075.0,0.0
2,67200,PICNIC_BASKET2,30074.0,2.0,30073.0,33.0,,,30079.0,13.0,30080.0,22.0,,,30076.5,0.0
2,67300,PICNIC_BASKET2,30071.0,19.0,30070.0,20.0,,,30076.0,2.0,30077.0,37.0,,,30073.5,0.0
2,67400,PICNIC_BASKET2,30070.0,34.0,,,,,30076.0,18.0,30077.0,18.0,,,30073.0,0.0
2,67500,PICNIC_BASKET2,30073.0,43.0,,,,,30079.0,19.0,30080.0,24.0,,,30076.0,0.0
2,67600,PICNIC_BASKET2,30076.0,45.0,,,,,30083.0,45.0,,,,,30079.5,0.0
2,67700,PICNIC_BASKET2,30077.0,39.0,,,,,30083.0,17.0,30084.0,22.0,,,30080.0,0.0
2,67800,PICNIC_BASKET2,30077.0,16.0,30076.0,26.0,,,30083.0,42.0,,,,,30080.0,0.0
2,67900,PICNIC_BASKET2,30080.0,20.0,30079.0,30.0,,,30086.0,50.0,,,,,30083.0,0.0
2,68000,PICNIC_BASKET2,30073.0,15.0,30072.0,19.0,,,30078.0,2.0,30079.0,32.0,,,30075.5,0.0
2,68100,PICNIC_BASKET2,30070.0,13.0,30069.0,21.0,,,30075.0,2.0,30076.0,32.0,,,30072.5,0.0
2,68200,PICNIC_BASKET2,30070.0,36.0,,,,,30076.0,11.0,30077.0,25.0,,,30073.0,0.0
2,68300,PICNIC_BASKET2,30069.0,16.0,30068.0,27.0,,,30075.0,43.0,,,,,30072.0,0.0
2,68400,PICNIC_BASKET2,30067.0,20.0,30066.0,26.0,,,30073.0,46.0,,,,,30070.0,0.0
2,68500,PICNIC_BASKET2,30070.0,15.0,30069.0,19.0,,,30076.0,34.0,,,,,30073.0,0.0
2,68600,PICNIC_BASKET2,30070.0,33.0,,,,,30077.0,33.0,,,,,30073.5,0.0
2,68700,PICNIC_BASKET2,30074.0,1.0,30073.0,40.0,,,30079.0,11.0,30080.0,30.0,,,30076.5,0.0
2,68800,PICNIC_BASKET2,30077.0,8.0,30075.0,2.0,30074.0,49.0,30080.0,2.0,30081.0,49.0,,,30078.5,0.0
2,68900,PICNIC_BASKET2,30071.0,14.0,30070.0,18.0,,,30076.0,1.0,30077.0,31.0,,,30073.5,0.0
2,69000,PICNIC_BASKET2,30069.0,2.0,30068.0,41.0,,,30074.0,19.0,30075.0,24.0,,,30071.5,0.0
2,69100,PICNIC_BASKET2,30067.0,1.0,30066.0,37.0,,,30072.0,14.0,30073.0,24.0,,,30069.5,0.0
2,69200,PICNIC_BASKET2,30062.0,37.0,,,,,30068.0,14.0,30069.0,23.0,,,30065.0,0.0
2,69300,PICNIC_BASKET2,30062.0,18.0,30061.0,23.0,,,30068.0,41.0,,,,,30065.0,0.0
2,69400,PICNIC_BASKET2,30067.0,2.0,30065.0,22.0,30064.0,23.0,30070.0,2.0,30071.0,43.0,,,30068.5,0.0
2,69500,PICNIC_BASKET2,30061.0,16.0,30060.0,15.0,,,30066.0,1.0,30067.0,35.0,,,30063.5,0.0
2,69600,PICNIC_BASKET2,30061.0,43.0,,,,,30068.0,43.0,,,,,30064.5,0.0
2,69700,PICNIC_BASKET2,30062.0,16.0,30061.0,29.0,,,30067.0,2.0,30068.0,43.0,,,30064.5,0.0
2,69800,PICNIC_BASKET2,30068.0,12.0,30067.0,19.0,,,30073.0,1.0,30074.0,30.0,,,30070.5,0.0
2,69900,PICNIC_BASKET2,30069.0,29.0,,,,,30075.0,11.0,30076.0,18.0,,,30072.0,0.0
2,70000,PICNIC_BASKET2,30072.0,1.0,30071.0,34.0,,,30077.0,1.0,30078.0,34.0,,,30074.5,0.0
2,70100,PICNIC_BASKET2,30073.0,2.0,30072.0,44.0,,,30078.0,19.0,30079.0,27.0,,,30075.5,0.0
2,70200,PICNIC_BASKET2,30075.0,37.0,,,,,30082.0,37.0,,,,,30078.5,0.0
2,70300,PICNIC_BASKET2,30078.0,8.0,30077.0,29.0,,,30083.0,1.0,30084.0,44.0,,,30080.5,0.0
2,70400,PICNIC_BASKET2,30077.0,29.0,,,,,30083.0,14.0,30084.0,15.0,,,30080.0,0.0
2,70500,PICNIC_BASKET2,30075.0,19.0,30074.0,25.0,,,30081.0,44.0,,,,,30078.0,0.0
2,70600,PICNIC_BASKET2,30079.0,3.0,30076.0,39.0,,,30082.0,20.0,30083.0,19.0,,,30080.5,0.0
2,70700,PICNIC_BASKET2,30077.0,2.0,30076.0,46.0,,,30082.0,2.0,30083.0,46.0,,,30079.5,0.0
2,70800,PICNIC_BASKET2,30076.0,14.0,30075.0,15.0,,,30081.0,1.0,30082.0,28.0,,,30078.5,0.0
2,70900,PICNIC_BASKET2,30082.0,32.0,,,,,30088.0,17.0,30089.0,15.0,,,30085.0,0.0
2,71000,PICNIC_BASKET2,30087.0,21.0,30086.0,25.0,,,30092.0,2.0,30093.0,44.0,,,30089.5,0.0
2,71100,PICNIC_BASKET2,30085.0,20.0,30084.0,23.0,,,30091.0,20.0,30092.0,23.0,,,30088.0,0.0
2,71200,PICNIC_BASKET2,30086.0,1.0,30085.0,29.0,,,30091.0,1.0,30092.0,29.0,,,30088.5,0.0
2,71300,PICNIC_BASKET2,30091.0,18.0,30090.0,15.0,,,30097.0,33.0,,,,,30094.0,0.0
2,71400,PICNIC_BASKET2,30093.0,18.0,30092.0,20.0,,,30095.0,6.0,30099.0,38.0,,,30094.0,0.0
2,71500,PICNIC_BASKET2,30094.0,18.0,30093.0,21.0,,,30100.0,39.0,,,,,30097.0,0.0
2,71600,PICNIC_BASKET2,30093.0,2.0,30092.0,44.0,,,30098.0,20.0,30099.0,26.0,,,30095.5,0.0
2,71700,PICNIC_BASKET2,30090.0,12.0,30089.0,21.0,,,30095.0,1.0,30096.0,32.0,,,30092.5,0.0
2,71800,PICNIC_BASKET2,30085.0,37.0,,,,,30092.0,37.0,,,,,30088.5,0.0
2,71900,PICNIC_BASKET2,30089.0,17.0,30088.0,17.0,,,30094.0,2.0,30095.0,32.0,,,30091.5,0.0
2,72000,PICNIC_BASKET2,30089.0,16.0,30088.0,17.0,,,30095.0,33.0,,,,,30092.0,0.0
2,72100,PICNIC_BASKET2,30094.0,46.0,,,,,30095.0,8.0,30101.0,46.0,,,30094.5,0.0
2,72200,PICNIC_BASKET2,30091.0,14.0,30090.0,22.0,,,30097.0,36.0,,,,,30094.0,0.0
2,72300,PICNIC_BASKET2,30090.0,40.0,,,,,30096.0,18.0,30097.0,22.0,,,30093.0,0.0
2,72400,PICNIC_BASKET2,30090.0,1.0,30089.0,47.0,,,30092.0,7.0,30095.0,18.0,30096.0,30.0,30091.0,0.0
2,72500,PICNIC_BASKET2,30090.0,20.0,30089.0,20.0,,,30096.0,40.0,,,,,30093.0,0.0
2,72600,PICNIC_BASKET2,30092.0,2.0,30090.0,2.0,30089.0,31.0,30095.0,18.0,30096.0,15.0,,,30093.5,0.0
2,72700,PICNIC_BASKET2,30085.0,15.0,30084.0,18.0,,,30091.0,33.0,,,,,30088.0,0.0
2,72800,PICNIC_BASKET2,30087.0,13.0,30086.0,21.0,,,30092.0,1.0,30093.0,33.0,,,30089.5,0.0
2,72900,PICNIC_BASKET2,30085.0,1.0,30084.0,37.0,,,30090.0,21.0,30091.0,17.0,,,30087.5,0.0
2,73000,PICNIC_BASKET2,30085.0,2.0,30084.0,45.0,,,30090.0,18.0,30091.0,29.0,,,30087.5,0.0
2,73100,PICNIC_BASKET2,30088.0,20.0,30087.0,17.0,,,30093.0,1.0,30094.0,36.0,,,30090.5,0.0
2,73200,PICNIC_BASKET2,30089.0,22.0,30088.0,29.0,,,30095.0,51.0,,,,,30092.0,0.0
2,73300,PICNIC_BASKET2,30089.0,33.0,,,,,30096.0,33.0,,,,,30092.5,0.0
2,73400,PICNIC_BASKET2,30090.0,48.0,,,,,30096.0,21.0,30097.0,27.0,,,30093.0,0.0
2,73500,PICNIC_BASKET2,30091.0,34.0,,,,,30097.0,11.0,30098.0,23.0,,,30094.0,0.0
2,73600,PICNIC_BASKET2,30096.0,47.0,,,,,30102.0,17.0,30103.0,30.0,,,30099.0,0.0
2,73700,PICNIC_BASKET2,30099.0,17.0,30098.0,18.0,,,30105.0,35.0,,,,,30102.0,0.0
2,73800,PICNIC_BASKET2,30102.0,1.0,30101.0,37.0,,,30107.0,21.0,30108.0,17.0,,,30104.5,0.0
2,73900,PICNIC_BASKET2,30098.0,20.0,30097.0,29.0,,,30104.0,49.0,,,,,30101.0,0.0
2,74000,PICNIC_BASKET2,30099.0,1.0,30098.0,41.0,,,30104.0,1.0,30105.0,41.0,,,30101.5,0.0
2,74100,PICNIC_BASKET2,30101.0,7.0,30098.0,43.0,,,30104.0,17.0,30105.0,26.0,,,30102.5,0.0
2,74200,PICNIC_BASKET2,30096.0,19.0,30095.0,29.0,,,30101.0,1.0,30102.0,47.0,,,30098.5,0.0
2,74300,PICNIC_BASKET2,30098.0,2.0,30097.0,49.0,,,30103.0,21.0,30104.0,30.0,,,30100.5,0.0
2,74400,PICNIC_BASKET2,30097.0,20.0,30096.0,19.0,,,30102.0,1.0,30103.0,38.0,,,30099.5,0.0
2,74500,PICNIC_BASKET2,30095.0,10.0,30094.0,24.0,,,30100.0,2.0,30101.0,39.0,,,30097.5,0.0
2,74600,PICNIC_BASKET2,30097.0,14.0,30096.0,15.0,,,30102.0,1.0,30103.0,28.0,,,30099.5,0.0
2,74700,PICNIC_BASKET2,30096.0,1.0,30095.0,32.0,,,30101.0,15.0,30102.0,18.0,,,30098.5,0.0
2,74800,PICNIC_BASKET2,30098.0,2.0,30097.0,30.0,,,30103.0,2.0,30104.0,30.0,,,30100.5,0.0
2,74900,PICNIC_BASKET2,30094.0,1.0,30093.0,35.0,,,30099.0,1.0,30100.0,35.0,,,30096.5,0.0
2,75000,PICNIC_BASKET2,30095.0,36.0,,,,,30101.0,17.0,30102.0,19.0,,,30098.0,0.0
2,75100,PICNIC_BASKET2,30097.0,3.0,30094.0,39.0,,,30100.0,11.0,30101.0,28.0,,,30098.5,0.0
2,75200,PICNIC_BASKET2,30093.0,1.0,30092.0,44.0,,,30095.0,2.0,30098.0,15.0,30099.0,30.0,30094.0,0.0
2,75300,PICNIC_BASKET2,30093.0,2.0,30092.0,32.0,,,30098.0,2.0,30099.0,32.0,,,30095.5,0.0
2,75400,PICNIC_BASKET2,30092.0,1.0,30091.0,40.0,,,30097.0,20.0,30098.0,21.0,,,30094.5,0.0
2,75500,PICNIC_BASKET2,30092.0,17.0,30091.0,16.0,,,30098.0,33.0,,,,,30095.0,0.0
2,75600,PICNIC_BASKET2,30091.0,22.0,30090.0,16.0,,,30096.0,2.0,30097.0,36.0,,,30093.5,0.0
2,75700,PICNIC_BASKET2,30091.0,2.0,30090.0,34.0,,,30096.0,14.0,30097.0,22.0,,,30093.5,0.0
2,75800,PICNIC_BASKET2,30088.0,17.0,30087.0,17.0,,,30093.0,1.0,30094.0,33.0,,,30090.5,0.0
2,75900,PICNIC_BASKET2,30088.0,2.0,30087.0,42.0,,,30093.0,20.0,30094.0,24.0,,,30090.5,0.0
2,76000,PICNIC_BASKET2,30081.0,2.0,30080.0,32.0,,,30086.0,18.0,30087.0,16.0,,,30083.5,0.0
2,76100,PICNIC_BASKET2,30083.0,12.0,30082.0,24.0,,,30089.0,36.0,,,,,30086.0,0.0
2,76200,PICNIC_BASKET2,30081.0,2.0,30080.0,40.0,,,30086.0,16.0,30087.0,26.0,,,30083.5,0.0
2,76300,PICNIC_BASKET2,30079.0,1.0,30078.0,33.0,,,30084.0,11.0,30085.0,23.0,,,30081.5,0.0
2,76400,PICNIC_BASKET2,30079.0,15.0,30078.0,21.0,,,30084.0,2.0,30085.0,34.0,,,30081.5,0.0
2,76500,PICNIC_BASKET2,30077.0,18.0,30076.0,16.0,,,30083.0,18.0,30084.0,16.0,,,30080.0,0.0
2,76600,PICNIC_BASKET2,30078.0,16.0,30077.0,28.0,,,30084.0,44.0,,,,,30081.0,0.0
2,76700,PICNIC_BASKET2,30079.0,18.0,30078.0,29.0,,,30081.0,7.0,30084.0,2.0,30085.0,45.0,30080.0,0.0
2,76800,PICNIC_BASKET2,30081.0,2.0,30080.0,40.0,,,30086.0,15.0,30087.0,27.0,,,30083.5,0.0
2,76900,PICNIC_BASKET2,30083.0,13.0,30082.0,24.0,,,30089.0,37.0,,,,,30086.0,0.0
2,77000,PICNIC_BASKET2,30079.0,1.0,30078.0,32.0,,,30084.0,1.0,30085.0,32.0,,,30081.5,0.0
2,77100,PICNIC_BASKET2,30072.0,39.0,,,,,30078.0,10.0,30079.0,29.0,,,30075.0,0.0
2,77200,PICNIC_BASKET2,30075.0,18.0,30074.0,22.0,,,30080.0,2.0,30081.0,38.0,,,30077.5,0.0
2,77300,PICNIC_BASKET2,30076.0,20.0,30075.0,30.0,,,30081.0,1.0,30082.0,49.0,,,30078.5,0.0
2,77400,PICNIC_BASKET2,30073.0,21.0,30072.0,30.0,,,30078.0,2.0,30079.0,49.0,,,30075.5,0.0
2,77500,PICNIC_BASKET2,30072.0,2.0,30071.0,46.0,,,30077.0,2.0,30078.0,46.0,,,30074.5,0.0
2,77600,PICNIC_BASKET2,30075.0,21.0,30074.0,23.0,,,30080.0,1.0,30081.0,43.0,,,30077.5,0.0
2,77700,PICNIC_BASKET2,30070.0,2.0,30069.0,34.0,,,30075.0,12.0,30076.0,24.0,,,30072.5,0.0
2,77800,PICNIC_BASKET2,30071.0,2.0,30070.0,29.0,,,30076.0,16.0,30077.0,15.0,,,30073.5,0.0
2,77900,PICNIC_BASKET2,30073.0,13.0,30072.0,27.0,,,30078.0,1.0,30079.0,39.0,,,30075.5,0.0
2,78000,PICNIC_BASKET2,30073.0,22.0,30072.0,29.0,,,30078.0,2.0,30079.0,49.0,,,30075.5,0.0
2,78100,PICNIC_BASKET2,30074.0,1.0,30073.0,30.0,,,30079.0,11.0,30080.0,20.0,,,30076.5,0.0
2,78200,PICNIC_BASKET2,30071.0,3.0,30069.0,12.0,30068.0,22.0,30075.0,34.0,,,,,30073.0,0.0
2,78300,PICNIC_BASKET2,30068.0,19.0,30067.0,24.0,,,30074.0,43.0,,,,,30071.0,0.0
2,78400,PICNIC_BASKET2,30067.0,2.0,30066.0,44.0,,,30072.0,17.0,30073.0,29.0,,,30069.5,0.0
2,78500,PICNIC_BASKET2,30065.0,20.0,30064.0,19.0,,,30071.0,39.0,,,,,30068.0,0.0
2,78600,PICNIC_BASKET2,30061.0,40.0,,,,,30067.0,11.0,30068.0,29.0,,,30064.0,0.0
2,78700,PICNIC_BASKET2,30064.0,33.0,,,,,30070.0,17.0,30071.0,16.0,,,30067.0,0.0
2,78800,PICNIC_BASKET2,30066.0,42.0,,,,,30072.0,20.0,30073.0,22.0,,,30069.0,0.0
2,78900,PICNIC_BASKET2,30065.0,22.0,30064.0,23.0,,,30070.0,2.0,30071.0,43.0,,,30067.5,0.0
2,79000,PICNIC_BASKET2,30071.0,1.0,30070.0,36.0,,,30076.0,16.0,30077.0,21.0,,,30073.5,0.0
2,79100,PICNIC_BASKET2,30069.0,44.0,,,,,30075.0,20.0,30076.0,24.0,,,30072.0,0.0
2,79200,PICNIC_BASKET2,30065.0,33.0,,,,,30071.0,18.0,30072.0,15.0,,,30068.0,0.0
2,79300,PICNIC_BASKET2,30067.0,17.0,30066.0,26.0,,,30073.0,43.0,,,,,30070.0,0.0
2,79400,PICNIC_BASKET2,30070.0,1.0,30069.0,32.0,,,30075.0,16.0,30076.0,17.0,,,30072.5,0.0
2,79500,PICNIC_BASKET2,30069.0,1.0,30068.0,41.0,,,30074.0,14.0,30075.0,28.0,,,30071.5,0.0
2,79600,PICNIC_BASKET2,30073.0,16.0,30072.0,19.0,,,30079.0,35.0,,,,,30076.0,0.0
2,79700,PICNIC_BASKET2,30073.0,1.0,30072.0,34.0,,,30078.0,17.0,30079.0,18.0,,,30075.5,0.0
2,79800,PICNIC_BASKET2,30072.0,16.0,30071.0,17.0,,,30077.0,1.0,30078.0,32.0,,,30074.5,0.0
2,79900,PICNIC_BASKET2,30066.0,18.0,30065.0,24.0,,,30071.0,2.0,30072.0,40.0,,,30068.5,0.0
2,80000,PICNIC_BASKET2,30064.0,19.0,30063.0,30.0,,,30069.0,1.0,30070.0,48.0,,,30066.5,0.0
2,80100,PICNIC_BASKET2,30059.0,16.0,30058.0,19.0,,,30065.0,35.0,,,,,30062.0,0.0
2,80200,PICNIC_BASKET2,30062.0,13.0,30061.0,19.0,,,30067.0,1.0,30068.0,31.0,,,30064.5,0.0
2,80300,PICNIC_BASKET2,30062.0,14.0,30061.0,22.0,,,30068.0,36.0,,,,,30065.0,0.0
2,80400,PICNIC_BASKET2,30061.0,2.0,30060.0,42.0,,,30066.0,20.0,30067.0,24.0,,,30063.5,0.0
2,80500,PICNIC_BASKET2,30060.0,11.0,30059.0,21.0,,,30066.0,32.0,,,,,30063.0,0.0
2,80600,PICNIC_BASKET2,30063.0,10.0,30062.0,21.0,,,30069.0,31.0,,,,,30066.0,0.0
2,80700,PICNIC_BASKET2,30060.0,44.0,,,,,30067.0,44.0,,,,,30063.5,0.0
2,80800,PICNIC_BASKET2,30066.0,2.0,30065.0,32.0,,,30071.0,16.0,30072.0,18.0,,,30068.5,0.0
2,80900,PICNIC_BASKET2,30067.0,20.0,30066.0,22.0,,,30072.0,1.0,30073.0,41.0,,,30069.5,0.0
2,81000,PICNIC_BASKET2,30069.0,32.0,,,,,30075.0,17.0,30076.0,15.0,,,30072.0,0.0
2,81100,PICNIC_BASKET2,30069.0,8.0,30066.0,42.0,,,30072.0,19.0,30073.0,23.0,,,30070.5,0.0
2,81200,PICNIC_BASKET2,30067.0,20.0,30066.0,16.0,,,30072.0,1.0,30073.0,35.0,,,30069.5,0.0
2,81300,PICNIC_BASKET2,30068.0,18.0,30067.0,17.0,,,30074.0,35.0,,,,,30071.0,0.0
2,81400,PICNIC_BASKET2,30071.0,2.0,30070.0,28.0,,,30076.0,15.0,30077.0,15.0,,,30073.5,0.0
2,81500,PICNIC_BASKET2,30070.0,1.0,30069.0,41.0,,,30075.0,15.0,30076.0,27.0,,,30072.5,0.0
2,81600,PICNIC_BASKET2,30069.0,2.0,30068.0,40.0,,,30074.0,19.0,30075.0,23.0,,,30071.5,0.0
2,81700,PICNIC_BASKET2,30069.0,1.0,30068.0,26.0,,,30074.0,12.0,30075.0,15.0,,,30071.5,0.0
2,81800,PICNIC_BASKET2,30069.0,13.0,30068.0,21.0,,,30075.0,34.0,,,,,30072.0,0.0
2,81900,PICNIC_BASKET2,30070.0,8.0,30065.0,13.0,30064.0,29.0,30071.0,13.0,30072.0,29.0,,,30070.5,0.0
2,82000,PICNIC_BASKET2,30066.0,15.0,30065.0,22.0,,,30072.0,37.0,,,,,30069.0,0.0
2,82100,PICNIC_BASKET2,30068.0,17.0,30067.0,29.0,,,30073.0,2.0,30074.0,44.0,,,30070.5,0.0
2,82200,PICNIC_BASKET2,30067.0,13.0,30066.0,17.0,,,30072.0,1.0,30073.0,29.0,,,30069.5,0.0
2,82300,PICNIC_BASKET2,30069.0,36.0,,,,,30075.0,10.0,30076.0,26.0,,,30072.0,0.0
2,82400,PICNIC_BASKET2,30068.0,40.0,,,,,30074.0,14.0,30075.0,26.0,,,30071.0,0.0
2,82500,PICNIC_BASKET2,30073.0,21.0,30072.0,15.0,,,30078.0,2.0,30079.0,34.0,,,30075.5,0.0
2,82600,PICNIC_BASKET2,30072.0,15.0,30071.0,27.0,,,30078.0,42.0,,,,,30075.0,0.0
2,82700,PICNIC_BASKET2,30068.0,18.0,30067.0,25.0,,,30073.0,1.0,30074.0,42.0,,,30070.5,0.0
2,82800,PICNIC_BASKET2,30067.0,41.0,,,,,30074.0,41.0,,,,,30070.5,0.0
2,82900,PICNIC_BASKET2,30068.0,12.0,30067.0,20.0,,,30074.0,32.0,,,,,30071.0,0.0
2,83000,PICNIC_BASKET2,30070.0,2.0,30068.0,14.0,30067.0,18.0,30074.0,32.0,,,,,30072.0,0.0
2,83100,PICNIC_BASKET2,30069.0,16.0,30068.0,15.0,,,30075.0,31.0,,,,,30072.0,0.0
2,83200,PICNIC_BASKET2,30074.0,4.0,30071.0,31.0,,,30077.0,16.0,30078.0,15.0,,,30075.5,0.0
2,83300,PICNIC_BASKET2,30070.0,16.0,30069.0,27.0,,,30075.0,2.0,30076.0,41.0,,,30072.5,0.0
2,83400,PICNIC_BASKET2,30071.0,18.0,30070.0,22.0,,,30077.0,40.0,,,,,30074.0,0.0
2,83500,PICNIC_BASKET2,30067.0,1.0,30066.0,28.0,,,30072.0,12.0,30073.0,17.0,,,30069.5,0.0
2,83600,PICNIC_BASKET2,30065.0,2.0,30064.0,37.0,,,30070.0,14.0,30071.0,25.0,,,30067.5,0.0
2,83700,PICNIC_BASKET2,30061.0,2.0,30060.0,41.0,,,30066.0,22.0,30067.0,21.0,,,30063.5,0.0
2,83800,PICNIC_BASKET2,30067.0,1.0,30066.0,44.0,,,30072.0,19.0,30073.0,26.0,,,30069.5,0.0
2,83900,PICNIC_BASKET2,30067.0,14.0,30066.0,26.0,,,30073.0,40.0,,,,,30070.0,0.0
2,84000,PICNIC_BASKET2,30065.0,14.0,30064.0,30.0,,,30071.0,44.0,,,,,30068.0,0.0
2,84100,PICNIC_BASKET2,30070.0,3.0,30065.0,20.0,30064.0,27.0,30071.0,45.0,,,,,30070.5,0.0
2,84200,PICNIC_BASKET2,30069.0,2.0,30068.0,35.0,,,30074.0,16.0,30075.0,21.0,,,30071.5,0.0
2,84300,PICNIC_BASKET2,30069.0,2.0,30068.0,32.0,,,30074.0,19.0,30075.0,15.0,,,30071.5,0.0
2,84400,PICNIC_BASKET2,30071.0,10.0,30070.0,20.0,,,30077.0,30.0,,,,,30074.0,0.0
2,84500,PICNIC_BASKET2,30074.0,16.0,30073.0,18.0,,,30080.0,34.0,,,,,30077.0,0.0
2,84600,PICNIC_BASKET2,30076.0,2.0,30075.0,45.0,,,30081.0,22.0,30082.0,25.0,,,30078.5,0.0
2,84700,PICNIC_BASKET2,30079.0,4.0,30077.0,2.0,30076.0,27.0,30082.0,13.0,30083.0,16.0,,,30080.5,0.0
2,84800,PICNIC_BASKET2,30075.0,23.0,,,,,30078.0,4.0,30081.0,13.0,30082.0,18.0,30076.5,0.0
2,84900,PICNIC_BASKET2,30079.0,15.0,30078.0,28.0,,,30084.0,1.0,30085.0,42.0,,,30081.5,0.0
2,85000,PICNIC_BASKET2,30074.0,36.0,,,,,30081.0,36.0,,,,,30077.5,0.0
2,85100,PICNIC_BASKET2,30072.0,7.0,30070.0,12.0,30069.0,16.0,30076.0,28.0,,,,,30074.0,0.0
2,85200,PICNIC_BASKET2,30073.0,12.0,30072.0,26.0,,,30079.0,38.0,,,,,30076.0,0.0
2,85300,PICNIC_BASKET2,30071.0,13.0,30070.0,17.0,,,30077.0,30.0,,,,,30074.0,0.0
2,85400,PICNIC_BASKET2,30074.0,3.0,30071.0,26.0,,,30077.0,10.0,30078.0,16.0,,,30075.5,0.0
2,85500,PICNIC_BASKET2,30069.0,1.0,30068.0,38.0,,,30074.0,17.0,30075.0,22.0,,,30071.5,0.0
2,85600,PICNIC_BASKET2,30071.0,14.0,30070.0,25.0,,,30077.0,39.0,,,,,30074.0,0.0
2,85700,PICNIC_BASKET2,30072.0,19.0,30071.0,15.0,,,30077.0,2.0,30078.0,32.0,,,30074.5,0.0
2,85800,PICNIC_BASKET2,30070.0,25.0,,,,,30076.0,10.0,30077.0,15.0,,,30073.0,0.0
2,85900,PICNIC_BASKET2,30070.0,7.0,30068.0,2.0,30067.0,41.0,30073.0,22.0,30074.0,21.0,,,30071.5,0.0
2,86000,PICNIC_BASKET2,30066.0,1.0,30064.0,12.0,30063.0,29.0,30069.0,2.0,30070.0,39.0,,,30067.5,0.0
2,86100,PICNIC_BASKET2,30064.0,47.0,,,,,30070.0,17.0,30071.0,30.0,,,30067.0,0.0
2,86200,PICNIC_BASKET2,30064.0,15.0,30063.0,22.0,,,30069.0,2.0,30070.0,35.0,,,30066.5,0.0
2,86300,PICNIC_BASKET2,30062.0,3.0,30060.0,2.0,30059.0,37.0,30065.0,2.0,30066.0,37.0,,,30063.5,0.0
2,86400,PICNIC_BASKET2,30062.0,1.0,30061.0,34.0,,,30067.0,12.0,30068.0,23.0,,,30064.5,0.0
2,86500,PICNIC_BASKET2,30060.0,12.0,30059.0,24.0,,,30065.0,1.0,30066.0,35.0,,,30062.5,0.0
2,86600,PICNIC_BASKET2,30066.0,2.0,30065.0,39.0,,,30071.0,19.0,30072.0,22.0,,,30068.5,0.0
2,86700,PICNIC_BASKET2,30068.0,32.0,,,,,30074.0,13.0,30075.0,21.0,,,30071.0,0.0
2,86800,PICNIC_BASKET2,30067.0,2.0,30066.0,37.0,,,30072.0,22.0,30073.0,17.0,,,30069.5,0.0
2,86900,PICNIC_BASKET2,30066.0,1.0,30065.0,38.0,,,30071.0,16.0,30072.0,23.0,,,30068.5,0.0
2,87000,PICNIC_BASKET2,30072.0,12.0,30071.0,20.0,,,30077.0,1.0,30078.0,31.0,,,30074.5,0.0
2,87100,PICNIC_BASKET2,30069.0,1.0,30068.0,42.0,,,30074.0,16.0,30075.0,27.0,,,30071.5,0.0
2,87200,PICNIC_BASKET2,30069.0,2.0,30068.0,31.0,,,30074.0,15.0,30075.0,18.0,,,30071.5,0.0
2,87300,PICNIC_BASKET2,30068.0,13.0,30067.0,15.0,,,30074.0,28.0,,,,,30071.0,0.0
2,87400,PICNIC_BASKET2,30072.0,2.0,30071.0,39.0,,,30077.0,16.0,30078.0,25.0,,,30074.5,0.0
2,87500,PICNIC_BASKET2,30071.0,2.0,30070.0,39.0,,,30076.0,16.0,30077.0,25.0,,,30073.5,0.0
2,87600,PICNIC_BASKET2,30077.0,1.0,30076.0,36.0,,,30082.0,1.0,30083.0,36.0,,,30079.5,0.0
2,87700,PICNIC_BASKET2,30083.0,8.0,30079.0,1.0,30078.0,26.0,30084.0,12.0,30085.0,15.0,,,30083.5,0.0
2,87800,PICNIC_BASKET2,30080.0,20.0,30079.0,26.0,,,30086.0,20.0,30087.0,26.0,,,30083.0,0.0
2,87900,PICNIC_BASKET2,30082.0,16.0,30081.0,28.0,,,30087.0,1.0,30088.0,43.0,,,30084.5,0.0
2,88000,PICNIC_BASKET2,30080.0,42.0,,,,,30086.0,19.0,30087.0,23.0,,,30083.0,0.0
2,88100,PICNIC_BASKET2,30081.0,11.0,30080.0,18.0,,,30087.0,29.0,,,,,30084.0,0.0
2,88200,PICNIC_BASKET2,30083.0,18.0,30082.0,24.0,,,30088.0,1.0,30089.0,41.0,,,30085.5,0.0
2,88300,PICNIC_BASKET2,30087.0,2.0,30086.0,34.0,,,30092.0,21.0,30093.0,15.0,,,30089.5,0.0
2,88400,PICNIC_BASKET2,30089.0,13.0,30088.0,24.0,,,30094.0,1.0,30095.0,36.0,,,30091.5,0.0
2,88500,PICNIC_BASKET2,30090.0,14.0,30089.0,27.0,,,30095.0,2.0,30096.0,39.0,,,30092.5,0.0
2,88600,PICNIC_BASKET2,30094.0,2.0,30092.0,1.0,30091.0,37.0,30097.0,14.0,30098.0,24.0,,,30095.5,0.0
2,88700,PICNIC_BASKET2,30089.0,1.0,30088.0,38.0,,,30094.0,1.0,30095.0,38.0,,,30091.5,0.0
2,88800,PICNIC_BASKET2,30089.0,32.0,,,,,30095.0,12.0,30096.0,20.0,,,30092.0,0.0
2,88900,PICNIC_BASKET2,30091.0,1.0,30090.0,30.0,,,30096.0,14.0,30097.0,17.0,,,30093.5,0.0
2,89000,PICNIC_BASKET2,30092.0,37.0,,,,,30098.0,15.0,30099.0,22.0,,,30095.0,0.0
2,89100,PICNIC_BASKET2,30095.0,40.0,,,,,30101.0,15.0,30102.0,25.0,,,30098.0,0.0
2,89200,PICNIC_BASKET2,30099.0,42.0,,,,,30105.0,17.0,30106.0,25.0,,,30102.0,0.0
2,89300,PICNIC_BASKET2,30101.0,1.0,30100.0,39.0,,,30106.0,16.0,30107.0,24.0,,,30103.5,0.0
2,89400,PICNIC_BASKET2,30101.0,12.0,30100.0,21.0,,,30106.0,1.0,30107.0,32.0,,,30103.5,0.0
2,89500,PICNIC_BASKET2,30102.0,33.0,,,,,30108.0,15.0,30109.0,18.0,,,30105.0,0.0
2,89600,PICNIC_BASKET2,30106.0,3.0,30104.0,13.0,30103.0,28.0,30109.0,2.0,30110.0,39.0,,,30107.5,0.0
2,89700,PICNIC_BASKET2,30103.0,32.0,,,,,30110.0,32.0,,,,,30106.5,0.0
2,89800,PICNIC_BASKET2,30103.0,16.0,30102.0,27.0,,,30109.0,43.0,,,,,30106.0,0.0
2,89900,PICNIC_BASKET2,30109.0,3.0,30107.0,14.0,30106.0,27.0,30113.0,41.0,,,,,30111.0,0.0
2,90000,PICNIC_BASKET2,30108.0,2.0,30107.0,40.0,,,30113.0,2.0,30114.0,40.0,,,30110.5,0.0
2,90100,PICNIC_BASKET2,30107.0,10.0,30106.0,19.0,,,30113.0,29.0,,,,,30110.0,0.0
2,90200,PICNIC_BASKET2,30108.0,2.0,30107.0,41.0,,,30113.0,2.0,30114.0,41.0,,,30110.5,0.0
2,90300,PICNIC_BASKET2,30108.0,12.0,30107.0,18.0,,,30113.0,1.0,30114.0,29.0,,,30110.5,0.0
2,90400,PICNIC_BASKET2,30104.0,11.0,30103.0,22.0,,,30109.0,1.0,30110.0,32.0,,,30106.5,0.0
2,90500,PICNIC_BASKET2,30106.0,17.0,30105.0,26.0,,,30112.0,43.0,,,,,30109.0,0.0
2,90600,PICNIC_BASKET2,30104.0,2.0,30103.0,34.0,,,30109.0,2.0,30110.0,34.0,,,30106.5,0.0
2,90700,PICNIC_BASKET2,30103.0,6.0,30102.0,15.0,,,30109.0,29.0,,,,,30106.0,0.0
2,90800,PICNIC_BASKET2,30104.0,2.0,30103.0,26.0,,,30109.0,2.0,30110.0,26.0,,,30106.5,0.0
2,90900,PICNIC_BASKET2,30103.0,1.0,30102.0,26.0,,,30108.0,1.0,30109.0,26.0,,,30105.5,0.0
2,91000,PICNIC_BASKET2,30102.0,43.0,,,,,30108.0,17.0,30109.0,26.0,,,30105.0,0.0
2,91100,PICNIC_BASKET2,30101.0,13.0,30100.0,25.0,,,30106.0,2.0,30107.0,36.0,,,30103.5,0.0
2,91200,PICNIC_BASKET2,30101.0,12.0,30100.0,30.0,,,30107.0,42.0,,,,,30104.0,0.0
2,91300,PICNIC_BASKET2,30101.0,1.0,30100.0,40.0,,,30106.0,1.0,30107.0,40.0,,,30103.5,0.0
2,91400,PICNIC_BASKET2,30102.0,2.0,30101.0,32.0,,,30107.0,2.0,30108.0,32.0,,,30104.5,0.0
2,91500,PICNIC_BASKET2,30102.0,2.0,30101.0,39.0,,,30107.0,21.0,30108.0,20.0,,,30104.5,0.0
2,91600,PICNIC_BASKET2,30104.0,21.0,30103.0,26.0,,,30109.0,2.0,30110.0,45.0,,,30106.5,0.0
2,91700,PICNIC_BASKET2,30105.0,3.0,30102.0,33.0,,,30108.0,14.0,30109.0,19.0,,,30106.5,0.0
2,91800,PICNIC_BASKET2,30101.0,27.0,,,,,30107.0,12.0,30108.0,18.0,,,30104.0,0.0
2,91900,PICNIC_BASKET2,30102.0,45.0,,,,,30108.0,15.0,30109.0,30.0,,,30105.0,0.0
2,92000,PICNIC_BASKET2,30106.0,2.0,30104.0,21.0,30103.0,19.0,30109.0,2.0,30110.0,38.0,,,30107.5,0.0
2,92100,PICNIC_BASKET2,30106.0,25.0,,,,,30109.0,2.0,30112.0,10.0,30113.0,15.0,30107.5,0.0
2,92200,PICNIC_BASKET2,30114.0,1.0,30113.0,41.0,,,30119.0,1.0,30120.0,41.0,,,30116.5,0.0
2,92300,PICNIC_BASKET2,30113.0,47.0,,,,,30119.0,20.0,30120.0,27.0,,,30116.0,0.0
2,92400,PICNIC_BASKET2,30107.0,39.0,,,,,30113.0,12.0,30114.0,27.0,,,30110.0,0.0
2,92500,PICNIC_BASKET2,30108.0,1.0,30107.0,42.0,,,30113.0,18.0,30114.0,25.0,,,30110.5,0.0
2,92600,PICNIC_BASKET2,30104.0,12.0,30103.0,25.0,,,30106.0,6.0,30109.0,1.0,30110.0,36.0,30105.0,0.0
2,92700,PICNIC_BASKET2,30106.0,19.0,30105.0,30.0,,,30111.0,2.0,30112.0,47.0,,,30108.5,0.0
2,92800,PICNIC_BASKET2,30107.0,17.0,30106.0,23.0,,,30112.0,2.0,30113.0,38.0,,,30109.5,0.0
2,92900,PICNIC_BASKET2,30110.0,20.0,30109.0,15.0,,,30116.0,35.0,,,,,30113.0,0.0
2,93000,PICNIC_BASKET2,30112.0,41.0,,,,,30118.0,13.0,30119.0,28.0,,,30115.0,0.0
2,93100,PICNIC_BASKET2,30107.0,1.0,30106.0,45.0,,,30112.0,21.0,30113.0,25.0,,,30109.5,0.0
2,93200,PICNIC_BASKET2,30106.0,40.0,,,,,30113.0,40.0,,,,,30109.5,0.0
2,93300,PICNIC_BASKET2,30111.0,2.0,30110.0,37.0,,,30116.0,22.0,30117.0,17.0,,,30113.5,0.0
2,93400,PICNIC_BASKET2,30110.0,21.0,30109.0,26.0,,,30115.0,1.0,30116.0,46.0,,,30112.5,0.0
2,93500,PICNIC_BASKET2,30115.0,2.0,30114.0,34.0,,,30120.0,13.0,30121.0,23.0,,,30117.5,0.0
2,93600,PICNIC_BASKET2,30113.0,32.0,,,,,30119.0,13.0,30120.0,19.0,,,30116.0,0.0
2,93700,PICNIC_BASKET2,30116.0,12.0,30115.0,20.0,,,30122.0,32.0,,,,,30119.0,0.0
2,93800,PICNIC_BASKET2,30116.0,14.0,30115.0,30.0,,,30121.0,2.0,30122.0,42.0,,,30118.5,0.0
2,93900,PICNIC_BASKET2,30116.0,2.0,30115.0,37.0,,,30121.0,2.0,30122.0,37.0,,,30118.5,0.0
2,94000,PICNIC_BASKET2,30118.0,17.0,30117.0,22.0,,,30124.0,39.0,,,,,30121.0,0.0
2,94100,PICNIC_BASKET2,30120.0,16.0,30119.0,28.0,,,30125.0,2.0,30126.0,42.0,,,30122.5,0.0
2,94200,PICNIC_BASKET2,30120.0,1.0,30119.0,30.0,,,30125.0,1.0,30126.0,30.0,,,30122.5,0.0
2,94300,PICNIC_BASKET2,30118.0,51.0,,,,,30124.0,21.0,30125.0,30.0,,,30121.0,0.0
2,94400,PICNIC_BASKET2,30116.0,33.0,,,,,30122.0,17.0,30123.0,16.0,,,30119.0,0.0
2,94500,PICNIC_BASKET2,30116.0,45.0,,,,,30119.0,3.0,30122.0,20.0,30123.0,25.0,30117.5,0.0
2,94600,PICNIC_BASKET2,30114.0,44.0,,,,,30121.0,44.0,,,,,30117.5,0.0
2,94700,PICNIC_BASKET2,30113.0,1.0,30112.0,38.0,,,30118.0,1.0,30119.0,38.0,,,30115.5,0.0
2,94800,PICNIC_BASKET2,30115.0,15.0,30114.0,23.0,,,30120.0,1.0,30121.0,37.0,,,30117.5,0.0
2,94900,PICNIC_BASKET2,30110.0,2.0,30109.0,30.0,,,30115.0,15.0,30116.0,17.0,,,30112.5,0.0
2,95000,PICNIC_BASKET2,30106.0,13.0,30105.0,21.0,,,30108.0,8.0,30112.0,34.0,,,30107.0,0.0
2,95100,PICNIC_BASKET2,30106.0,38.0,,,,,30112.0,12.0,30113.0,26.0,,,30109.0,0.0
2,95200,PICNIC_BASKET2,30106.0,52.0,,,,,30109.0,6.0,30112.0,22.0,30113.0,30.0,30107.5,0.0
2,95300,PICNIC_BASKET2,30103.0,15.0,30102.0,15.0,,,30108.0,2.0,30109.0,28.0,,,30105.5,0.0
2,95400,PICNIC_BASKET2,30109.0,15.0,30108.0,27.0,,,30114.0,2.0,30115.0,40.0,,,30111.5,0.0
2,95500,PICNIC_BASKET2,30101.0,32.0,,,,,30107.0,16.0,30108.0,21.0,,,30104.0,0.0
2,95600,PICNIC_BASKET2,30103.0,1.0,30102.0,40.0,,,30108.0,15.0,30109.0,26.0,,,30105.5,0.0
2,95700,PICNIC_BASKET2,30098.0,1.0,30097.0,42.0,,,30103.0,16.0,30104.0,27.0,,,30100.5,0.0
2,95800,PICNIC_BASKET2,30095.0,36.0,,,,,30101.0,12.0,30102.0,24.0,,,30098.0,0.0
2,95900,PICNIC_BASKET2,30097.0,17.0,30096.0,22.0,,,30103.0,39.0,,,,,30100.0,0.0
2,96000,PICNIC_BASKET2,30099.0,1.0,30098.0,37.0,,,30104.0,21.0,30105.0,17.0,,,30101.5,0.0
2,96100,PICNIC_BASKET2,30097.0,19.0,30096.0,27.0,,,30103.0,46.0,,,,,30100.0,0.0
2,96200,PICNIC_BASKET2,30105.0,32.0,,,,,30112.0,32.0,,,,,30108.5,0.0
2,96300,PICNIC_BASKET2,30106.0,2.0,30105.0,43.0,,,30111.0,19.0,30112.0,26.0,,,30108.5,0.0
2,96400,PICNIC_BASKET2,30106.0,18.0,30105.0,20.0,,,30112.0,38.0,,,,,30109.0,0.0
2,96500,PICNIC_BASKET2,30106.0,17.0,30105.0,24.0,,,30112.0,41.0,,,,,30109.0,0.0
2,96600,PICNIC_BASKET2,30106.0,15.0,30105.0,20.0,,,30111.0,2.0,30112.0,33.0,,,30108.5,0.0
2,96700,PICNIC_BASKET2,30101.0,11.0,30100.0,19.0,,,30107.0,30.0,,,,,30104.0,0.0
2,96800,PICNIC_BASKET2,30103.0,25.0,,,,,30109.0,10.0,30110.0,15.0,,,30106.0,0.0
2,96900,PICNIC_BASKET2,30101.0,1.0,30100.0,38.0,,,30106.0,19.0,30107.0,20.0,,,30103.5,0.0
2,97000,PICNIC_BASKET2,30100.0,2.0,30099.0,43.0,,,30105.0,15.0,30106.0,30.0,,,30102.5,0.0
2,97100,PICNIC_BASKET2,30094.0,49.0,,,,,30100.0,20.0,30101.0,29.0,,,30097.0,0.0
2,97200,PICNIC_BASKET2,30093.0,15.0,30092.0,30.0,,,30098.0,2.0,30099.0,43.0,,,30095.5,0.0
2,97300,PICNIC_BASKET2,30090.0,45.0,,,,,30097.0,45.0,,,,,30093.5,0.0
2,97400,PICNIC_BASKET2,30089.0,21.0,30088.0,26.0,,,30094.0,1.0,30095.0,46.0,,,30091.5,0.0
2,97500,PICNIC_BASKET2,30086.0,36.0,,,,,30092.0,17.0,30093.0,19.0,,,30089.0,0.0
2,97600,PICNIC_BASKET2,30090.0,9.0,30089.0,19.0,,,30095.0,1.0,30096.0,31.0,,,30092.5,0.0
2,97700,PICNIC_BASKET2,30097.0,2.0,30096.0,37.0,,,30102.0,14.0,30103.0,25.0,,,30099.5,0.0
2,97800,PICNIC_BASKET2,30102.0,7.0,30100.0,2.0,30099.0,34.0,30105.0,2.0,30106.0,34.0,,,30103.5,0.0
2,97900,PICNIC_BASKET2,30102.0,31.0,,,,,30105.0,2.0,30108.0,16.0,30109.0,15.0,30103.5,0.0
2,98000,PICNIC_BASKET2,30102.0,15.0,30101.0,23.0,,,30108.0,38.0,,,,,30105.0,0.0
2,98100,PICNIC_BASKET2,30105.0,40.0,,,,,30111.0,12.0,30112.0,28.0,,,30108.0,0.0
2,98200,PICNIC_BASKET2,30103.0,45.0,,,,,30109.0,19.0,30110.0,26.0,,,30106.0,0.0
2,98300,PICNIC_BASKET2,30105.0,34.0,,,,,30111.0,21.0,30112.0,15.0,,,30108.0,0.0
2,98400,PICNIC_BASKET2,30105.0,47.0,,,,,30111.0,18.0,30112.0,29.0,,,30108.0,0.0
2,98500,PICNIC_BASKET2,30108.0,40.0,,,,,30115.0,40.0,,,,,30111.5,0.0
2,98600,PICNIC_BASKET2,30114.0,1.0,30112.0,2.0,30111.0,42.0,30117.0,19.0,30118.0,25.0,,,30115.5,0.0
2,98700,PICNIC_BASKET2,30111.0,22.0,30110.0,15.0,,,30116.0,2.0,30117.0,35.0,,,30113.5,0.0
2,98800,PICNIC_BASKET2,30113.0,48.0,,,,,30120.0,48.0,,,,,30116.5,0.0
2,98900,PICNIC_BASKET2,30110.0,13.0,30109.0,20.0,,,30116.0,33.0,,,,,30113.0,0.0
2,99000,PICNIC_BASKET2,30110.0,19.0,30109.0,26.0,,,30115.0,1.0,30116.0,44.0,,,30112.5,0.0
2,99100,PICNIC_BASKET2,30112.0,2.0,30111.0,38.0,,,30117.0,21.0,30118.0,19.0,,,30114.5,0.0
2,99200,PICNIC_BASKET2,30107.0,11.0,30106.0,16.0,,,30112.0,1.0,30113.0,26.0,,,30109.5,0.0
2,99300,PICNIC_BASKET2,30106.0,6.0,30104.0,20.0,30103.0,26.0,30109.0,2.0,30110.0,44.0,,,30107.5,0.0
2,99400,PICNIC_BASKET2,30103.0,2.0,30102.0,39.0,,,30108.0,2.0,30109.0,39.0,,,30105.5,0.0
2,99500,PICNIC_BASKET2,30104.0,12.0,30103.0,19.0,,,30110.0,31.0,,,,,30107.0,0.0
2,99600,PICNIC_BASKET2,30102.0,14.0,30101.0,24.0,,,30107.0,2.0,30108.0,36.0,,,30104.5,0.0
2,99700,PICNIC_BASKET2,30101.0,22.0,30100.0,17.0,,,30106.0,2.0,30107.0,37.0,,,30103.5,0.0
2,99800,PICNIC_BASKET2,30104.0,17.0,30103.0,21.0,,,30109.0,1.0,30110.0,37.0,,,30106.5,0.0
2,99900,PICNIC_BASKET2,30100.0,43.0,,,,,30107.0,43.0,,,,,30103.5,0.0
2,100000,PICNIC_BASKET2,30103.0,2.0,30102.0,30.0,,,30108.0,2.0,30109.0,30.0,,,30105.5,0.0
2,100100,PICNIC_BASKET2,30105.0,34.0,,,,,30111.0,14.0,30112.0,20.0,,,30108.0,0.0
2,100200,PICNIC_BASKET2,30105.0,2.0,30104.0,46.0,,,30110.0,19.0,30111.0,29.0,,,30107.5,0.0
2,100300,PICNIC_BASKET2,30110.0,16.0,30109.0,21.0,,,30112.0,4.0,30116.0,37.0,,,30111.0,0.0
2,100400,PICNIC_BASKET2,30111.0,14.0,30110.0,16.0,,,30116.0,2.0,30117.0,28.0,,,30113.5,0.0
2,100500,PICNIC_BASKET2,30111.0,10.0,30110.0,24.0,,,30117.0,34.0,,,,,30114.0,0.0
2,100600,PICNIC_BASKET2,30109.0,1.0,30108.0,39.0,,,30114.0,15.0,30115.0,25.0,,,30111.5,0.0
2,100700,PICNIC_BASKET2,30109.0,2.0,30108.0,30.0,,,30114.0,15.0,30115.0,17.0,,,30111.5,0.0
2,100800,PICNIC_BASKET2,30113.0,11.0,30112.0,17.0,,,30119.0,28.0,,,,,30116.0,0.0
2,100900,PICNIC_BASKET2,30112.0,8.0,30109.0,36.0,,,30115.0,17.0,30116.0,19.0,,,30113.5,0.0
2,101000,PICNIC_BASKET2,30103.0,12.0,30102.0,19.0,,,30108.0,1.0,30109.0,30.0,,,30105.5,0.0
2,101100,PICNIC_BASKET2,30105.0,14.0,30104.0,20.0,,,30110.0,1.0,30111.0,33.0,,,30107.5,0.0
2,101200,PICNIC_BASKET2,30104.0,2.0,30103.0,37.0,,,30109.0,22.0,30110.0,17.0,,,30106.5,0.0
2,101300,PICNIC_BASKET2,30100.0,18.0,30099.0,29.0,,,30105.0,1.0,30106.0,46.0,,,30102.5,0.0
2,101400,PICNIC_BASKET2,30097.0,10.0,30096.0,24.0,,,30103.0,34.0,,,,,30100.0,0.0
2,101500,PICNIC_BASKET2,30096.0,2.0,30095.0,36.0,,,30101.0,15.0,30102.0,23.0,,,30098.5,0.0
2,101600,PICNIC_BASKET2,30097.0,42.0,,,,,30103.0,17.0,30104.0,25.0,,,30100.0,0.0
2,101700,PICNIC_BASKET2,30098.0,34.0,,,,,30104.0,10.0,30105.0,24.0,,,30101.0,0.0
2,101800,PICNIC_BASKET2,30098.0,40.0,,,,,30104.0,14.0,30105.0,26.0,,,30101.0,0.0
2,101900,PICNIC_BASKET2,30102.0,2.0,30100.0,2.0,30099.0,26.0,30105.0,2.0,30106.0,26.0,,,30103.5,0.0
2,102000,PICNIC_BASKET2,30099.0,1.0,30098.0,47.0,,,30104.0,18.0,30105.0,30.0,,,30101.5,0.0
2,102100,PICNIC_BASKET2,30097.0,12.0,30096.0,29.0,,,30103.0,12.0,30104.0,29.0,,,30100.0,0.0
2,102200,PICNIC_BASKET2,30098.0,20.0,30097.0,24.0,,,30103.0,2.0,30104.0,42.0,,,30100.5,0.0
2,102300,PICNIC_BASKET2,30098.0,14.0,30097.0,27.0,,,30103.0,2.0,30104.0,39.0,,,30100.5,0.0
2,102400,PICNIC_BASKET2,30099.0,44.0,,,,,30105.0,14.0,30106.0,30.0,,,30102.0,0.0
2,102500,PICNIC_BASKET2,30106.0,1.0,30105.0,37.0,,,30111.0,15.0,30112.0,23.0,,,30108.5,0.0
2,102600,PICNIC_BASKET2,30109.0,19.0,30108.0,28.0,,,30115.0,47.0,,,,,30112.0,0.0
2,102700,PICNIC_BASKET2,30110.0,42.0,,,,,30116.0,12.0,30117.0,30.0,,,30113.0,0.0
2,102800,PICNIC_BASKET2,30110.0,14.0,30109.0,27.0,,,30112.0,2.0,30115.0,1.0,30116.0,40.0,30111.0,0.0
2,102900,PICNIC_BASKET2,30108.0,12.0,30107.0,21.0,,,30114.0,12.0,30115.0,21.0,,,30111.0,0.0
2,103000,PICNIC_BASKET2,30107.0,22.0,30106.0,19.0,,,30113.0,41.0,,,,,30110.0,0.0
2,103100,PICNIC_BASKET2,30107.0,20.0,30106.0,29.0,,,30112.0,1.0,30113.0,48.0,,,30109.5,0.0
2,103200,PICNIC_BASKET2,30108.0,1.0,30107.0,42.0,,,30113.0,20.0,30114.0,23.0,,,30110.5,0.0
2,103300,PICNIC_BASKET2,30107.0,1.0,30106.0,38.0,,,30112.0,13.0,30113.0,26.0,,,30109.5,0.0
2,103400,PICNIC_BASKET2,30106.0,16.0,30105.0,18.0,,,30112.0,34.0,,,,,30109.0,0.0
2,103500,PICNIC_BASKET2,30106.0,16.0,30105.0,25.0,,,30111.0,1.0,30112.0,40.0,,,30108.5,0.0
2,103600,PICNIC_BASKET2,30105.0,1.0,30103.0,2.0,30102.0,30.0,30108.0,14.0,30109.0,18.0,,,30106.5,0.0
2,103700,PICNIC_BASKET2,30108.0,1.0,30107.0,38.0,,,30110.0,1.0,30113.0,15.0,30114.0,24.0,30109.0,0.0
2,103800,PICNIC_BASKET2,30111.0,18.0,30110.0,24.0,,,30117.0,42.0,,,,,30114.0,0.0
2,103900,PICNIC_BASKET2,30115.0,19.0,30114.0,15.0,,,30121.0,34.0,,,,,30118.0,0.0
2,104000,PICNIC_BASKET2,30114.0,22.0,30113.0,16.0,,,30119.0,2.0,30120.0,36.0,,,30116.5,0.0
2,104100,PICNIC_BASKET2,30114.0,19.0,30113.0,29.0,,,30120.0,48.0,,,,,30117.0,0.0
2,104200,PICNIC_BASKET2,30111.0,3.0,30109.0,2.0,30108.0,31.0,30114.0,18.0,30115.0,15.0,,,30112.5,0.0
2,104300,PICNIC_BASKET2,30108.0,2.0,30107.0,50.0,,,30113.0,22.0,30114.0,30.0,,,30110.5,0.0
2,104400,PICNIC_BASKET2,30108.0,1.0,30107.0,28.0,,,30113.0,14.0,30114.0,15.0,,,30110.5,0.0
2,104500,PICNIC_BASKET2,30105.0,22.0,30104.0,28.0,,,30110.0,2.0,30111.0,48.0,,,30107.5,0.0
2,104600,PICNIC_BASKET2,30102.0,36.0,,,,,30108.0,12.0,30109.0,24.0,,,30105.0,0.0
2,104700,PICNIC_BASKET2,30103.0,44.0,,,,,30109.0,18.0,30110.0,26.0,,,30106.0,0.0
2,104800,PICNIC_BASKET2,30102.0,21.0,30101.0,24.0,,,30108.0,45.0,,,,,30105.0,0.0
2,104900,PICNIC_BASKET2,30106.0,2.0,30105.0,30.0,,,30111.0,16.0,30112.0,16.0,,,30108.5,0.0
2,105000,PICNIC_BASKET2,30102.0,15.0,30101.0,22.0,,,30107.0,2.0,30108.0,35.0,,,30104.5,0.0
2,105100,PICNIC_BASKET2,30102.0,16.0,30101.0,15.0,,,30107.0,2.0,30108.0,29.0,,,30104.5,0.0
2,105200,PICNIC_BASKET2,30101.0,18.0,30100.0,20.0,,,30107.0,38.0,,,,,30104.0,0.0
2,105300,PICNIC_BASKET2,30104.0,1.0,30103.0,41.0,,,30109.0,1.0,30110.0,41.0,,,30106.5,0.0
2,105400,PICNIC_BASKET2,30104.0,1.0,30103.0,40.0,,,30109.0,16.0,30110.0,25.0,,,30106.5,0.0
2,105500,PICNIC_BASKET2,30099.0,17.0,30098.0,25.0,,,30104.0,1.0,30105.0,41.0,,,30101.5,0.0
2,105600,PICNIC_BASKET2,30098.0,36.0,,,,,30101.0,1.0,30104.0,19.0,30105.0,17.0,30099.5,0.0
2,105700,PICNIC_BASKET2,30098.0,1.0,30097.0,44.0,,,30103.0,20.0,30104.0,25.0,,,30100.5,0.0
2,105800,PICNIC_BASKET2,30101.0,1.0,30100.0,33.0,,,30106.0,1.0,30107.0,33.0,,,30103.5,0.0
2,105900,PICNIC_BASKET2,30099.0,36.0,,,,,30105.0,18.0,30106.0,18.0,,,30102.0,0.0
2,106000,PICNIC_BASKET2,30101.0,12.0,30100.0,22.0,,,30107.0,12.0,30108.0,22.0,,,30104.0,0.0
2,106100,PICNIC_BASKET2,30101.0,17.0,30100.0,25.0,,,30107.0,42.0,,,,,30104.0,0.0
2,106200,PICNIC_BASKET2,30105.0,1.0,30104.0,41.0,,,30110.0,19.0,30111.0,23.0,,,30107.5,0.0
2,106300,PICNIC_BASKET2,30107.0,22.0,30106.0,27.0,,,30112.0,2.0,30113.0,47.0,,,30109.5,0.0
2,106400,PICNIC_BASKET2,30107.0,38.0,,,,,30113.0,18.0,30114.0,20.0,,,30110.0,0.0
2,106500,PICNIC_BASKET2,30110.0,2.0,30109.0,34.0,,,30115.0,21.0,30116.0,15.0,,,30112.5,0.0
2,106600,PICNIC_BASKET2,30109.0,36.0,,,,,30115.0,14.0,30116.0,22.0,,,30112.0,0.0
2,106700,PICNIC_BASKET2,30110.0,15.0,30109.0,15.0,,,30115.0,1.0,30116.0,29.0,,,30112.5,0.0
2,106800,PICNIC_BASKET2,30111.0,14.0,30110.0,30.0,,,30116.0,2.0,30117.0,42.0,,,30113.5,0.0
2,106900,PICNIC_BASKET2,30110.0,13.0,30109.0,19.0,,,30115.0,2.0,30116.0,30.0,,,30112.5,0.0
2,107000,PICNIC_BASKET2,30109.0,40.0,,,,,30115.0,10.0,30116.0,30.0,,,30112.0,0.0
2,107100,PICNIC_BASKET2,30110.0,12.0,30109.0,21.0,,,30115.0,1.0,30116.0,32.0,,,30112.5,0.0
2,107200,PICNIC_BASKET2,30110.0,20.0,30109.0,26.0,,,30112.0,8.0,30115.0,2.0,30116.0,44.0,30111.0,0.0
2,107300,PICNIC_BASKET2,30112.0,20.0,30111.0,16.0,,,30114.0,4.0,30117.0,2.0,30118.0,34.0,30113.0,0.0
2,107400,PICNIC_BASKET2,30111.0,17.0,30110.0,28.0,,,30113.0,2.0,30116.0,2.0,30117.0,43.0,30112.0,0.0
2,107500,PICNIC_BASKET2,30114.0,1.0,30113.0,39.0,,,30119.0,18.0,30120.0,22.0,,,30116.5,0.0
2,107600,PICNIC_BASKET2,30113.0,20.0,30112.0,24.0,,,30118.0,2.0,30119.0,42.0,,,30115.5,0.0
2,107700,PICNIC_BASKET2,30117.0,1.0,30116.0,33.0,,,30119.0,3.0,30122.0,1.0,30123.0,33.0,30118.0,0.0
2,107800,PICNIC_BASKET2,30122.0,2.0,30120.0,1.0,30119.0,30.0,30125.0,14.0,30126.0,17.0,,,30123.5,0.0
2,107900,PICNIC_BASKET2,30125.0,48.0,,,,,30131.0,18.0,30132.0,30.0,,,30128.0,0.0
2,108000,PICNIC_BASKET2,30125.0,32.0,,,,,30132.0,32.0,,,,,30128.5,0.0
2,108100,PICNIC_BASKET2,30126.0,13.0,30125.0,27.0,,,30132.0,40.0,,,,,30129.0,0.0
2,108200,PICNIC_BASKET2,30125.0,31.0,,,,,30131.0,11.0,30132.0,20.0,,,30128.0,0.0
2,108300,PICNIC_BASKET2,30124.0,11.0,30123.0,22.0,,,30130.0,11.0,30131.0,22.0,,,30127.0,0.0
2,108400,PICNIC_BASKET2,30123.0,19.0,30122.0,23.0,,,30125.0,2.0,30129.0,42.0,,,30124.0,0.0
2,108500,PICNIC_BASKET2,30131.0,17.0,30130.0,30.0,,,30137.0,47.0,,,,,30134.0,0.0
2,108600,PICNIC_BASKET2,30132.0,37.0,,,,,30138.0,15.0,30139.0,22.0,,,30135.0,0.0
2,108700,PICNIC_BASKET2,30130.0,19.0,30129.0,18.0,,,30136.0,37.0,,,,,30133.0,0.0
2,108800,PICNIC_BASKET2,30133.0,3.0,30130.0,35.0,,,30136.0,16.0,30137.0,19.0,,,30134.5,0.0
2,108900,PICNIC_BASKET2,30127.0,35.0,,,,,30133.0,12.0,30134.0,23.0,,,30130.0,0.0
2,109000,PICNIC_BASKET2,30126.0,17.0,30125.0,23.0,,,30131.0,2.0,30132.0,38.0,,,30128.5,0.0
2,109100,PICNIC_BASKET2,30122.0,14.0,30121.0,23.0,,,30127.0,2.0,30128.0,35.0,,,30124.5,0.0
2,109200,PICNIC_BASKET2,30116.0,12.0,30115.0,15.0,,,30122.0,27.0,,,,,30119.0,0.0
2,109300,PICNIC_BASKET2,30118.0,1.0,30117.0,41.0,,,30123.0,1.0,30124.0,41.0,,,30120.5,0.0
2,109400,PICNIC_BASKET2,30117.0,12.0,30116.0,24.0,,,30122.0,1.0,30123.0,35.0,,,30119.5,0.0
2,109500,PICNIC_BASKET2,30115.0,36.0,,,,,30121.0,20.0,30122.0,16.0,,,30118.0,0.0
2,109600,PICNIC_BASKET2,30112.0,12.0,30111.0,16.0,,,30118.0,31.0,,,,,30115.0,0.0
2,109700,PICNIC_BASKET2,30111.0,47.0,,,,,30118.0,47.0,,,,,30114.5,0.0
2,109800,PICNIC_BASKET2,30114.0,12.0,30113.0,17.0,,,30120.0,29.0,,,,,30117.0,0.0
2,109900,PICNIC_BASKET2,30114.0,32.0,,,,,30120.0,15.0,30121.0,17.0,,,30117.0,0.0
2,110000,PICNIC_BASKET2,30115.0,38.0,,,,,30121.0,12.0,30122.0,26.0,,,30118.0,0.0
2,110100,PICNIC_BASKET2,30116.0,1.0,30115.0,36.0,,,30121.0,18.0,30122.0,19.0,,,30118.5,0.0
2,110200,PICNIC_BASKET2,30117.0,6.0,30114.0,39.0,,,30121.0,39.0,,,,,30119.0,0.0
2,110300,PICNIC_BASKET2,30113.0,14.0,30112.0,28.0,,,30118.0,2.0,30119.0,40.0,,,30115.5,0.0
2,110400,PICNIC_BASKET2,30112.0,26.0,,,,,30118.0,10.0,30119.0,22.0,,,30115.0,0.0
2,110500,PICNIC_BASKET2,30114.0,35.0,,,,,30120.0,16.0,30121.0,19.0,,,30117.0,0.0
2,110600,PICNIC_BASKET2,30116.0,14.0,30115.0,17.0,,,30122.0,31.0,,,,,30119.0,0.0
2,110700,PICNIC_BASKET2,30112.0,1.0,30111.0,29.0,,,30117.0,11.0,30118.0,19.0,,,30114.5,0.0
2,110800,PICNIC_BASKET2,30108.0,2.0,30107.0,34.0,,,30113.0,16.0,30114.0,20.0,,,30110.5,0.0
2,110900,PICNIC_BASKET2,30109.0,19.0,30108.0,20.0,,,30115.0,39.0,,,,,30112.0,0.0
2,111000,PICNIC_BASKET2,30107.0,1.0,30106.0,42.0,,,30112.0,1.0,30113.0,42.0,,,30109.5,0.0
2,111100,PICNIC_BASKET2,30105.0,2.0,30102.0,43.0,,,30108.0,14.0,30109.0,29.0,,,30106.5,0.0
2,111200,PICNIC_BASKET2,30100.0,13.0,30099.0,19.0,,,30105.0,2.0,30106.0,30.0,,,30102.5,0.0
2,111300,PICNIC_BASKET2,30100.0,1.0,30099.0,33.0,,,30105.0,16.0,30106.0,18.0,,,30102.5,0.0
2,111400,PICNIC_BASKET2,30098.0,46.0,,,,,30104.0,17.0,30105.0,29.0,,,30101.0,0.0
2,111500,PICNIC_BASKET2,30100.0,16.0,30099.0,29.0,,,30106.0,45.0,,,,,30103.0,0.0
2,111600,PICNIC_BASKET2,30101.0,1.0,30100.0,34.0,,,30106.0,20.0,30107.0,15.0,,,30103.5,0.0
2,111700,PICNIC_BASKET2,30100.0,1.0,30099.0,40.0,,,30105.0,19.0,30106.0,22.0,,,30102.5,0.0
2,111800,PICNIC_BASKET2,30097.0,33.0,,,,,30104.0,33.0,,,,,30100.5,0.0
2,111900,PICNIC_BASKET2,30094.0,15.0,30093.0,16.0,,,30100.0,31.0,,,,,30097.0,0.0
2,112000,PICNIC_BASKET2,30096.0,43.0,,,,,30102.0,16.0,30103.0,27.0,,,30099.0,0.0
2,112100,PICNIC_BASKET2,30094.0,44.0,,,,,30100.0,18.0,30101.0,26.0,,,30097.0,0.0
2,112200,PICNIC_BASKET2,30096.0,2.0,30095.0,46.0,,,30101.0,20.0,30102.0,28.0,,,30098.5,0.0
2,112300,PICNIC_BASKET2,30098.0,13.0,30097.0,22.0,,,30103.0,1.0,30104.0,34.0,,,30100.5,0.0
2,112400,PICNIC_BASKET2,30096.0,35.0,,,,,30102.0,19.0,30103.0,16.0,,,30099.0,0.0
2,112500,PICNIC_BASKET2,30096.0,17.0,30095.0,25.0,,,30102.0,42.0,,,,,30099.0,0.0
2,112600,PICNIC_BASKET2,30096.0,30.0,,,,,30102.0,15.0,30103.0,15.0,,,30099.0,0.0
2,112700,PICNIC_BASKET2,30096.0,2.0,30095.0,30.0,,,30101.0,13.0,30102.0,19.0,,,30098.5,0.0
2,112800,PICNIC_BASKET2,30097.0,35.0,,,,,30103.0,14.0,30104.0,21.0,,,30100.0,0.0
2,112900,PICNIC_BASKET2,30099.0,11.0,30098.0,21.0,,,30105.0,32.0,,,,,30102.0,0.0
2,113000,PICNIC_BASKET2,30099.0,12.0,30098.0,26.0,,,30105.0,38.0,,,,,30102.0,0.0
2,113100,PICNIC_BASKET2,30100.0,39.0,,,,,30107.0,39.0,,,,,30103.5,0.0
2,113200,PICNIC_BASKET2,30104.0,34.0,,,,,30110.0,18.0,30111.0,16.0,,,30107.0,0.0
2,113300,PICNIC_BASKET2,30107.0,18.0,30106.0,30.0,,,30113.0,48.0,,,,,30110.0,0.0
2,113400,PICNIC_BASKET2,30107.0,1.0,30106.0,33.0,,,30112.0,17.0,30113.0,17.0,,,30109.5,0.0
2,113500,PICNIC_BASKET2,30107.0,22.0,30106.0,27.0,,,30113.0,49.0,,,,,30110.0,0.0
2,113600,PICNIC_BASKET2,30110.0,3.0,30108.0,14.0,30107.0,28.0,30113.0,2.0,30114.0,40.0,,,30111.5,0.0
2,113700,PICNIC_BASKET2,30107.0,30.0,,,,,30113.0,14.0,30114.0,16.0,,,30110.0,0.0
2,113800,PICNIC_BASKET2,30110.0,37.0,,,,,30116.0,14.0,30117.0,23.0,,,30113.0,0.0
2,113900,PICNIC_BASKET2,30110.0,1.0,30109.0,49.0,,,30115.0,21.0,30116.0,29.0,,,30112.5,0.0
2,114000,PICNIC_BASKET2,30114.0,43.0,,,,,30120.0,16.0,30121.0,27.0,,,30117.0,0.0
2,114100,PICNIC_BASKET2,30115.0,2.0,30113.0,16.0,30112.0,28.0,30118.0,2.0,30119.0,42.0,,,30116.5,0.0
2,114200,PICNIC_BASKET2,30112.0,1.0,30111.0,36.0,,,30117.0,20.0,30118.0,17.0,,,30114.5,0.0
2,114300,PICNIC_BASKET2,30109.0,16.0,30108.0,30.0,,,30114.0,2.0,30115.0,44.0,,,30111.5,0.0
2,114400,PICNIC_BASKET2,30116.0,3.0,30114.0,16.0,30113.0,15.0,30120.0,31.0,,,,,30118.0,0.0
2,114500,PICNIC_BASKET2,30118.0,13.0,30117.0,27.0,,,30124.0,40.0,,,,,30121.0,0.0
2,114600,PICNIC_BASKET2,30124.0,2.0,30123.0,43.0,,,30129.0,21.0,30130.0,24.0,,,30126.5,0.0
2,114700,PICNIC_BASKET2,30127.0,16.0,30126.0,27.0,,,30133.0,43.0,,,,,30130.0,0.0
2,114800,PICNIC_BASKET2,30130.0,36.0,,,,,30136.0,16.0,30137.0,20.0,,,30133.0,0.0
2,114900,PICNIC_BASKET2,30129.0,19.0,30128.0,30.0,,,30134.0,2.0,30135.0,47.0,,,30131.5,0.0
2,115000,PICNIC_BASKET2,30132.0,20.0,30131.0,19.0,,,30138.0,20.0,30139.0,19.0,,,30135.0,0.0
2,115100,PICNIC_BASKET2,30136.0,10.0,30135.0,26.0,,,30142.0,38.0,,,,,30139.0,0.0
2,115200,PICNIC_BASKET2,30134.0,18.0,30133.0,17.0,,,30139.0,1.0,30140.0,34.0,,,30136.5,0.0
2,115300,PICNIC_BASKET2,30134.0,45.0,,,,,30140.0,19.0,30141.0,26.0,,,30137.0,0.0
2,115400,PICNIC_BASKET2,30133.0,1.0,30132.0,38.0,,,30138.0,18.0,30139.0,21.0,,,30135.5,0.0
2,115500,PICNIC_BASKET2,30134.0,35.0,,,,,30140.0,13.0,30141.0,22.0,,,30137.0,0.0
2,115600,PICNIC_BASKET2,30131.0,2.0,30130.0,30.0,,,30136.0,2.0,30137.0,30.0,,,30133.5,0.0
2,115700,PICNIC_BASKET2,30135.0,2.0,30134.0,38.0,,,30140.0,21.0,30141.0,19.0,,,30137.5,0.0
2,115800,PICNIC_BASKET2,30137.0,35.0,,,,,30143.0,16.0,30144.0,19.0,,,30140.0,0.0
2,115900,PICNIC_BASKET2,30141.0,12.0,30140.0,28.0,,,30146.0,1.0,30147.0,39.0,,,30143.5,0.0
2,116000,PICNIC_BASKET2,30141.0,11.0,30140.0,25.0,,,30147.0,36.0,,,,,30144.0,0.0
