timestamp,buyer,seller,symbol,currency,price,quantity
1300,Pablo,Camilla,PICNIC_BASKET1,SEASHELLS,58732.0,6
5700,Caesar,Pablo,PICNIC_BASKET1,SEASHELLS,58704.0,1
5700,Camilla,Pablo,PICNIC_BASKET1,SEASHELLS,58703.0,1
8900,Pablo,Caesar,PICNIC_BASKET1,SEASHELLS,58772.0,2
8900,Pablo,Camilla,PICNIC_BASKET1,SEASHELLS,58772.0,1
9100,Caesar,Penelope,PICNIC_BASKET1,SEASHELLS,58767.0,1
13200,Caesar,Penelope,PICNIC_BASKET1,SEASHELLS,58793.0,1
21000,Penelope,Caesar,PICNIC_BASKET1,SEASHELLS,58805.0,2
23900,Camilla,Pablo,PICNIC_BASKET1,SEASHELLS,58844.0,6
25100,Penelope,Caesar,PICNIC_BASKET1,SEASHELLS,58861.0,1
25400,Caesar,Penelope,PICNIC_BASKET1,SEASHELLS,58852.0,2
26400,Caesar,Pablo,PICNIC_BASKET1,SEASHELLS,58851.0,1
26400,Camilla,Pablo,PICNIC_BASKET1,SEASHELLS,58850.0,6
32400,Caesar,Penelope,PICNIC_BASKET1,SEASHELLS,58834.0,1
33600,Penelope,Caesar,PICNIC_BASKET1,SEASHELLS,58862.0,2
37000,Penelope,Camilla,PICNIC_BASKET1,SEASHELLS,58867.0,9
37300,Penelope,Camilla,PICNIC_BASKET1,SEASHELLS,58870.0,10
39300,Penelope,Caesar,PICNIC_BASKET1,SEASHELLS,58840.0,5
41400,Caesar,Pablo,PICNIC_BASKET1,SEASHELLS,58838.0,2
44800,Caesar,Pablo,PICNIC_BASKET1,SEASHELLS,58829.0,1
44800,Camilla,Pablo,PICNIC_BASKET1,SEASHELLS,58828.0,1
45200,Penelope,Camilla,PICNIC_BASKET1,SEASHELLS,58843.0,7
48300,Penelope,Caesar,PICNIC_BASKET1,SEASHELLS,58838.0,2
50200,Caesar,Penelope,PICNIC_BASKET1,SEASHELLS,58832.0,1
52500,Caesar,Pablo,PICNIC_BASKET1,SEASHELLS,58838.0,2
52500,Camilla,Pablo,PICNIC_BASKET1,SEASHELLS,58837.0,2
56300,Caesar,Penelope,PICNIC_BASKET1,SEASHELLS,58822.0,2
57100,Penelope,Camilla,PICNIC_BASKET1,SEASHELLS,58838.0,6
58400,Penelope,Camilla,PICNIC_BASKET1,SEASHELLS,58824.0,5
58600,Caesar,Penelope,PICNIC_BASKET1,SEASHELLS,58813.0,1
59100,Pablo,Caesar,PICNIC_BASKET1,SEASHELLS,58824.0,2
59200,Penelope,Caesar,PICNIC_BASKET1,SEASHELLS,58833.0,2
59800,Penelope,Camilla,PICNIC_BASKET1,SEASHELLS,58834.0,6
60000,Pablo,Caesar,PICNIC_BASKET1,SEASHELLS,58841.0,8
60300,Penelope,Caesar,PICNIC_BASKET1,SEASHELLS,58849.0,2
66400,Caesar,Pablo,PICNIC_BASKET1,SEASHELLS,58832.0,2
66400,Camilla,Pablo,PICNIC_BASKET1,SEASHELLS,58831.0,3
67400,Camilla,Pablo,PICNIC_BASKET1,SEASHELLS,58836.0,2
68100,Caesar,Penelope,PICNIC_BASKET1,SEASHELLS,58828.0,2
69500,Caesar,Pablo,PICNIC_BASKET1,SEASHELLS,58854.0,1
70300,Caesar,Pablo,PICNIC_BASKET1,SEASHELLS,58864.0,1
70300,Camilla,Pablo,PICNIC_BASKET1,SEASHELLS,58863.0,7
72100,Camilla,Pablo,PICNIC_BASKET1,SEASHELLS,58904.0,8
72700,Camilla,Penelope,PICNIC_BASKET1,SEASHELLS,58898.0,8
73500,Charlie,Penelope,PICNIC_BASKET1,SEASHELLS,58900.0,6
73700,Penelope,Camilla,PICNIC_BASKET1,SEASHELLS,58917.0,8
74500,Caesar,Pablo,PICNIC_BASKET1,SEASHELLS,58892.0,2
74500,Camilla,Penelope,PICNIC_BASKET1,SEASHELLS,58891.0,10
81900,Pablo,Caesar,PICNIC_BASKET1,SEASHELLS,58894.0,2
81900,Pablo,Camilla,PICNIC_BASKET1,SEASHELLS,58894.0,6
82500,Caesar,Penelope,PICNIC_BASKET1,SEASHELLS,58897.0,2
84100,Pablo,Caesar,PICNIC_BASKET1,SEASHELLS,58883.0,2
84100,Pablo,Camilla,PICNIC_BASKET1,SEASHELLS,58883.0,3
84800,Camilla,Pablo,PICNIC_BASKET1,SEASHELLS,58896.0,8
86700,Camilla,Pablo,PICNIC_BASKET1,SEASHELLS,58885.0,2
87700,Pablo,Caesar,PICNIC_BASKET1,SEASHELLS,58910.0,1
87700,Pablo,Camilla,PICNIC_BASKET1,SEASHELLS,58910.0,7
87700,Penelope,Camilla,PICNIC_BASKET1,SEASHELLS,58911.0,9
88000,Caesar,Penelope,PICNIC_BASKET1,SEASHELLS,58903.0,1
89900,Penelope,Charlie,PICNIC_BASKET1,SEASHELLS,58887.0,10
90700,Caesar,Pablo,PICNIC_BASKET1,SEASHELLS,58874.0,2
90700,Camilla,Pablo,PICNIC_BASKET1,SEASHELLS,58874.0,6
91300,Penelope,Caesar,PICNIC_BASKET1,SEASHELLS,58891.0,1
91800,Caesar,Pablo,PICNIC_BASKET1,SEASHELLS,58890.0,2
91800,Camilla,Pablo,PICNIC_BASKET1,SEASHELLS,58889.0,1
92100,Charlie,Penelope,PICNIC_BASKET1,SEASHELLS,58900.0,8
93500,Penelope,Caesar,PICNIC_BASKET1,SEASHELLS,58930.0,2
95500,Camilla,Pablo,PICNIC_BASKET1,SEASHELLS,58914.0,5
97500,Camilla,Penelope,PICNIC_BASKET1,SEASHELLS,58902.0,5
97600,Caesar,Pablo,PICNIC_BASKET1,SEASHELLS,58901.0,1
97600,Camilla,Pablo,PICNIC_BASKET1,SEASHELLS,58900.0,3
97900,Caesar,Penelope,PICNIC_BASKET1,SEASHELLS,58911.0,2
98300,Caesar,Pablo,PICNIC_BASKET1,SEASHELLS,58910.0,1
98300,Camilla,Pablo,PICNIC_BASKET1,SEASHELLS,58909.0,1
98300,Camilla,Penelope,PICNIC_BASKET1,SEASHELLS,58909.0,10
109200,Penelope,Camilla,PICNIC_BASKET1,SEASHELLS,58929.0,7
109600,Caesar,Pablo,PICNIC_BASKET1,SEASHELLS,58922.0,1
109600,Camilla,Pablo,PICNIC_BASKET1,SEASHELLS,58922.0,2
109900,Penelope,Camilla,PICNIC_BASKET1,SEASHELLS,58944.0,5
110400,Camilla,Pablo,PICNIC_BASKET1,SEASHELLS,58945.0,6
111700,Caesar,Penelope,PICNIC_BASKET1,SEASHELLS,58931.0,1
111800,Camilla,Penelope,PICNIC_BASKET1,SEASHELLS,58931.0,5
115100,Camilla,Pablo,PICNIC_BASKET1,SEASHELLS,58954.0,2
117400,Caesar,Pablo,PICNIC_BASKET1,SEASHELLS,58960.0,2
117400,Camilla,Pablo,PICNIC_BASKET1,SEASHELLS,58959.0,1
117400,Penelope,Caesar,PICNIC_BASKET1,SEASHELLS,58969.0,2
118600,Camilla,Penelope,PICNIC_BASKET1,SEASHELLS,58974.0,9
125000,Penelope,Caesar,PICNIC_BASKET1,SEASHELLS,58925.0,2
126000,Penelope,Caesar,PICNIC_BASKET1,SEASHELLS,58913.0,2
131100,Caesar,Pablo,PICNIC_BASKET1,SEASHELLS,58884.0,2
131100,Camilla,Pablo,PICNIC_BASKET1,SEASHELLS,58883.0,1
133300,Penelope,Camilla,PICNIC_BASKET1,SEASHELLS,58881.0,8
134300,Camilla,Penelope,PICNIC_BASKET1,SEASHELLS,58878.0,10
136900,Caesar,Pablo,PICNIC_BASKET1,SEASHELLS,58860.0,2
136900,Camilla,Pablo,PICNIC_BASKET1,SEASHELLS,58859.0,6
137000,Camilla,Penelope,PICNIC_BASKET1,SEASHELLS,58854.0,6
138000,Caesar,Pablo,PICNIC_BASKET1,SEASHELLS,58851.0,2
138000,Camilla,Pablo,PICNIC_BASKET1,SEASHELLS,58851.0,5
138100,Camilla,Pablo,PICNIC_BASKET1,SEASHELLS,58854.0,3
141200,Caesar,Pablo,PICNIC_BASKET1,SEASHELLS,58831.0,1
142800,Caesar,Pablo,PICNIC_BASKET1,SEASHELLS,58819.0,2
145700,Caesar,Pablo,PICNIC_BASKET1,SEASHELLS,58778.0,1
145700,Camilla,Pablo,PICNIC_BASKET1,SEASHELLS,58777.0,1
147500,Penelope,Caesar,PICNIC_BASKET1,SEASHELLS,58795.0,2
148200,Penelope,Caesar,PICNIC_BASKET1,SEASHELLS,58795.0,1
150300,Penelope,Caesar,PICNIC_BASKET1,SEASHELLS,58795.0,2
153600,Caesar,Pablo,PICNIC_BASKET1,SEASHELLS,58771.0,2
154900,Caesar,Pablo,PICNIC_BASKET1,SEASHELLS,58771.0,1
154900,Camilla,Pablo,PICNIC_BASKET1,SEASHELLS,58770.0,2
157300,Camilla,Pablo,PICNIC_BASKET1,SEASHELLS,58765.0,8
159100,Caesar,Pablo,PICNIC_BASKET1,SEASHELLS,58752.0,2
162100,Caesar,Pablo,PICNIC_BASKET1,SEASHELLS,58751.0,1
162100,Camilla,Pablo,PICNIC_BASKET1,SEASHELLS,58751.0,4
163300,Caesar,Penelope,PICNIC_BASKET1,SEASHELLS,58758.0,1
167400,Camilla,Penelope,PICNIC_BASKET1,SEASHELLS,58720.0,6
169400,Camilla,Penelope,PICNIC_BASKET1,SEASHELLS,58700.0,10
172300,Caesar,Penelope,PICNIC_BASKET1,SEASHELLS,58724.0,2
172600,Caesar,Penelope,PICNIC_BASKET1,SEASHELLS,58725.0,1
175200,Caesar,Penelope,PICNIC_BASKET1,SEASHELLS,58768.0,1
175300,Pablo,Caesar,PICNIC_BASKET1,SEASHELLS,58774.0,2
176500,Caesar,Penelope,PICNIC_BASKET1,SEASHELLS,58775.0,1
176800,Pablo,Caesar,PICNIC_BASKET1,SEASHELLS,58775.0,4
179900,Camilla,Penelope,PICNIC_BASKET1,SEASHELLS,58735.0,10
180300,Pablo,Caesar,PICNIC_BASKET1,SEASHELLS,58749.0,2
180300,Pablo,Camilla,PICNIC_BASKET1,SEASHELLS,58749.0,4
180800,Pablo,Camilla,PICNIC_BASKET1,SEASHELLS,58754.0,6
181400,Caesar,Penelope,PICNIC_BASKET1,SEASHELLS,58736.0,2
182100,Charlie,Penelope,PICNIC_BASKET1,SEASHELLS,58734.0,7
184900,Caesar,Penelope,PICNIC_BASKET1,SEASHELLS,58678.0,1
191100,Caesar,Penelope,PICNIC_BASKET1,SEASHELLS,58674.0,2
191200,Camilla,Pablo,PICNIC_BASKET1,SEASHELLS,58674.0,7
192600,Caesar,Pablo,PICNIC_BASKET1,SEASHELLS,58687.0,2
192600,Camilla,Pablo,PICNIC_BASKET1,SEASHELLS,58687.0,5
192800,Penelope,Camilla,PICNIC_BASKET1,SEASHELLS,58714.0,8
193000,Penelope,Camilla,PICNIC_BASKET1,SEASHELLS,58719.0,5
193200,Penelope,Camilla,PICNIC_BASKET1,SEASHELLS,58716.0,9
196000,Camilla,Pablo,PICNIC_BASKET1,SEASHELLS,58697.0,6
198200,Caesar,Pablo,PICNIC_BASKET1,SEASHELLS,58710.0,1
198200,Camilla,Pablo,PICNIC_BASKET1,SEASHELLS,58709.0,3
202000,Caesar,Pablo,PICNIC_BASKET1,SEASHELLS,58715.0,1
202000,Camilla,Pablo,PICNIC_BASKET1,SEASHELLS,58714.0,5
203600,Caesar,Pablo,PICNIC_BASKET1,SEASHELLS,58708.0,2
203600,Camilla,Pablo,PICNIC_BASKET1,SEASHELLS,58708.0,2
209200,Penelope,Caesar,PICNIC_BASKET1,SEASHELLS,58742.0,2
210000,Caesar,Penelope,PICNIC_BASKET1,SEASHELLS,58729.0,1
211800,Penelope,Camilla,PICNIC_BASKET1,SEASHELLS,58709.0,6
212400,Pablo,Caesar,PICNIC_BASKET1,SEASHELLS,58703.0,2
212700,Caesar,Pablo,PICNIC_BASKET1,SEASHELLS,58692.0,1
212700,Camilla,Pablo,PICNIC_BASKET1,SEASHELLS,58691.0,2
213400,Camilla,Penelope,PICNIC_BASKET1,SEASHELLS,58668.0,5
215300,Caesar,Penelope,PICNIC_BASKET1,SEASHELLS,58662.0,2
217900,Penelope,Caesar,PICNIC_BASKET1,SEASHELLS,58691.0,1
219200,Caesar,Penelope,PICNIC_BASKET1,SEASHELLS,58692.0,2
221000,Camilla,Penelope,PICNIC_BASKET1,SEASHELLS,58702.0,5
222800,Pablo,Caesar,PICNIC_BASKET1,SEASHELLS,58704.0,2
222800,Pablo,Camilla,PICNIC_BASKET1,SEASHELLS,58704.0,2
223600,Pablo,Caesar,PICNIC_BASKET1,SEASHELLS,58701.0,2
223600,Pablo,Camilla,PICNIC_BASKET1,SEASHELLS,58701.0,3
223700,Pablo,Caesar,PICNIC_BASKET1,SEASHELLS,58705.0,1
223700,Pablo,Camilla,PICNIC_BASKET1,SEASHELLS,58705.0,5
226300,Pablo,Camilla,PICNIC_BASKET1,SEASHELLS,58698.0,4
228600,Camilla,Penelope,PICNIC_BASKET1,SEASHELLS,58667.0,8
230700,Pablo,Caesar,PICNIC_BASKET1,SEASHELLS,58669.0,1
232500,Caesar,Penelope,PICNIC_BASKET1,SEASHELLS,58656.0,6
232900,Penelope,Camilla,PICNIC_BASKET1,SEASHELLS,58646.0,10
234600,Camilla,Penelope,PICNIC_BASKET1,SEASHELLS,58653.0,8
240600,Caesar,Penelope,PICNIC_BASKET1,SEASHELLS,58667.0,2
243200,Caesar,Penelope,PICNIC_BASKET1,SEASHELLS,58662.0,2
245200,Pablo,Caesar,PICNIC_BASKET1,SEASHELLS,58677.0,2
245200,Pablo,Camilla,PICNIC_BASKET1,SEASHELLS,58677.0,2
247100,Caesar,Pablo,PICNIC_BASKET1,SEASHELLS,58627.0,1
249000,Camilla,Pablo,PICNIC_BASKET1,SEASHELLS,58613.0,2
249900,Penelope,Camilla,PICNIC_BASKET1,SEASHELLS,58612.0,10
253200,Penelope,Caesar,PICNIC_BASKET1,SEASHELLS,58617.0,1
253300,Penelope,Caesar,PICNIC_BASKET1,SEASHELLS,58611.0,2
257700,Penelope,Caesar,PICNIC_BASKET1,SEASHELLS,58648.0,2
259200,Caesar,Pablo,PICNIC_BASKET1,SEASHELLS,58659.0,1
259200,Camilla,Pablo,PICNIC_BASKET1,SEASHELLS,58659.0,7
259500,Pablo,Caesar,PICNIC_BASKET1,SEASHELLS,58665.0,2
259500,Pablo,Penelope,PICNIC_BASKET1,SEASHELLS,58665.0,3
260800,Caesar,Penelope,PICNIC_BASKET1,SEASHELLS,58652.0,2
262500,Penelope,Caesar,PICNIC_BASKET1,SEASHELLS,58639.0,1
263600,Pablo,Caesar,PICNIC_BASKET1,SEASHELLS,58609.0,2
263600,Pablo,Camilla,PICNIC_BASKET1,SEASHELLS,58609.0,5
264100,Camilla,Penelope,PICNIC_BASKET1,SEASHELLS,58602.0,10
268600,Pablo,Caesar,PICNIC_BASKET1,SEASHELLS,58554.0,2
268600,Pablo,Camilla,PICNIC_BASKET1,SEASHELLS,58554.0,6
273200,Caesar,Penelope,PICNIC_BASKET1,SEASHELLS,58567.0,2
273800,Caesar,Pablo,PICNIC_BASKET1,SEASHELLS,58571.0,1
273800,Camilla,Pablo,PICNIC_BASKET1,SEASHELLS,58570.0,4
275400,Camilla,Pablo,PICNIC_BASKET1,SEASHELLS,58563.0,8
276300,Camilla,Pablo,PICNIC_BASKET1,SEASHELLS,58558.0,4
276400,Caesar,Pablo,PICNIC_BASKET1,SEASHELLS,58556.0,1
276400,Camilla,Pablo,PICNIC_BASKET1,SEASHELLS,58556.0,1
277500,Penelope,Caesar,PICNIC_BASKET1,SEASHELLS,58550.0,1
278000,Pablo,Caesar,PICNIC_BASKET1,SEASHELLS,58538.0,2
286600,Pablo,Caesar,PICNIC_BASKET1,SEASHELLS,58501.0,1
289100,Caesar,Pablo,PICNIC_BASKET1,SEASHELLS,58457.0,1
289100,Camilla,Pablo,PICNIC_BASKET1,SEASHELLS,58457.0,5
289200,Penelope,Caesar,PICNIC_BASKET1,SEASHELLS,58470.0,2
289900,Pablo,Camilla,PICNIC_BASKET1,SEASHELLS,58486.0,5
291500,Penelope,Caesar,PICNIC_BASKET1,SEASHELLS,58477.0,3
296400,Pablo,Caesar,PICNIC_BASKET1,SEASHELLS,58514.0,4
296400,Pablo,Caesar,PICNIC_BASKET1,SEASHELLS,58519.0,1
296400,Pablo,Camilla,PICNIC_BASKET1,SEASHELLS,58519.0,3
297400,Caesar,Pablo,PICNIC_BASKET1,SEASHELLS,58520.0,1
297400,Camilla,Pablo,PICNIC_BASKET1,SEASHELLS,58519.0,1
298900,Pablo,Caesar,PICNIC_BASKET1,SEASHELLS,58513.0,2
298900,Pablo,Camilla,PICNIC_BASKET1,SEASHELLS,58513.0,5
299500,Penelope,Caesar,PICNIC_BASKET1,SEASHELLS,58502.0,1
302600,Penelope,Caesar,PICNIC_BASKET1,SEASHELLS,58498.0,2
302800,Pablo,Camilla,PICNIC_BASKET1,SEASHELLS,58493.0,5
308800,Pablo,Camilla,PICNIC_BASKET1,SEASHELLS,58461.0,2
310300,Caesar,Pablo,PICNIC_BASKET1,SEASHELLS,58436.0,8
313200,Caesar,Penelope,PICNIC_BASKET1,SEASHELLS,58418.0,2
313600,Camilla,Penelope,PICNIC_BASKET1,SEASHELLS,58419.0,6
314600,Penelope,Caesar,PICNIC_BASKET1,SEASHELLS,58447.0,2
315500,Pablo,Caesar,PICNIC_BASKET1,SEASHELLS,58462.0,2
317900,Pablo,Camilla,PICNIC_BASKET1,SEASHELLS,58447.0,5
318000,Penelope,Caesar,PICNIC_BASKET1,SEASHELLS,58447.0,2
318100,Charlie,Penelope,PICNIC_BASKET1,SEASHELLS,58442.0,9
320600,Caesar,Pablo,PICNIC_BASKET1,SEASHELLS,58445.0,3
320800,Caesar,Penelope,PICNIC_BASKET1,SEASHELLS,58444.0,1
323600,Penelope,Camilla,PICNIC_BASKET1,SEASHELLS,58436.0,8
325400,Caesar,Pablo,PICNIC_BASKET1,SEASHELLS,58418.0,1
325400,Camilla,Pablo,PICNIC_BASKET1,SEASHELLS,58417.0,7
328000,Caesar,Penelope,PICNIC_BASKET1,SEASHELLS,58413.0,1
329200,Caesar,Penelope,PICNIC_BASKET1,SEASHELLS,58400.0,2
329300,Caesar,Penelope,PICNIC_BASKET1,SEASHELLS,58404.0,1
329800,Caesar,Pablo,PICNIC_BASKET1,SEASHELLS,58399.0,1
329800,Camilla,Pablo,PICNIC_BASKET1,SEASHELLS,58398.0,5
331000,Camilla,Caesar,PICNIC_BASKET1,SEASHELLS,58429.0,1
331500,Charlie,Penelope,PICNIC_BASKET1,SEASHELLS,58435.0,8
332000,Camilla,Penelope,PICNIC_BASKET1,SEASHELLS,58450.0,7
334000,Pablo,Camilla,PICNIC_BASKET1,SEASHELLS,58457.0,3
334300,Camilla,Pablo,PICNIC_BASKET1,SEASHELLS,58439.0,8
336200,Camilla,Pablo,PICNIC_BASKET1,SEASHELLS,58448.0,2
336700,Penelope,Caesar,PICNIC_BASKET1,SEASHELLS,58468.0,1
336900,Caesar,Pablo,PICNIC_BASKET1,SEASHELLS,58457.0,2
342300,Caesar,Pablo,PICNIC_BASKET1,SEASHELLS,58469.0,1
342300,Camilla,Pablo,PICNIC_BASKET1,SEASHELLS,58468.0,2
342900,Camilla,Pablo,PICNIC_BASKET1,SEASHELLS,58476.0,3
344600,Caesar,Penelope,PICNIC_BASKET1,SEASHELLS,58470.0,2
346000,Caesar,Penelope,PICNIC_BASKET1,SEASHELLS,58447.0,1
349000,Caesar,Penelope,PICNIC_BASKET1,SEASHELLS,58437.0,1
350200,Caesar,Pablo,PICNIC_BASKET1,SEASHELLS,58446.0,1
350200,Camilla,Pablo,PICNIC_BASKET1,SEASHELLS,58445.0,4
351700,Caesar,Pablo,PICNIC_BASKET1,SEASHELLS,58434.0,2
351700,Camilla,Pablo,PICNIC_BASKET1,SEASHELLS,58433.0,1
358200,Penelope,Camilla,PICNIC_BASKET1,SEASHELLS,58435.0,8
362600,Camilla,Pablo,PICNIC_BASKET1,SEASHELLS,58379.0,3
368900,Caesar,Pablo,PICNIC_BASKET1,SEASHELLS,58390.0,2
368900,Camilla,Pablo,PICNIC_BASKET1,SEASHELLS,58389.0,3
374600,Penelope,Camilla,PICNIC_BASKET1,SEASHELLS,58378.0,6
375100,Camilla,Caesar,PICNIC_BASKET1,SEASHELLS,58365.0,1
378300,Caesar,Pablo,PICNIC_BASKET1,SEASHELLS,58361.0,2
378300,Camilla,Pablo,PICNIC_BASKET1,SEASHELLS,58361.0,1
382200,Caesar,Pablo,PICNIC_BASKET1,SEASHELLS,58340.0,1
382200,Camilla,Pablo,PICNIC_BASKET1,SEASHELLS,58339.0,7
382400,Caesar,Penelope,PICNIC_BASKET1,SEASHELLS,58335.0,2
385500,Penelope,Caesar,PICNIC_BASKET1,SEASHELLS,58322.0,2
385900,Camilla,Penelope,PICNIC_BASKET1,SEASHELLS,58310.0,6
386000,Penelope,Camilla,PICNIC_BASKET1,SEASHELLS,58324.0,9
389400,Camilla,Pablo,PICNIC_BASKET1,SEASHELLS,58322.0,2
390400,Caesar,Pablo,PICNIC_BASKET1,SEASHELLS,58325.0,2
390400,Camilla,Pablo,PICNIC_BASKET1,SEASHELLS,58324.0,2
393100,Penelope,Camilla,PICNIC_BASKET1,SEASHELLS,58306.0,9
393400,Caesar,Pablo,PICNIC_BASKET1,SEASHELLS,58306.0,1
393400,Camilla,Pablo,PICNIC_BASKET1,SEASHELLS,58306.0,3
394600,Penelope,Camilla,PICNIC_BASKET1,SEASHELLS,58314.0,8
395400,Caesar,Penelope,PICNIC_BASKET1,SEASHELLS,58311.0,2
396500,Caesar,Pablo,PICNIC_BASKET1,SEASHELLS,58315.0,1
396500,Camilla,Pablo,PICNIC_BASKET1,SEASHELLS,58314.0,2
396600,Penelope,Caesar,PICNIC_BASKET1,SEASHELLS,58319.0,1
403800,Caesar,Pablo,PICNIC_BASKET1,SEASHELLS,58314.0,2
403900,Caesar,Penelope,PICNIC_BASKET1,SEASHELLS,58309.0,2
404200,Penelope,Caesar,PICNIC_BASKET1,SEASHELLS,58333.0,2
404500,Caesar,Pablo,PICNIC_BASKET1,SEASHELLS,58337.0,1
404500,Camilla,Pablo,PICNIC_BASKET1,SEASHELLS,58336.0,7
404900,Pablo,Camilla,PICNIC_BASKET1,SEASHELLS,58345.0,3
406200,Camilla,Penelope,PICNIC_BASKET1,SEASHELLS,58336.0,7
410700,Penelope,Caesar,PICNIC_BASKET1,SEASHELLS,58355.0,1
414300,Pablo,Caesar,PICNIC_BASKET1,SEASHELLS,58328.0,2
414500,Penelope,Caesar,PICNIC_BASKET1,SEASHELLS,58331.0,2
415200,Penelope,Charlie,PICNIC_BASKET1,SEASHELLS,58319.0,6
416700,Camilla,Penelope,PICNIC_BASKET1,SEASHELLS,58294.0,10
418100,Caesar,Pablo,PICNIC_BASKET1,SEASHELLS,58295.0,2
418100,Camilla,Pablo,PICNIC_BASKET1,SEASHELLS,58294.0,5
420900,Camilla,Pablo,PICNIC_BASKET1,SEASHELLS,58263.0,6
422000,Caesar,Penelope,PICNIC_BASKET1,SEASHELLS,58260.0,2
422800,Caesar,Pablo,PICNIC_BASKET1,SEASHELLS,58266.0,3
422800,Caesar,Pablo,PICNIC_BASKET1,SEASHELLS,58262.0,1
422800,Camilla,Pablo,PICNIC_BASKET1,SEASHELLS,58261.0,4
424700,Pablo,Camilla,PICNIC_BASKET1,SEASHELLS,58261.0,4
426600,Caesar,Pablo,PICNIC_BASKET1,SEASHELLS,58237.0,1
426600,Camilla,Pablo,PICNIC_BASKET1,SEASHELLS,58236.0,2
427200,Caesar,Penelope,PICNIC_BASKET1,SEASHELLS,58247.0,1
428900,Penelope,Caesar,PICNIC_BASKET1,SEASHELLS,58270.0,5
429800,Pablo,Camilla,PICNIC_BASKET1,SEASHELLS,58287.0,4
431800,Caesar,Penelope,PICNIC_BASKET1,SEASHELLS,58317.0,2
432500,Penelope,Caesar,PICNIC_BASKET1,SEASHELLS,58321.0,1
434000,Penelope,Camilla,PICNIC_BASKET1,SEASHELLS,58323.0,10
437600,Pablo,Camilla,PICNIC_BASKET1,SEASHELLS,58338.0,3
439100,Camilla,Penelope,PICNIC_BASKET1,SEASHELLS,58308.0,8
439200,Caesar,Penelope,PICNIC_BASKET1,SEASHELLS,58311.0,1
439500,Camilla,Pablo,PICNIC_BASKET1,SEASHELLS,58319.0,8
443400,Camilla,Penelope,PICNIC_BASKET1,SEASHELLS,58317.0,6
444900,Camilla,Pablo,PICNIC_BASKET1,SEASHELLS,58320.0,7
445000,Penelope,Charlie,PICNIC_BASKET1,SEASHELLS,58333.0,6
453300,Penelope,Caesar,PICNIC_BASKET1,SEASHELLS,58400.0,1
457900,Camilla,Penelope,PICNIC_BASKET1,SEASHELLS,58364.0,8
458100,Pablo,Caesar,PICNIC_BASKET1,SEASHELLS,58372.0,2
458100,Pablo,Camilla,PICNIC_BASKET1,SEASHELLS,58372.0,3
458600,Penelope,Caesar,PICNIC_BASKET1,SEASHELLS,58365.0,1
459800,Pablo,Caesar,PICNIC_BASKET1,SEASHELLS,58387.0,2
461000,Penelope,Caesar,PICNIC_BASKET1,SEASHELLS,58375.0,1
463400,Caesar,Pablo,PICNIC_BASKET1,SEASHELLS,58333.0,1
463400,Camilla,Pablo,PICNIC_BASKET1,SEASHELLS,58332.0,1
477700,Penelope,Caesar,PICNIC_BASKET1,SEASHELLS,58257.0,1
478800,Charlie,Penelope,PICNIC_BASKET1,SEASHELLS,58254.0,10
479000,Penelope,Caesar,PICNIC_BASKET1,SEASHELLS,58265.0,2
482800,Camilla,Pablo,PICNIC_BASKET1,SEASHELLS,58270.0,5
484200,Penelope,Caesar,PICNIC_BASKET1,SEASHELLS,58248.0,2
488600,Caesar,Penelope,PICNIC_BASKET1,SEASHELLS,58234.0,1
490300,Pablo,Caesar,PICNIC_BASKET1,SEASHELLS,58221.0,1
490300,Pablo,Camilla,PICNIC_BASKET1,SEASHELLS,58221.0,7
491900,Pablo,Caesar,PICNIC_BASKET1,SEASHELLS,58231.0,1
491900,Pablo,Camilla,PICNIC_BASKET1,SEASHELLS,58231.0,5
492200,Caesar,Penelope,PICNIC_BASKET1,SEASHELLS,58236.0,2
494000,Camilla,Caesar,PICNIC_BASKET1,SEASHELLS,58234.0,1
500100,Camilla,Pablo,PICNIC_BASKET1,SEASHELLS,58172.0,5
500100,Camilla,Penelope,PICNIC_BASKET1,SEASHELLS,58172.0,9
500500,Penelope,Caesar,PICNIC_BASKET1,SEASHELLS,58178.0,2
501600,Camilla,Penelope,PICNIC_BASKET1,SEASHELLS,58178.0,7
502100,Pablo,Caesar,PICNIC_BASKET1,SEASHELLS,58195.0,2
502100,Pablo,Camilla,PICNIC_BASKET1,SEASHELLS,58195.0,6
504400,Pablo,Caesar,PICNIC_BASKET1,SEASHELLS,58234.0,1
509800,Pablo,Caesar,PICNIC_BASKET1,SEASHELLS,58249.0,1
509800,Pablo,Camilla,PICNIC_BASKET1,SEASHELLS,58249.0,5
513300,Camilla,Caesar,PICNIC_BASKET1,SEASHELLS,58275.0,1
513400,Caesar,Pablo,PICNIC_BASKET1,SEASHELLS,58271.0,2
514000,Caesar,Pablo,PICNIC_BASKET1,SEASHELLS,58278.0,1
514000,Camilla,Pablo,PICNIC_BASKET1,SEASHELLS,58277.0,6
515300,Penelope,Camilla,PICNIC_BASKET1,SEASHELLS,58294.0,10
517000,Penelope,Caesar,PICNIC_BASKET1,SEASHELLS,58289.0,2
519700,Caesar,Pablo,PICNIC_BASKET1,SEASHELLS,58259.0,2
519700,Camilla,Pablo,PICNIC_BASKET1,SEASHELLS,58258.0,2
520900,Caesar,Penelope,PICNIC_BASKET1,SEASHELLS,58239.0,1
521600,Penelope,Caesar,PICNIC_BASKET1,SEASHELLS,58254.0,1
526200,Caesar,Pablo,PICNIC_BASKET1,SEASHELLS,58286.0,1
526200,Camilla,Pablo,PICNIC_BASKET1,SEASHELLS,58286.0,2
535300,Caesar,Penelope,PICNIC_BASKET1,SEASHELLS,58278.0,1
537300,Pablo,Camilla,PICNIC_BASKET1,SEASHELLS,58295.0,2
537400,Caesar,Pablo,PICNIC_BASKET1,SEASHELLS,58290.0,1
537400,Camilla,Pablo,PICNIC_BASKET1,SEASHELLS,58289.0,2
542600,Caesar,Penelope,PICNIC_BASKET1,SEASHELLS,58291.0,1
544000,Pablo,Camilla,PICNIC_BASKET1,SEASHELLS,58292.0,6
545900,Caesar,Penelope,PICNIC_BASKET1,SEASHELLS,58279.0,2
548700,Camilla,Pablo,PICNIC_BASKET1,SEASHELLS,58268.0,5
550100,Camilla,Penelope,PICNIC_BASKET1,SEASHELLS,58267.0,8
553100,Camilla,Penelope,PICNIC_BASKET1,SEASHELLS,58274.0,7
554600,Penelope,Caesar,PICNIC_BASKET1,SEASHELLS,58299.0,1
555200,Camilla,Penelope,PICNIC_BASKET1,SEASHELLS,58280.0,5
556700,Camilla,Pablo,PICNIC_BASKET1,SEASHELLS,58286.0,8
562200,Camilla,Penelope,PICNIC_BASKET1,SEASHELLS,58308.0,7
562600,Caesar,Penelope,PICNIC_BASKET1,SEASHELLS,58313.0,3
564000,Pablo,Caesar,PICNIC_BASKET1,SEASHELLS,58347.0,1
564000,Pablo,Caesar,PICNIC_BASKET1,SEASHELLS,58352.0,1
565100,Camilla,Penelope,PICNIC_BASKET1,SEASHELLS,58352.0,10
565700,Camilla,Pablo,PICNIC_BASKET1,SEASHELLS,58349.0,6
565800,Pablo,Caesar,PICNIC_BASKET1,SEASHELLS,58357.0,2
567600,Caesar,Pablo,PICNIC_BASKET1,SEASHELLS,58379.0,2
567600,Camilla,Pablo,PICNIC_BASKET1,SEASHELLS,58378.0,2
569000,Penelope,Caesar,PICNIC_BASKET1,SEASHELLS,58387.0,2
571600,Penelope,Camilla,PICNIC_BASKET1,SEASHELLS,58396.0,8
572300,Camilla,Pablo,PICNIC_BASKET1,SEASHELLS,58402.0,3
574000,Caesar,Pablo,PICNIC_BASKET1,SEASHELLS,58416.0,1
574000,Camilla,Pablo,PICNIC_BASKET1,SEASHELLS,58415.0,6
577800,Penelope,Caesar,PICNIC_BASKET1,SEASHELLS,58418.0,2
585700,Camilla,Penelope,PICNIC_BASKET1,SEASHELLS,58419.0,7
593500,Caesar,Pablo,PICNIC_BASKET1,SEASHELLS,58388.0,1
593500,Caesar,Pablo,PICNIC_BASKET1,SEASHELLS,58384.0,1
593600,Caesar,Penelope,PICNIC_BASKET1,SEASHELLS,58388.0,1
593700,Penelope,Camilla,PICNIC_BASKET1,SEASHELLS,58397.0,7
600100,Pablo,Camilla,PICNIC_BASKET1,SEASHELLS,58411.0,2
603600,Camilla,Caesar,PICNIC_BASKET1,SEASHELLS,58392.0,1
603900,Camilla,Penelope,PICNIC_BASKET1,SEASHELLS,58377.0,10
604100,Caesar,Penelope,PICNIC_BASKET1,SEASHELLS,58373.0,2
605800,Camilla,Penelope,PICNIC_BASKET1,SEASHELLS,58371.0,9
608900,Penelope,Caesar,PICNIC_BASKET1,SEASHELLS,58368.0,1
611300,Camilla,Penelope,PICNIC_BASKET1,SEASHELLS,58333.0,6
611400,Caesar,Penelope,PICNIC_BASKET1,SEASHELLS,58338.0,2
614400,Pablo,Caesar,PICNIC_BASKET1,SEASHELLS,58355.0,1
614400,Pablo,Camilla,PICNIC_BASKET1,SEASHELLS,58355.0,6
615300,Pablo,Caesar,PICNIC_BASKET1,SEASHELLS,58352.0,1
615300,Pablo,Camilla,PICNIC_BASKET1,SEASHELLS,58352.0,6
615500,Penelope,Caesar,PICNIC_BASKET1,SEASHELLS,58353.0,1
616200,Pablo,Caesar,PICNIC_BASKET1,SEASHELLS,58347.0,5
616300,Pablo,Caesar,PICNIC_BASKET1,SEASHELLS,58357.0,1
619400,Caesar,Penelope,PICNIC_BASKET1,SEASHELLS,58315.0,1
620600,Pablo,Camilla,PICNIC_BASKET1,SEASHELLS,58323.0,5
621700,Penelope,Caesar,PICNIC_BASKET1,SEASHELLS,58323.0,2
622600,Caesar,Pablo,PICNIC_BASKET1,SEASHELLS,58340.0,2
622600,Camilla,Pablo,PICNIC_BASKET1,SEASHELLS,58339.0,5
624800,Pablo,Camilla,PICNIC_BASKET1,SEASHELLS,58303.0,6
625300,Caesar,Pablo,PICNIC_BASKET1,SEASHELLS,58299.0,2
625300,Camilla,Pablo,PICNIC_BASKET1,SEASHELLS,58299.0,6
631200,Camilla,Pablo,PICNIC_BASKET1,SEASHELLS,58308.0,2
633300,Caesar,Penelope,PICNIC_BASKET1,SEASHELLS,58302.0,2
636000,Penelope,Caesar,PICNIC_BASKET1,SEASHELLS,58272.0,5
636100,Caesar,Pablo,PICNIC_BASKET1,SEASHELLS,58267.0,1
636100,Camilla,Pablo,PICNIC_BASKET1,SEASHELLS,58266.0,5
639500,Camilla,Caesar,PICNIC_BASKET1,SEASHELLS,58280.0,1
640100,Caesar,Penelope,PICNIC_BASKET1,SEASHELLS,58283.0,2
640700,Caesar,Pablo,PICNIC_BASKET1,SEASHELLS,58284.0,2
641000,Camilla,Penelope,PICNIC_BASKET1,SEASHELLS,58273.0,6
642600,Penelope,Camilla,PICNIC_BASKET1,SEASHELLS,58297.0,8
642900,Caesar,Penelope,PICNIC_BASKET1,SEASHELLS,58297.0,5
650100,Penelope,Caesar,PICNIC_BASKET1,SEASHELLS,58253.0,6
657400,Penelope,Caesar,PICNIC_BASKET1,SEASHELLS,58244.0,1
661500,Penelope,Caesar,PICNIC_BASKET1,SEASHELLS,58263.0,1
666600,Caesar,Pablo,PICNIC_BASKET1,SEASHELLS,58252.0,2
666600,Caesar,Pablo,PICNIC_BASKET1,SEASHELLS,58248.0,2
667000,Penelope,Camilla,PICNIC_BASKET1,SEASHELLS,58243.0,9
671900,Camilla,Pablo,PICNIC_BASKET1,SEASHELLS,58250.0,3
672400,Caesar,Pablo,PICNIC_BASKET1,SEASHELLS,58249.0,2
672400,Camilla,Pablo,PICNIC_BASKET1,SEASHELLS,58248.0,4
675700,Penelope,Caesar,PICNIC_BASKET1,SEASHELLS,58276.0,1
676300,Caesar,Penelope,PICNIC_BASKET1,SEASHELLS,58279.0,1
678600,Penelope,Caesar,PICNIC_BASKET1,SEASHELLS,58304.0,2
682900,Penelope,Camilla,PICNIC_BASKET1,SEASHELLS,58293.0,7
683400,Penelope,Camilla,PICNIC_BASKET1,SEASHELLS,58290.0,6
687600,Caesar,Penelope,PICNIC_BASKET1,SEASHELLS,58302.0,5
690800,Caesar,Penelope,PICNIC_BASKET1,SEASHELLS,58288.0,1
691700,Pablo,Caesar,PICNIC_BASKET1,SEASHELLS,58301.0,1
691700,Pablo,Camilla,PICNIC_BASKET1,SEASHELLS,58301.0,4
696800,Caesar,Penelope,PICNIC_BASKET1,SEASHELLS,58270.0,2
700500,Pablo,Camilla,PICNIC_BASKET1,SEASHELLS,58317.0,6
703700,Caesar,Pablo,PICNIC_BASKET1,SEASHELLS,58332.0,1
705100,Pablo,Caesar,PICNIC_BASKET1,SEASHELLS,58324.0,1
705100,Pablo,Camilla,PICNIC_BASKET1,SEASHELLS,58324.0,4
707900,Camilla,Penelope,PICNIC_BASKET1,SEASHELLS,58342.0,7
710100,Caesar,Pablo,PICNIC_BASKET1,SEASHELLS,58366.0,2
710100,Camilla,Pablo,PICNIC_BASKET1,SEASHELLS,58365.0,4
711100,Caesar,Penelope,PICNIC_BASKET1,SEASHELLS,58385.0,2
717100,Caesar,Pablo,PICNIC_BASKET1,SEASHELLS,58402.0,1
717100,Camilla,Pablo,PICNIC_BASKET1,SEASHELLS,58401.0,3
717200,Penelope,Caesar,PICNIC_BASKET1,SEASHELLS,58415.0,2
724300,Caesar,Pablo,PICNIC_BASKET1,SEASHELLS,58420.0,2
724300,Caesar,Pablo,PICNIC_BASKET1,SEASHELLS,58416.0,1
724300,Camilla,Pablo,PICNIC_BASKET1,SEASHELLS,58415.0,3
730600,Penelope,Caesar,PICNIC_BASKET1,SEASHELLS,58382.0,2
731100,Penelope,Camilla,PICNIC_BASKET1,SEASHELLS,58375.0,9
731600,Penelope,Caesar,PICNIC_BASKET1,SEASHELLS,58379.0,1
732100,Penelope,Charlie,PICNIC_BASKET1,SEASHELLS,58393.0,8
735600,Caesar,Pablo,PICNIC_BASKET1,SEASHELLS,58360.0,3
735600,Camilla,Pablo,PICNIC_BASKET1,SEASHELLS,58355.0,5
737700,Pablo,Caesar,PICNIC_BASKET1,SEASHELLS,58349.0,1
743100,Caesar,Penelope,PICNIC_BASKET1,SEASHELLS,58364.0,5
745700,Pablo,Caesar,PICNIC_BASKET1,SEASHELLS,58351.0,2
745700,Pablo,Camilla,PICNIC_BASKET1,SEASHELLS,58351.0,3
745800,Caesar,Penelope,PICNIC_BASKET1,SEASHELLS,58341.0,1
746000,Penelope,Camilla,PICNIC_BASKET1,SEASHELLS,58358.0,10
747400,Penelope,Camilla,PICNIC_BASKET1,SEASHELLS,58349.0,8
749700,Camilla,Penelope,PICNIC_BASKET1,SEASHELLS,58340.0,8
752200,Penelope,Caesar,PICNIC_BASKET1,SEASHELLS,58318.0,1
752600,Penelope,Caesar,PICNIC_BASKET1,SEASHELLS,58318.0,2
755000,Camilla,Pablo,PICNIC_BASKET1,SEASHELLS,58303.0,2
755800,Caesar,Pablo,PICNIC_BASKET1,SEASHELLS,58314.0,1
755800,Camilla,Pablo,PICNIC_BASKET1,SEASHELLS,58313.0,5
758400,Pablo,Camilla,PICNIC_BASKET1,SEASHELLS,58337.0,6
760200,Caesar,Penelope,PICNIC_BASKET1,SEASHELLS,58332.0,2
764900,Caesar,Penelope,PICNIC_BASKET1,SEASHELLS,58346.0,3
767900,Penelope,Caesar,PICNIC_BASKET1,SEASHELLS,58385.0,2
768900,Pablo,Caesar,PICNIC_BASKET1,SEASHELLS,58369.0,1
768900,Pablo,Camilla,PICNIC_BASKET1,SEASHELLS,58369.0,4
770400,Penelope,Caesar,PICNIC_BASKET1,SEASHELLS,58377.0,2
772700,Camilla,Pablo,PICNIC_BASKET1,SEASHELLS,58370.0,6
773200,Penelope,Camilla,PICNIC_BASKET1,SEASHELLS,58369.0,5
773900,Caesar,Pablo,PICNIC_BASKET1,SEASHELLS,58376.0,1
773900,Camilla,Pablo,PICNIC_BASKET1,SEASHELLS,58375.0,5
777500,Penelope,Caesar,PICNIC_BASKET1,SEASHELLS,58387.0,2
780800,Caesar,Penelope,PICNIC_BASKET1,SEASHELLS,58351.0,2
781500,Camilla,Penelope,PICNIC_BASKET1,SEASHELLS,58348.0,5
782000,Camilla,Pablo,PICNIC_BASKET1,SEASHELLS,58339.0,4
784700,Caesar,Penelope,PICNIC_BASKET1,SEASHELLS,58338.0,1
786800,Penelope,Caesar,PICNIC_BASKET1,SEASHELLS,58359.0,2
787200,Caesar,Pablo,PICNIC_BASKET1,SEASHELLS,58356.0,1
787900,Penelope,Camilla,PICNIC_BASKET1,SEASHELLS,58374.0,5
788400,Pablo,Caesar,PICNIC_BASKET1,SEASHELLS,58378.0,1
788400,Pablo,Camilla,PICNIC_BASKET1,SEASHELLS,58378.0,7
789700,Pablo,Camilla,PICNIC_BASKET1,SEASHELLS,58371.0,4
791100,Caesar,Pablo,PICNIC_BASKET1,SEASHELLS,58339.0,1
791100,Camilla,Pablo,PICNIC_BASKET1,SEASHELLS,58338.0,5
793800,Caesar,Pablo,PICNIC_BASKET1,SEASHELLS,58343.0,1
793800,Camilla,Pablo,PICNIC_BASKET1,SEASHELLS,58343.0,7
797700,Camilla,Caesar,PICNIC_BASKET1,SEASHELLS,58389.0,1
798500,Caesar,Pablo,PICNIC_BASKET1,SEASHELLS,58377.0,2
798500,Camilla,Pablo,PICNIC_BASKET1,SEASHELLS,58376.0,5
799600,Camilla,Penelope,PICNIC_BASKET1,SEASHELLS,58369.0,9
800600,Caesar,Pablo,PICNIC_BASKET1,SEASHELLS,58373.0,2
802900,Camilla,Pablo,PICNIC_BASKET1,SEASHELLS,58370.0,7
804400,Camilla,Pablo,PICNIC_BASKET1,SEASHELLS,58361.0,5
804600,Camilla,Caesar,PICNIC_BASKET1,SEASHELLS,58363.0,1
805700,Pablo,Camilla,PICNIC_BASKET1,SEASHELLS,58376.0,6
805700,Penelope,Camilla,PICNIC_BASKET1,SEASHELLS,58377.0,8
809800,Pablo,Camilla,PICNIC_BASKET1,SEASHELLS,58405.0,7
812600,Caesar,Pablo,PICNIC_BASKET1,SEASHELLS,58391.0,2
812600,Camilla,Pablo,PICNIC_BASKET1,SEASHELLS,58391.0,6
815000,Caesar,Penelope,PICNIC_BASKET1,SEASHELLS,58382.0,2
815100,Penelope,Caesar,PICNIC_BASKET1,SEASHELLS,58392.0,1
816500,Caesar,Pablo,PICNIC_BASKET1,SEASHELLS,58371.0,1
816500,Camilla,Pablo,PICNIC_BASKET1,SEASHELLS,58370.0,7
819900,Penelope,Camilla,PICNIC_BASKET1,SEASHELLS,58397.0,8
820500,Caesar,Penelope,PICNIC_BASKET1,SEASHELLS,58394.0,2
824100,Camilla,Pablo,PICNIC_BASKET1,SEASHELLS,58373.0,6
825700,Camilla,Penelope,PICNIC_BASKET1,SEASHELLS,58384.0,6
826100,Caesar,Penelope,PICNIC_BASKET1,SEASHELLS,58377.0,2
828500,Caesar,Pablo,PICNIC_BASKET1,SEASHELLS,58383.0,1
831900,Camilla,Pablo,PICNIC_BASKET1,SEASHELLS,58351.0,6
832000,Caesar,Penelope,PICNIC_BASKET1,SEASHELLS,58350.0,2
833000,Pablo,Caesar,PICNIC_BASKET1,SEASHELLS,58379.0,2
834900,Caesar,Pablo,PICNIC_BASKET1,SEASHELLS,58376.0,1
834900,Camilla,Pablo,PICNIC_BASKET1,SEASHELLS,58371.0,7
836000,Pablo,Caesar,PICNIC_BASKET1,SEASHELLS,58381.0,1
837600,Caesar,Pablo,PICNIC_BASKET1,SEASHELLS,58382.0,1
837600,Camilla,Pablo,PICNIC_BASKET1,SEASHELLS,58381.0,6
841900,Camilla,Pablo,PICNIC_BASKET1,SEASHELLS,58418.0,5
842900,Pablo,Camilla,PICNIC_BASKET1,SEASHELLS,58439.0,5
843600,Pablo,Caesar,PICNIC_BASKET1,SEASHELLS,58454.0,1
843600,Pablo,Camilla,PICNIC_BASKET1,SEASHELLS,58454.0,2
845400,Camilla,Penelope,PICNIC_BASKET1,SEASHELLS,58470.0,9
845500,Caesar,Pablo,PICNIC_BASKET1,SEASHELLS,58482.0,1
845500,Camilla,Pablo,PICNIC_BASKET1,SEASHELLS,58481.0,5
846000,Penelope,Camilla,PICNIC_BASKET1,SEASHELLS,58501.0,5
849600,Penelope,Camilla,PICNIC_BASKET1,SEASHELLS,58498.0,7
852700,Penelope,Camilla,PICNIC_BASKET1,SEASHELLS,58525.0,5
856300,Caesar,Pablo,PICNIC_BASKET1,SEASHELLS,58515.0,2
856300,Camilla,Pablo,PICNIC_BASKET1,SEASHELLS,58514.0,5
856600,Caesar,Pablo,PICNIC_BASKET1,SEASHELLS,58506.0,1
859400,Caesar,Penelope,PICNIC_BASKET1,SEASHELLS,58473.0,1
861900,Caesar,Penelope,PICNIC_BASKET1,SEASHELLS,58465.0,1
868300,Penelope,Caesar,PICNIC_BASKET1,SEASHELLS,58556.0,1
870100,Caesar,Pablo,PICNIC_BASKET1,SEASHELLS,58532.0,2
870100,Camilla,Pablo,PICNIC_BASKET1,SEASHELLS,58527.0,3
870300,Caesar,Penelope,PICNIC_BASKET1,SEASHELLS,58525.0,2
872100,Charlie,Penelope,PICNIC_BASKET1,SEASHELLS,58534.0,6
873500,Pablo,Camilla,PICNIC_BASKET1,SEASHELLS,58548.0,3
875100,Camilla,Penelope,PICNIC_BASKET1,SEASHELLS,58548.0,8
876300,Penelope,Caesar,PICNIC_BASKET1,SEASHELLS,58546.0,1
877900,Caesar,Penelope,PICNIC_BASKET1,SEASHELLS,58523.0,2
879300,Pablo,Caesar,PICNIC_BASKET1,SEASHELLS,58533.0,2
882400,Penelope,Caesar,PICNIC_BASKET1,SEASHELLS,58518.0,2
883900,Penelope,Camilla,PICNIC_BASKET1,SEASHELLS,58515.0,8
884500,Penelope,Caesar,PICNIC_BASKET1,SEASHELLS,58510.0,2
887600,Caesar,Penelope,PICNIC_BASKET1,SEASHELLS,58497.0,1
887800,Caesar,Penelope,PICNIC_BASKET1,SEASHELLS,58498.0,1
891500,Penelope,Camilla,PICNIC_BASKET1,SEASHELLS,58496.0,8
892500,Penelope,Caesar,PICNIC_BASKET1,SEASHELLS,58505.0,1
895900,Pablo,Camilla,PICNIC_BASKET1,SEASHELLS,58500.0,2
896200,Pablo,Caesar,PICNIC_BASKET1,SEASHELLS,58497.0,1
900500,Penelope,Caesar,PICNIC_BASKET1,SEASHELLS,58456.0,2
903800,Penelope,Camilla,PICNIC_BASKET1,SEASHELLS,58436.0,10
904900,Camilla,Penelope,PICNIC_BASKET1,SEASHELLS,58441.0,8
905200,Caesar,Penelope,PICNIC_BASKET1,SEASHELLS,58438.0,2
906300,Penelope,Caesar,PICNIC_BASKET1,SEASHELLS,58432.0,1
906400,Pablo,Caesar,PICNIC_BASKET1,SEASHELLS,58433.0,1
906600,Pablo,Camilla,PICNIC_BASKET1,SEASHELLS,58429.0,5
910000,Caesar,Penelope,PICNIC_BASKET1,SEASHELLS,58378.0,5
910400,Caesar,Pablo,PICNIC_BASKET1,SEASHELLS,58395.0,6
910600,Caesar,Pablo,PICNIC_BASKET1,SEASHELLS,58380.0,1
910600,Camilla,Pablo,PICNIC_BASKET1,SEASHELLS,58379.0,7
912400,Pablo,Camilla,PICNIC_BASKET1,SEASHELLS,58389.0,4
913300,Pablo,Camilla,PICNIC_BASKET1,SEASHELLS,58394.0,5
916100,Camilla,Penelope,PICNIC_BASKET1,SEASHELLS,58407.0,10
916200,Penelope,Caesar,PICNIC_BASKET1,SEASHELLS,58421.0,1
928100,Caesar,Penelope,PICNIC_BASKET1,SEASHELLS,58418.0,2
930600,Camilla,Penelope,PICNIC_BASKET1,SEASHELLS,58412.0,9
930900,Penelope,Caesar,PICNIC_BASKET1,SEASHELLS,58418.0,1
931800,Pablo,Camilla,PICNIC_BASKET1,SEASHELLS,58420.0,3
936000,Penelope,Caesar,PICNIC_BASKET1,SEASHELLS,58398.0,1
937200,Caesar,Pablo,PICNIC_BASKET1,SEASHELLS,58391.0,2
939300,Caesar,Pablo,PICNIC_BASKET1,SEASHELLS,58375.0,2
939300,Camilla,Pablo,PICNIC_BASKET1,SEASHELLS,58374.0,6
941700,Penelope,Camilla,PICNIC_BASKET1,SEASHELLS,58406.0,5
944300,Caesar,Pablo,PICNIC_BASKET1,SEASHELLS,58394.0,2
944300,Camilla,Pablo,PICNIC_BASKET1,SEASHELLS,58394.0,4
948100,Camilla,Pablo,PICNIC_BASKET1,SEASHELLS,58363.0,3
957700,Caesar,Penelope,PICNIC_BASKET1,SEASHELLS,58425.0,7
966000,Penelope,Caesar,PICNIC_BASKET1,SEASHELLS,58406.0,2
966700,Camilla,Caesar,PICNIC_BASKET1,SEASHELLS,58393.0,1
967600,Caesar,Penelope,PICNIC_BASKET1,SEASHELLS,58401.0,2
969500,Caesar,Penelope,PICNIC_BASKET1,SEASHELLS,58395.0,1
971000,Penelope,Camilla,PICNIC_BASKET1,SEASHELLS,58416.0,7
971700,Pablo,Caesar,PICNIC_BASKET1,SEASHELLS,58415.0,2
971700,Pablo,Camilla,PICNIC_BASKET1,SEASHELLS,58415.0,3
972200,Caesar,Penelope,PICNIC_BASKET1,SEASHELLS,58395.0,2
972300,Penelope,Camilla,PICNIC_BASKET1,SEASHELLS,58411.0,10
973800,Pablo,Caesar,PICNIC_BASKET1,SEASHELLS,58404.0,1
973800,Pablo,Camilla,PICNIC_BASKET1,SEASHELLS,58404.0,1
973900,Caesar,Penelope,PICNIC_BASKET1,SEASHELLS,58399.0,3
974200,Caesar,Pablo,PICNIC_BASKET1,SEASHELLS,58399.0,1
974200,Camilla,Pablo,PICNIC_BASKET1,SEASHELLS,58398.0,6
978300,Caesar,Penelope,PICNIC_BASKET1,SEASHELLS,58412.0,2
979500,Caesar,Penelope,PICNIC_BASKET1,SEASHELLS,58397.0,2
982100,Penelope,Camilla,PICNIC_BASKET1,SEASHELLS,58408.0,8
983300,Caesar,Penelope,PICNIC_BASKET1,SEASHELLS,58406.0,1
996300,Caesar,Pablo,PICNIC_BASKET1,SEASHELLS,58407.0,1
996300,Camilla,Pablo,PICNIC_BASKET1,SEASHELLS,58406.0,5
997900,Penelope,Camilla,PICNIC_BASKET1,SEASHELLS,58421.0,5
998900,Caesar,Penelope,PICNIC_BASKET1,SEASHELLS,58420.0,5
1002100,Charlie,Penelope,PICNIC_BASKET1,SEASHELLS,58401.0,9
1012200,Penelope,Camilla,PICNIC_BASKET1,SEASHELLS,58356.0,8
1012600,Pablo,Caesar,PICNIC_BASKET1,SEASHELLS,58348.0,1
1012900,Penelope,Caesar,PICNIC_BASKET1,SEASHELLS,58343.0,2
1015000,Pablo,Caesar,PICNIC_BASKET1,SEASHELLS,58335.0,1
1015000,Pablo,Camilla,PICNIC_BASKET1,SEASHELLS,58335.0,4
1015300,Pablo,Caesar,PICNIC_BASKET1,SEASHELLS,58325.0,2
1015300,Pablo,Camilla,PICNIC_BASKET1,SEASHELLS,58325.0,4
1015600,Pablo,Caesar,PICNIC_BASKET1,SEASHELLS,58324.0,1
1016400,Caesar,Penelope,PICNIC_BASKET1,SEASHELLS,58319.0,1
1022500,Penelope,Charlie,PICNIC_BASKET1,SEASHELLS,58296.0,6
1023000,Penelope,Caesar,PICNIC_BASKET1,SEASHELLS,58295.0,1
1026700,Camilla,Caesar,PICNIC_BASKET1,SEASHELLS,58279.0,1
1027200,Pablo,Caesar,PICNIC_BASKET1,SEASHELLS,58299.0,2
1029300,Camilla,Pablo,PICNIC_BASKET1,SEASHELLS,58287.0,5
1029400,Pablo,Caesar,PICNIC_BASKET1,SEASHELLS,58299.0,2
1032800,Pablo,Camilla,PICNIC_BASKET1,SEASHELLS,58309.0,4
1035100,Penelope,Camilla,PICNIC_BASKET1,SEASHELLS,58296.0,6
1037100,Caesar,Penelope,PICNIC_BASKET1,SEASHELLS,58272.0,2
1038600,Caesar,Pablo,PICNIC_BASKET1,SEASHELLS,58303.0,1
1042500,Camilla,Pablo,PICNIC_BASKET1,SEASHELLS,58304.0,6
1045500,Camilla,Penelope,PICNIC_BASKET1,SEASHELLS,58293.0,10
1045900,Caesar,Pablo,PICNIC_BASKET1,SEASHELLS,58305.0,2
1045900,Camilla,Pablo,PICNIC_BASKET1,SEASHELLS,58304.0,6
1053000,Pablo,Caesar,PICNIC_BASKET1,SEASHELLS,58332.0,2
1053100,Camilla,Penelope,PICNIC_BASKET1,SEASHELLS,58320.0,10
1053800,Camilla,Pablo,PICNIC_BASKET1,SEASHELLS,58313.0,3
1056200,Penelope,Caesar,PICNIC_BASKET1,SEASHELLS,58260.0,1
1059100,Pablo,Camilla,PICNIC_BASKET1,SEASHELLS,58250.0,7
1060000,Penelope,Caesar,PICNIC_BASKET1,SEASHELLS,58261.0,1
1060300,Penelope,Caesar,PICNIC_BASKET1,SEASHELLS,58263.0,2
1060500,Caesar,Penelope,PICNIC_BASKET1,SEASHELLS,58249.0,1
1060900,Pablo,Camilla,PICNIC_BASKET1,SEASHELLS,58259.0,4
1061100,Caesar,Penelope,PICNIC_BASKET1,SEASHELLS,58249.0,1
1064800,Caesar,Pablo,PICNIC_BASKET1,SEASHELLS,58196.0,2
1069400,Penelope,Caesar,PICNIC_BASKET1,SEASHELLS,58243.0,1
1071300,Penelope,Caesar,PICNIC_BASKET1,SEASHELLS,58253.0,1
1072400,Caesar,Pablo,PICNIC_BASKET1,SEASHELLS,58251.0,1
1072400,Camilla,Pablo,PICNIC_BASKET1,SEASHELLS,58251.0,5
1084000,Camilla,Penelope,PICNIC_BASKET1,SEASHELLS,58246.0,10
1088100,Penelope,Camilla,PICNIC_BASKET1,SEASHELLS,58264.0,5
1091200,Caesar,Pablo,PICNIC_BASKET1,SEASHELLS,58246.0,2
1091200,Camilla,Pablo,PICNIC_BASKET1,SEASHELLS,58245.0,2
1091900,Caesar,Pablo,PICNIC_BASKET1,SEASHELLS,58239.0,1
1091900,Camilla,Pablo,PICNIC_BASKET1,SEASHELLS,58239.0,5
1093400,Penelope,Camilla,PICNIC_BASKET1,SEASHELLS,58247.0,5
1095000,Penelope,Camilla,PICNIC_BASKET1,SEASHELLS,58226.0,9
1097100,Penelope,Caesar,PICNIC_BASKET1,SEASHELLS,58236.0,5
1102000,Caesar,Pablo,PICNIC_BASKET1,SEASHELLS,58253.0,1
1102000,Camilla,Pablo,PICNIC_BASKET1,SEASHELLS,58252.0,4
1102400,Penelope,Caesar,PICNIC_BASKET1,SEASHELLS,58270.0,2
1108200,Pablo,Caesar,PICNIC_BASKET1,SEASHELLS,58314.0,1
1110100,Caesar,Penelope,PICNIC_BASKET1,SEASHELLS,58300.0,1
1110400,Penelope,Camilla,PICNIC_BASKET1,SEASHELLS,58305.0,6
1111400,Caesar,Penelope,PICNIC_BASKET1,SEASHELLS,58310.0,2
1112400,Caesar,Penelope,PICNIC_BASKET1,SEASHELLS,58322.0,1
1113600,Penelope,Camilla,PICNIC_BASKET1,SEASHELLS,58320.0,8
1114500,Pablo,Caesar,PICNIC_BASKET1,SEASHELLS,58321.0,2
1114500,Pablo,Camilla,PICNIC_BASKET1,SEASHELLS,58321.0,1
1119600,Caesar,Penelope,PICNIC_BASKET1,SEASHELLS,58346.0,1
1126800,Caesar,Penelope,PICNIC_BASKET1,SEASHELLS,58304.0,1
1130000,Camilla,Pablo,PICNIC_BASKET1,SEASHELLS,58304.0,7
1131400,Pablo,Caesar,PICNIC_BASKET1,SEASHELLS,58300.0,1
1133300,Camilla,Caesar,PICNIC_BASKET1,SEASHELLS,58272.0,1
1134600,Camilla,Pablo,PICNIC_BASKET1,SEASHELLS,58283.0,5
1135200,Camilla,Penelope,PICNIC_BASKET1,SEASHELLS,58283.0,5
1136200,Caesar,Penelope,PICNIC_BASKET1,SEASHELLS,58294.0,1
1141800,Caesar,Pablo,PICNIC_BASKET1,SEASHELLS,58241.0,1
1141800,Camilla,Pablo,PICNIC_BASKET1,SEASHELLS,58240.0,5
1142500,Caesar,Penelope,PICNIC_BASKET1,SEASHELLS,58257.0,1
1144100,Caesar,Pablo,PICNIC_BASKET1,SEASHELLS,58273.0,2
1144100,Camilla,Pablo,PICNIC_BASKET1,SEASHELLS,58272.0,2
1144600,Penelope,Caesar,PICNIC_BASKET1,SEASHELLS,58289.0,2
1146600,Camilla,Penelope,PICNIC_BASKET1,SEASHELLS,58273.0,6
1148600,Pablo,Camilla,PICNIC_BASKET1,SEASHELLS,58281.0,5
1149300,Camilla,Pablo,PICNIC_BASKET1,SEASHELLS,58266.0,6
1153200,Penelope,Camilla,PICNIC_BASKET1,SEASHELLS,58286.0,9
1156300,Caesar,Pablo,PICNIC_BASKET1,SEASHELLS,58298.0,2
1156300,Camilla,Pablo,PICNIC_BASKET1,SEASHELLS,58297.0,6
1160900,Caesar,Penelope,PICNIC_BASKET1,SEASHELLS,58288.0,1
1165400,Pablo,Caesar,PICNIC_BASKET1,SEASHELLS,58288.0,1
1165400,Pablo,Camilla,PICNIC_BASKET1,SEASHELLS,58288.0,2
1166000,Penelope,Camilla,PICNIC_BASKET1,SEASHELLS,58282.0,6
1169300,Caesar,Pablo,PICNIC_BASKET1,SEASHELLS,58270.0,2
1169300,Camilla,Pablo,PICNIC_BASKET1,SEASHELLS,58270.0,6
1174600,Caesar,Penelope,PICNIC_BASKET1,SEASHELLS,58222.0,1
1175000,Pablo,Caesar,PICNIC_BASKET1,SEASHELLS,58239.0,1
1175200,Penelope,Camilla,PICNIC_BASKET1,SEASHELLS,58234.0,6
1182500,Caesar,Penelope,PICNIC_BASKET1,SEASHELLS,58211.0,1
1184900,Caesar,Pablo,PICNIC_BASKET1,SEASHELLS,58214.0,2
1190200,Pablo,Caesar,PICNIC_BASKET1,SEASHELLS,58202.0,1
1190200,Pablo,Camilla,PICNIC_BASKET1,SEASHELLS,58202.0,6
1190300,Caesar,Penelope,PICNIC_BASKET1,SEASHELLS,58196.0,1
1190600,Penelope,Caesar,PICNIC_BASKET1,SEASHELLS,58207.0,2
1196600,Penelope,Caesar,PICNIC_BASKET1,SEASHELLS,58239.0,1
1202400,Caesar,Pablo,PICNIC_BASKET1,SEASHELLS,58212.0,2
1202400,Camilla,Pablo,PICNIC_BASKET1,SEASHELLS,58211.0,3
1203300,Caesar,Pablo,PICNIC_BASKET1,SEASHELLS,58219.0,1
1203300,Camilla,Pablo,PICNIC_BASKET1,SEASHELLS,58218.0,2
1205700,Penelope,Camilla,PICNIC_BASKET1,SEASHELLS,58241.0,5
1206500,Caesar,Penelope,PICNIC_BASKET1,SEASHELLS,58225.0,2
1207300,Caesar,Pablo,PICNIC_BASKET1,SEASHELLS,58192.0,2
1207300,Camilla,Pablo,PICNIC_BASKET1,SEASHELLS,58192.0,3
1208200,Caesar,Pablo,PICNIC_BASKET1,SEASHELLS,58196.0,2
1208200,Camilla,Pablo,PICNIC_BASKET1,SEASHELLS,58195.0,3
1208500,Caesar,Penelope,PICNIC_BASKET1,SEASHELLS,58199.0,1
1208700,Caesar,Pablo,PICNIC_BASKET1,SEASHELLS,58203.0,2
1208700,Camilla,Pablo,PICNIC_BASKET1,SEASHELLS,58202.0,6
1208900,Penelope,Camilla,PICNIC_BASKET1,SEASHELLS,58209.0,9
1209100,Caesar,Penelope,PICNIC_BASKET1,SEASHELLS,58197.0,2
1210300,Pablo,Caesar,PICNIC_BASKET1,SEASHELLS,58200.0,1
1210300,Pablo,Camilla,PICNIC_BASKET1,SEASHELLS,58200.0,4
1212300,Pablo,Caesar,PICNIC_BASKET1,SEASHELLS,58177.0,2
1218400,Camilla,Pablo,PICNIC_BASKET1,SEASHELLS,58169.0,6
1219700,Pablo,Caesar,PICNIC_BASKET1,SEASHELLS,58183.0,2
1219900,Caesar,Pablo,PICNIC_BASKET1,SEASHELLS,58171.0,1
1219900,Camilla,Pablo,PICNIC_BASKET1,SEASHELLS,58170.0,7
1221600,Pablo,Caesar,PICNIC_BASKET1,SEASHELLS,58186.0,1
1221600,Pablo,Camilla,PICNIC_BASKET1,SEASHELLS,58186.0,3
1226400,Pablo,Camilla,PICNIC_BASKET1,SEASHELLS,58156.0,2
1230900,Penelope,Charlie,PICNIC_BASKET1,SEASHELLS,58140.0,6
1231500,Camilla,Pablo,PICNIC_BASKET1,SEASHELLS,58128.0,2
1233900,Caesar,Pablo,PICNIC_BASKET1,SEASHELLS,58154.0,2
1233900,Camilla,Pablo,PICNIC_BASKET1,SEASHELLS,58153.0,6
1234300,Penelope,Camilla,PICNIC_BASKET1,SEASHELLS,58170.0,8
1234600,Caesar,Pablo,PICNIC_BASKET1,SEASHELLS,58148.0,1
1234600,Camilla,Pablo,PICNIC_BASKET1,SEASHELLS,58147.0,3
1235900,Pablo,Caesar,PICNIC_BASKET1,SEASHELLS,58139.0,2
1243200,Penelope,Camilla,PICNIC_BASKET1,SEASHELLS,58088.0,9
1246100,Camilla,Pablo,PICNIC_BASKET1,SEASHELLS,58092.0,7
1248400,Pablo,Caesar,PICNIC_BASKET1,SEASHELLS,58088.0,4
1248400,Pablo,Camilla,PICNIC_BASKET1,SEASHELLS,58093.0,1
1250000,Caesar,Pablo,PICNIC_BASKET1,SEASHELLS,58079.0,1
1250400,Penelope,Caesar,PICNIC_BASKET1,SEASHELLS,58085.0,2
1250900,Pablo,Caesar,PICNIC_BASKET1,SEASHELLS,58086.0,2
1250900,Pablo,Camilla,PICNIC_BASKET1,SEASHELLS,58086.0,6
1253800,Penelope,Camilla,PICNIC_BASKET1,SEASHELLS,58104.0,10
1256600,Penelope,Caesar,PICNIC_BASKET1,SEASHELLS,58089.0,2
1265400,Caesar,Penelope,PICNIC_BASKET1,SEASHELLS,58100.0,1
1267900,Caesar,Penelope,PICNIC_BASKET1,SEASHELLS,58086.0,1
1275500,Caesar,Pablo,PICNIC_BASKET1,SEASHELLS,58102.0,2
1275500,Camilla,Pablo,PICNIC_BASKET1,SEASHELLS,58101.0,5
1275900,Penelope,Camilla,PICNIC_BASKET1,SEASHELLS,58119.0,6
1276900,Penelope,Caesar,PICNIC_BASKET1,SEASHELLS,58121.0,1
1282300,Camilla,Pablo,PICNIC_BASKET1,SEASHELLS,58088.0,3
1282800,Penelope,Caesar,PICNIC_BASKET1,SEASHELLS,58090.0,6
1283000,Pablo,Camilla,PICNIC_BASKET1,SEASHELLS,58095.0,3
1286200,Pablo,Camilla,PICNIC_BASKET1,SEASHELLS,58114.0,4
1288800,Caesar,Pablo,PICNIC_BASKET1,SEASHELLS,58080.0,1
1288800,Camilla,Pablo,PICNIC_BASKET1,SEASHELLS,58079.0,5
1290500,Caesar,Penelope,PICNIC_BASKET1,SEASHELLS,58085.0,2
1292300,Pablo,Caesar,PICNIC_BASKET1,SEASHELLS,58088.0,1
1293200,Caesar,Penelope,PICNIC_BASKET1,SEASHELLS,58091.0,1
1298100,Caesar,Penelope,PICNIC_BASKET1,SEASHELLS,58086.0,1
1298900,Camilla,Pablo,PICNIC_BASKET1,SEASHELLS,58096.0,5
1300800,Caesar,Penelope,PICNIC_BASKET1,SEASHELLS,58124.0,2
1303900,Penelope,Caesar,PICNIC_BASKET1,SEASHELLS,58162.0,2
1307600,Camilla,Penelope,PICNIC_BASKET1,SEASHELLS,58197.0,6
1311700,Pablo,Caesar,PICNIC_BASKET1,SEASHELLS,58218.0,1
1314400,Penelope,Camilla,PICNIC_BASKET1,SEASHELLS,58231.0,8
1314500,Caesar,Pablo,PICNIC_BASKET1,SEASHELLS,58221.0,2
1314500,Camilla,Pablo,PICNIC_BASKET1,SEASHELLS,58220.0,2
1317100,Charlie,Penelope,PICNIC_BASKET1,SEASHELLS,58227.0,5
1320500,Caesar,Penelope,PICNIC_BASKET1,SEASHELLS,58210.0,2
1321100,Penelope,Caesar,PICNIC_BASKET1,SEASHELLS,58221.0,2
1321200,Penelope,Caesar,PICNIC_BASKET1,SEASHELLS,58219.0,2
1324400,Camilla,Penelope,PICNIC_BASKET1,SEASHELLS,58197.0,7
1324800,Camilla,Pablo,PICNIC_BASKET1,SEASHELLS,58204.0,6
1326300,Caesar,Pablo,PICNIC_BASKET1,SEASHELLS,58220.0,2
1335000,Caesar,Penelope,PICNIC_BASKET1,SEASHELLS,58229.0,1
1336400,Pablo,Camilla,PICNIC_BASKET1,SEASHELLS,58207.0,5
1336600,Penelope,Caesar,PICNIC_BASKET1,SEASHELLS,58212.0,2
1341100,Camilla,Caesar,PICNIC_BASKET1,SEASHELLS,58180.0,1
1342200,Pablo,Camilla,PICNIC_BASKET1,SEASHELLS,58199.0,5
1344500,Caesar,Pablo,PICNIC_BASKET1,SEASHELLS,58149.0,2
1344500,Camilla,Pablo,PICNIC_BASKET1,SEASHELLS,58148.0,6
1345500,Caesar,Pablo,PICNIC_BASKET1,SEASHELLS,58137.0,3
1345500,Caesar,Pablo,PICNIC_BASKET1,SEASHELLS,58133.0,1
1345500,Camilla,Pablo,PICNIC_BASKET1,SEASHELLS,58132.0,1
1346700,Caesar,Pablo,PICNIC_BASKET1,SEASHELLS,58120.0,2
1346700,Camilla,Pablo,PICNIC_BASKET1,SEASHELLS,58120.0,1
1347100,Pablo,Caesar,PICNIC_BASKET1,SEASHELLS,58140.0,1
1348200,Caesar,Penelope,PICNIC_BASKET1,SEASHELLS,58140.0,2
1349500,Caesar,Pablo,PICNIC_BASKET1,SEASHELLS,58152.0,1
1349500,Camilla,Pablo,PICNIC_BASKET1,SEASHELLS,58152.0,1
1357200,Caesar,Pablo,PICNIC_BASKET1,SEASHELLS,58069.0,2
1358700,Caesar,Penelope,PICNIC_BASKET1,SEASHELLS,58076.0,2
1362100,Camilla,Pablo,PICNIC_BASKET1,SEASHELLS,58093.0,4
1363400,Caesar,Pablo,PICNIC_BASKET1,SEASHELLS,58070.0,1
1363400,Camilla,Pablo,PICNIC_BASKET1,SEASHELLS,58070.0,1
1372700,Caesar,Pablo,PICNIC_BASKET1,SEASHELLS,58207.0,1
1372700,Caesar,Pablo,PICNIC_BASKET1,SEASHELLS,58203.0,2
1376800,Penelope,Caesar,PICNIC_BASKET1,SEASHELLS,58243.0,2
1377700,Pablo,Caesar,PICNIC_BASKET1,SEASHELLS,58297.0,1
1377700,Pablo,Camilla,PICNIC_BASKET1,SEASHELLS,58297.0,5
1381000,Penelope,Camilla,PICNIC_BASKET1,SEASHELLS,58283.0,10
1387800,Pablo,Camilla,PICNIC_BASKET1,SEASHELLS,58270.0,6
1388800,Caesar,Pablo,PICNIC_BASKET1,SEASHELLS,58268.0,1
1388800,Camilla,Pablo,PICNIC_BASKET1,SEASHELLS,58268.0,5
1394600,Penelope,Camilla,PICNIC_BASKET1,SEASHELLS,58272.0,5
1394900,Caesar,Pablo,PICNIC_BASKET1,SEASHELLS,58272.0,2
1394900,Camilla,Pablo,PICNIC_BASKET1,SEASHELLS,58271.0,3
1396000,Caesar,Pablo,PICNIC_BASKET1,SEASHELLS,58241.0,1
1396000,Camilla,Pablo,PICNIC_BASKET1,SEASHELLS,58240.0,4
1402600,Caesar,Pablo,PICNIC_BASKET1,SEASHELLS,58278.0,2
1402600,Camilla,Pablo,PICNIC_BASKET1,SEASHELLS,58277.0,3
1402600,Camilla,Penelope,PICNIC_BASKET1,SEASHELLS,58277.0,9
1402900,Camilla,Pablo,PICNIC_BASKET1,SEASHELLS,58283.0,3
1403500,Caesar,Penelope,PICNIC_BASKET1,SEASHELLS,58280.0,5
1403700,Caesar,Pablo,PICNIC_BASKET1,SEASHELLS,58287.0,2
1403700,Camilla,Pablo,PICNIC_BASKET1,SEASHELLS,58286.0,4
1407100,Camilla,Penelope,PICNIC_BASKET1,SEASHELLS,58325.0,6
1407300,Penelope,Camilla,PICNIC_BASKET1,SEASHELLS,58354.0,7
1409800,Penelope,Camilla,PICNIC_BASKET1,SEASHELLS,58392.0,6
1410900,Pablo,Caesar,PICNIC_BASKET1,SEASHELLS,58366.0,2
1426500,Caesar,Penelope,PICNIC_BASKET1,SEASHELLS,58390.0,1
1426600,Caesar,Pablo,PICNIC_BASKET1,SEASHELLS,58391.0,2
1430200,Caesar,Penelope,PICNIC_BASKET1,SEASHELLS,58403.0,2
1430400,Caesar,Pablo,PICNIC_BASKET1,SEASHELLS,58400.0,1
1430400,Camilla,Pablo,PICNIC_BASKET1,SEASHELLS,58399.0,3
1431300,Caesar,Penelope,PICNIC_BASKET1,SEASHELLS,58379.0,2
1432100,Camilla,Penelope,PICNIC_BASKET1,SEASHELLS,58389.0,5
1433200,Pablo,Caesar,PICNIC_BASKET1,SEASHELLS,58406.0,2
1433600,Pablo,Caesar,PICNIC_BASKET1,SEASHELLS,58406.0,2
1433600,Pablo,Camilla,PICNIC_BASKET1,SEASHELLS,58406.0,3
1433600,Penelope,Camilla,PICNIC_BASKET1,SEASHELLS,58407.0,8
1434800,Pablo,Caesar,PICNIC_BASKET1,SEASHELLS,58428.0,2
1439600,Camilla,Penelope,PICNIC_BASKET1,SEASHELLS,58378.0,9
1440000,Caesar,Penelope,PICNIC_BASKET1,SEASHELLS,58384.0,1
1441300,Caesar,Penelope,PICNIC_BASKET1,SEASHELLS,58395.0,2
1442700,Camilla,Penelope,PICNIC_BASKET1,SEASHELLS,58421.0,10
1447300,Penelope,Camilla,PICNIC_BASKET1,SEASHELLS,58390.0,5
1448900,Penelope,Caesar,PICNIC_BASKET1,SEASHELLS,58383.0,2
1450800,Penelope,Caesar,PICNIC_BASKET1,SEASHELLS,58385.0,1
1454200,Camilla,Caesar,PICNIC_BASKET1,SEASHELLS,58314.0,1
1455200,Caesar,Penelope,PICNIC_BASKET1,SEASHELLS,58321.0,8
1457900,Caesar,Pablo,PICNIC_BASKET1,SEASHELLS,58315.0,2
1461100,Penelope,Camilla,PICNIC_BASKET1,SEASHELLS,58370.0,9
1468800,Camilla,Pablo,PICNIC_BASKET1,SEASHELLS,58419.0,7
1469100,Caesar,Pablo,PICNIC_BASKET1,SEASHELLS,58423.0,1
1469100,Camilla,Pablo,PICNIC_BASKET1,SEASHELLS,58422.0,3
1469100,Camilla,Penelope,PICNIC_BASKET1,SEASHELLS,58422.0,6
1470700,Caesar,Penelope,PICNIC_BASKET1,SEASHELLS,58429.0,1
1472900,Caesar,Pablo,PICNIC_BASKET1,SEASHELLS,58468.0,1
1472900,Camilla,Pablo,PICNIC_BASKET1,SEASHELLS,58467.0,5
1473100,Penelope,Caesar,PICNIC_BASKET1,SEASHELLS,58471.0,1
1473700,Camilla,Pablo,PICNIC_BASKET1,SEASHELLS,58464.0,7
1474300,Camilla,Penelope,PICNIC_BASKET1,SEASHELLS,58462.0,10
1475500,Pablo,Caesar,PICNIC_BASKET1,SEASHELLS,58465.0,2
1475500,Pablo,Camilla,PICNIC_BASKET1,SEASHELLS,58465.0,4
1475600,Caesar,Penelope,PICNIC_BASKET1,SEASHELLS,58475.0,2
1475800,Penelope,Caesar,PICNIC_BASKET1,SEASHELLS,58479.0,1
1481900,Camilla,Penelope,PICNIC_BASKET1,SEASHELLS,58456.0,9
1483900,Caesar,Penelope,PICNIC_BASKET1,SEASHELLS,58454.0,1
1487100,Charlie,Penelope,PICNIC_BASKET1,SEASHELLS,58410.0,9
1487800,Caesar,Penelope,PICNIC_BASKET1,SEASHELLS,58391.0,2
1491300,Penelope,Caesar,PICNIC_BASKET1,SEASHELLS,58346.0,1
1492200,Penelope,Caesar,PICNIC_BASKET1,SEASHELLS,58359.0,1
1499400,Camilla,Penelope,PICNIC_BASKET1,SEASHELLS,58350.0,10
1501200,Pablo,Caesar,PICNIC_BASKET1,SEASHELLS,58333.0,2
1501200,Pablo,Camilla,PICNIC_BASKET1,SEASHELLS,58333.0,6
1502300,Camilla,Pablo,PICNIC_BASKET1,SEASHELLS,58318.0,2
1505500,Pablo,Caesar,PICNIC_BASKET1,SEASHELLS,58329.0,2
1507800,Camilla,Penelope,PICNIC_BASKET1,SEASHELLS,58360.0,9
1509300,Penelope,Camilla,PICNIC_BASKET1,SEASHELLS,58320.0,5
1509500,Caesar,Pablo,PICNIC_BASKET1,SEASHELLS,58314.0,1
1509500,Camilla,Pablo,PICNIC_BASKET1,SEASHELLS,58313.0,4
1512000,Camilla,Pablo,PICNIC_BASKET1,SEASHELLS,58309.0,5
1514700,Caesar,Pablo,PICNIC_BASKET1,SEASHELLS,58297.0,1
1514700,Camilla,Pablo,PICNIC_BASKET1,SEASHELLS,58297.0,2
1520500,Caesar,Pablo,PICNIC_BASKET1,SEASHELLS,58314.0,3
1520500,Caesar,Pablo,PICNIC_BASKET1,SEASHELLS,58310.0,2
1520500,Camilla,Pablo,PICNIC_BASKET1,SEASHELLS,58309.0,2
1522200,Camilla,Pablo,PICNIC_BASKET1,SEASHELLS,58307.0,7
1527900,Penelope,Charlie,PICNIC_BASKET1,SEASHELLS,58256.0,9
1531200,Caesar,Penelope,PICNIC_BASKET1,SEASHELLS,58218.0,2
1533500,Caesar,Pablo,PICNIC_BASKET1,SEASHELLS,58228.0,2
1533800,Pablo,Camilla,PICNIC_BASKET1,SEASHELLS,58235.0,5
1537900,Pablo,Caesar,PICNIC_BASKET1,SEASHELLS,58230.0,1
1539000,Camilla,Penelope,PICNIC_BASKET1,SEASHELLS,58209.0,10
1546800,Pablo,Caesar,PICNIC_BASKET1,SEASHELLS,58256.0,2
1546800,Pablo,Camilla,PICNIC_BASKET1,SEASHELLS,58256.0,3
1547500,Caesar,Penelope,PICNIC_BASKET1,SEASHELLS,58255.0,2
1550400,Pablo,Camilla,PICNIC_BASKET1,SEASHELLS,58246.0,6
1551100,Camilla,Penelope,PICNIC_BASKET1,SEASHELLS,58234.0,7
1557800,Penelope,Camilla,PICNIC_BASKET1,SEASHELLS,58279.0,6
1560000,Caesar,Penelope,PICNIC_BASKET1,SEASHELLS,58306.0,1
1562000,Penelope,Caesar,PICNIC_BASKET1,SEASHELLS,58274.0,1
1562400,Caesar,Penelope,PICNIC_BASKET1,SEASHELLS,58259.0,2
1562600,Camilla,Penelope,PICNIC_BASKET1,SEASHELLS,58257.0,9
1563400,Penelope,Caesar,PICNIC_BASKET1,SEASHELLS,58267.0,2
1565000,Penelope,Caesar,PICNIC_BASKET1,SEASHELLS,58284.0,1
1567600,Penelope,Camilla,PICNIC_BASKET1,SEASHELLS,58249.0,10
1569600,Penelope,Caesar,PICNIC_BASKET1,SEASHELLS,58227.0,2
1570300,Caesar,Pablo,PICNIC_BASKET1,SEASHELLS,58210.0,2
1570300,Camilla,Pablo,PICNIC_BASKET1,SEASHELLS,58210.0,6
1570300,Charlie,Penelope,PICNIC_BASKET1,SEASHELLS,58209.0,6
1571800,Caesar,Penelope,PICNIC_BASKET1,SEASHELLS,58202.0,1
1575600,Caesar,Pablo,PICNIC_BASKET1,SEASHELLS,58210.0,1
1581100,Penelope,Caesar,PICNIC_BASKET1,SEASHELLS,58158.0,1
1583100,Pablo,Camilla,PICNIC_BASKET1,SEASHELLS,58177.0,4
1585300,Camilla,Pablo,PICNIC_BASKET1,SEASHELLS,58175.0,5
1586100,Pablo,Caesar,PICNIC_BASKET1,SEASHELLS,58188.0,1
1586900,Caesar,Pablo,PICNIC_BASKET1,SEASHELLS,58184.0,1
1586900,Camilla,Pablo,PICNIC_BASKET1,SEASHELLS,58183.0,6
1587600,Penelope,Camilla,PICNIC_BASKET1,SEASHELLS,58211.0,7
1590600,Pablo,Camilla,PICNIC_BASKET1,SEASHELLS,58189.0,2
1590700,Caesar,Penelope,PICNIC_BASKET1,SEASHELLS,58182.0,3
1591000,Camilla,Penelope,PICNIC_BASKET1,SEASHELLS,58185.0,8
1593300,Caesar,Pablo,PICNIC_BASKET1,SEASHELLS,58206.0,1
1593300,Camilla,Pablo,PICNIC_BASKET1,SEASHELLS,58205.0,6
1597300,Pablo,Caesar,PICNIC_BASKET1,SEASHELLS,58178.0,1
1597300,Pablo,Camilla,PICNIC_BASKET1,SEASHELLS,58178.0,1
1597600,Caesar,Pablo,PICNIC_BASKET1,SEASHELLS,58174.0,2
1599200,Penelope,Caesar,PICNIC_BASKET1,SEASHELLS,58197.0,2
1601400,Camilla,Pablo,PICNIC_BASKET1,SEASHELLS,58166.0,2
1601700,Pablo,Camilla,PICNIC_BASKET1,SEASHELLS,58179.0,4
1602400,Penelope,Caesar,PICNIC_BASKET1,SEASHELLS,58168.0,2
1603000,Penelope,Caesar,PICNIC_BASKET1,SEASHELLS,58151.0,1
1605700,Caesar,Penelope,PICNIC_BASKET1,SEASHELLS,58150.0,1
1606000,Camilla,Penelope,PICNIC_BASKET1,SEASHELLS,58162.0,8
1609200,Pablo,Caesar,PICNIC_BASKET1,SEASHELLS,58186.0,1
1612600,Caesar,Pablo,PICNIC_BASKET1,SEASHELLS,58215.0,2
1612600,Camilla,Pablo,PICNIC_BASKET1,SEASHELLS,58214.0,5
1613300,Penelope,Caesar,PICNIC_BASKET1,SEASHELLS,58233.0,2
1613900,Pablo,Camilla,PICNIC_BASKET1,SEASHELLS,58247.0,5
1615400,Caesar,Pablo,PICNIC_BASKET1,SEASHELLS,58205.0,2
1615400,Camilla,Pablo,PICNIC_BASKET1,SEASHELLS,58204.0,2
1617000,Caesar,Pablo,PICNIC_BASKET1,SEASHELLS,58201.0,1
1617000,Camilla,Pablo,PICNIC_BASKET1,SEASHELLS,58200.0,3
1619200,Penelope,Camilla,PICNIC_BASKET1,SEASHELLS,58193.0,9
1620900,Camilla,Penelope,PICNIC_BASKET1,SEASHELLS,58209.0,9
1623200,Caesar,Penelope,PICNIC_BASKET1,SEASHELLS,58263.0,2
1625500,Pablo,Camilla,PICNIC_BASKET1,SEASHELLS,58303.0,3
1625700,Penelope,Caesar,PICNIC_BASKET1,SEASHELLS,58304.0,1
1627400,Caesar,Penelope,PICNIC_BASKET1,SEASHELLS,58342.0,1
1628300,Camilla,Pablo,PICNIC_BASKET1,SEASHELLS,58340.0,6
1628400,Caesar,Pablo,PICNIC_BASKET1,SEASHELLS,58345.0,2
1631400,Pablo,Caesar,PICNIC_BASKET1,SEASHELLS,58337.0,1
1634300,Penelope,Camilla,PICNIC_BASKET1,SEASHELLS,58328.0,10
1635600,Penelope,Camilla,PICNIC_BASKET1,SEASHELLS,58311.0,5
1636400,Pablo,Caesar,PICNIC_BASKET1,SEASHELLS,58305.0,1
1639200,Caesar,Pablo,PICNIC_BASKET1,SEASHELLS,58285.0,2
1639200,Camilla,Pablo,PICNIC_BASKET1,SEASHELLS,58284.0,5
1640500,Pablo,Caesar,PICNIC_BASKET1,SEASHELLS,58295.0,2
1644600,Caesar,Pablo,PICNIC_BASKET1,SEASHELLS,58319.0,1
1644600,Camilla,Pablo,PICNIC_BASKET1,SEASHELLS,58318.0,5
1646900,Caesar,Penelope,PICNIC_BASKET1,SEASHELLS,58296.0,2
1648700,Penelope,Caesar,PICNIC_BASKET1,SEASHELLS,58317.0,1
1648800,Penelope,Caesar,PICNIC_BASKET1,SEASHELLS,58319.0,2
1650300,Camilla,Pablo,PICNIC_BASKET1,SEASHELLS,58298.0,4
1650800,Caesar,Penelope,PICNIC_BASKET1,SEASHELLS,58307.0,2
1651300,Penelope,Camilla,PICNIC_BASKET1,SEASHELLS,58313.0,8
1652900,Pablo,Camilla,PICNIC_BASKET1,SEASHELLS,58270.0,6
1654100,Camilla,Pablo,PICNIC_BASKET1,SEASHELLS,58268.0,6
1654200,Pablo,Camilla,PICNIC_BASKET1,SEASHELLS,58283.0,6
1658400,Penelope,Caesar,PICNIC_BASKET1,SEASHELLS,58243.0,1
1665200,Penelope,Camilla,PICNIC_BASKET1,SEASHELLS,58226.0,9
1667800,Penelope,Caesar,PICNIC_BASKET1,SEASHELLS,58210.0,2
1669500,Pablo,Caesar,PICNIC_BASKET1,SEASHELLS,58285.0,1
1669500,Pablo,Camilla,PICNIC_BASKET1,SEASHELLS,58285.0,6
1670200,Caesar,Penelope,PICNIC_BASKET1,SEASHELLS,58274.0,1
1671700,Camilla,Pablo,PICNIC_BASKET1,SEASHELLS,58266.0,5
1676600,Pablo,Camilla,PICNIC_BASKET1,SEASHELLS,58307.0,3
1681300,Caesar,Pablo,PICNIC_BASKET1,SEASHELLS,58278.0,2
1686600,Caesar,Penelope,PICNIC_BASKET1,SEASHELLS,58326.0,1
1691100,Penelope,Caesar,PICNIC_BASKET1,SEASHELLS,58316.0,1
1692900,Camilla,Penelope,PICNIC_BASKET1,SEASHELLS,58299.0,6
1693800,Penelope,Camilla,PICNIC_BASKET1,SEASHELLS,58284.0,6
1695100,Camilla,Penelope,PICNIC_BASKET1,SEASHELLS,58290.0,6
1703400,Camilla,Penelope,PICNIC_BASKET1,SEASHELLS,58269.0,8
1703900,Camilla,Pablo,PICNIC_BASKET1,SEASHELLS,58261.0,8
1709300,Pablo,Caesar,PICNIC_BASKET1,SEASHELLS,58340.0,1
1710400,Penelope,Camilla,PICNIC_BASKET1,SEASHELLS,58306.0,7
1710600,Penelope,Caesar,PICNIC_BASKET1,SEASHELLS,58301.0,1
1711700,Caesar,Pablo,PICNIC_BASKET1,SEASHELLS,58279.0,2
1711700,Camilla,Pablo,PICNIC_BASKET1,SEASHELLS,58278.0,3
1718100,Camilla,Pablo,PICNIC_BASKET1,SEASHELLS,58271.0,3
1719200,Penelope,Camilla,PICNIC_BASKET1,SEASHELLS,58257.0,6
1719800,Camilla,Pablo,PICNIC_BASKET1,SEASHELLS,58236.0,3
1721900,Caesar,Pablo,PICNIC_BASKET1,SEASHELLS,58240.0,2
1722700,Camilla,Penelope,PICNIC_BASKET1,SEASHELLS,58226.0,8
1724600,Penelope,Caesar,PICNIC_BASKET1,SEASHELLS,58225.0,2
1725900,Penelope,Caesar,PICNIC_BASKET1,SEASHELLS,58254.0,2
1727600,Pablo,Camilla,PICNIC_BASKET1,SEASHELLS,58235.0,4
1733300,Penelope,Caesar,PICNIC_BASKET1,SEASHELLS,58192.0,1
1734600,Penelope,Caesar,PICNIC_BASKET1,SEASHELLS,58191.0,1
1736800,Penelope,Camilla,PICNIC_BASKET1,SEASHELLS,58240.0,6
1738200,Camilla,Pablo,PICNIC_BASKET1,SEASHELLS,58222.0,4
1738500,Caesar,Penelope,PICNIC_BASKET1,SEASHELLS,58227.0,6
1742500,Caesar,Pablo,PICNIC_BASKET1,SEASHELLS,58230.0,1
1742500,Camilla,Pablo,PICNIC_BASKET1,SEASHELLS,58229.0,3
1745000,Caesar,Pablo,PICNIC_BASKET1,SEASHELLS,58244.0,2
1745000,Camilla,Pablo,PICNIC_BASKET1,SEASHELLS,58243.0,5
1746200,Camilla,Caesar,PICNIC_BASKET1,SEASHELLS,58252.0,1
1748600,Caesar,Pablo,PICNIC_BASKET1,SEASHELLS,58266.0,2
1749100,Caesar,Pablo,PICNIC_BASKET1,SEASHELLS,58268.0,1
1749100,Camilla,Pablo,PICNIC_BASKET1,SEASHELLS,58268.0,4
1756600,Pablo,Caesar,PICNIC_BASKET1,SEASHELLS,58278.0,1
1756600,Pablo,Camilla,PICNIC_BASKET1,SEASHELLS,58278.0,7
1758600,Penelope,Camilla,PICNIC_BASKET1,SEASHELLS,58295.0,6
1758900,Caesar,Penelope,PICNIC_BASKET1,SEASHELLS,58287.0,2
1759300,Camilla,Penelope,PICNIC_BASKET1,SEASHELLS,58289.0,6
1763000,Penelope,Caesar,PICNIC_BASKET1,SEASHELLS,58268.0,1
1764700,Penelope,Camilla,PICNIC_BASKET1,SEASHELLS,58226.0,7
1767800,Caesar,Pablo,PICNIC_BASKET1,SEASHELLS,58281.0,2
1767800,Camilla,Pablo,PICNIC_BASKET1,SEASHELLS,58276.0,6
1777000,Camilla,Pablo,PICNIC_BASKET1,SEASHELLS,58257.0,2
1777400,Penelope,Caesar,PICNIC_BASKET1,SEASHELLS,58272.0,2
1778300,Pablo,Caesar,PICNIC_BASKET1,SEASHELLS,58282.0,3
1779900,Caesar,Penelope,PICNIC_BASKET1,SEASHELLS,58284.0,2
1780200,Penelope,Caesar,PICNIC_BASKET1,SEASHELLS,58290.0,1
1782600,Caesar,Penelope,PICNIC_BASKET1,SEASHELLS,58282.0,2
1783900,Caesar,Pablo,PICNIC_BASKET1,SEASHELLS,58294.0,1
1783900,Camilla,Pablo,PICNIC_BASKET1,SEASHELLS,58293.0,6
1784100,Pablo,Caesar,PICNIC_BASKET1,SEASHELLS,58307.0,1
1787900,Pablo,Caesar,PICNIC_BASKET1,SEASHELLS,58230.0,1
1788700,Caesar,Penelope,PICNIC_BASKET1,SEASHELLS,58216.0,1
1793600,Camilla,Penelope,PICNIC_BASKET1,SEASHELLS,58261.0,9
1794000,Camilla,Penelope,PICNIC_BASKET1,SEASHELLS,58266.0,8
1794200,Caesar,Pablo,PICNIC_BASKET1,SEASHELLS,58264.0,2
1795500,Caesar,Pablo,PICNIC_BASKET1,SEASHELLS,58245.0,1
1795500,Camilla,Pablo,PICNIC_BASKET1,SEASHELLS,58244.0,3
1795900,Caesar,Pablo,PICNIC_BASKET1,SEASHELLS,58248.0,1
1795900,Camilla,Pablo,PICNIC_BASKET1,SEASHELLS,58247.0,3
1800000,Camilla,Pablo,PICNIC_BASKET1,SEASHELLS,58218.0,3
1801600,Camilla,Pablo,PICNIC_BASKET1,SEASHELLS,58203.0,4
1804600,Pablo,Camilla,PICNIC_BASKET1,SEASHELLS,58152.0,3
1805100,Charlie,Penelope,PICNIC_BASKET1,SEASHELLS,58135.0,5
1807100,Penelope,Caesar,PICNIC_BASKET1,SEASHELLS,58151.0,1
1816600,Caesar,Penelope,PICNIC_BASKET1,SEASHELLS,58182.0,2
1817900,Caesar,Penelope,PICNIC_BASKET1,SEASHELLS,58193.0,5
1818900,Penelope,Camilla,PICNIC_BASKET1,SEASHELLS,58187.0,10
1819200,Penelope,Caesar,PICNIC_BASKET1,SEASHELLS,58169.0,1
1819300,Camilla,Penelope,PICNIC_BASKET1,SEASHELLS,58159.0,9
1820800,Penelope,Caesar,PICNIC_BASKET1,SEASHELLS,58157.0,2
1822400,Penelope,Camilla,PICNIC_BASKET1,SEASHELLS,58136.0,10
1826000,Penelope,Caesar,PICNIC_BASKET1,SEASHELLS,58168.0,2
1826500,Caesar,Pablo,PICNIC_BASKET1,SEASHELLS,58181.0,1
1833200,Camilla,Penelope,PICNIC_BASKET1,SEASHELLS,58207.0,10
1835400,Caesar,Pablo,PICNIC_BASKET1,SEASHELLS,58192.0,2
1835400,Camilla,Pablo,PICNIC_BASKET1,SEASHELLS,58191.0,3
1835800,Camilla,Penelope,PICNIC_BASKET1,SEASHELLS,58188.0,5
1836000,Penelope,Caesar,PICNIC_BASKET1,SEASHELLS,58193.0,2
1838500,Camilla,Penelope,PICNIC_BASKET1,SEASHELLS,58226.0,6
1839500,Camilla,Penelope,PICNIC_BASKET1,SEASHELLS,58209.0,7
1839600,Pablo,Caesar,PICNIC_BASKET1,SEASHELLS,58219.0,1
1840000,Caesar,Pablo,PICNIC_BASKET1,SEASHELLS,58220.0,2
1840000,Camilla,Pablo,PICNIC_BASKET1,SEASHELLS,58219.0,4
1840200,Pablo,Camilla,PICNIC_BASKET1,SEASHELLS,58231.0,4
1840600,Caesar,Pablo,PICNIC_BASKET1,SEASHELLS,58239.0,1
1840600,Camilla,Pablo,PICNIC_BASKET1,SEASHELLS,58238.0,2
1841200,Pablo,Caesar,PICNIC_BASKET1,SEASHELLS,58258.0,1
1844200,Caesar,Penelope,PICNIC_BASKET1,SEASHELLS,58280.0,2
1844700,Caesar,Pablo,PICNIC_BASKET1,SEASHELLS,58277.0,1
1844700,Camilla,Pablo,PICNIC_BASKET1,SEASHELLS,58276.0,4
1845800,Caesar,Pablo,PICNIC_BASKET1,SEASHELLS,58275.0,2
1847400,Camilla,Penelope,PICNIC_BASKET1,SEASHELLS,58242.0,5
1850200,Caesar,Penelope,PICNIC_BASKET1,SEASHELLS,58251.0,1
1851800,Pablo,Caesar,PICNIC_BASKET1,SEASHELLS,58288.0,1
1851800,Pablo,Camilla,PICNIC_BASKET1,SEASHELLS,58288.0,2
1855800,Penelope,Caesar,PICNIC_BASKET1,SEASHELLS,58314.0,2
1856400,Caesar,Penelope,PICNIC_BASKET1,SEASHELLS,58312.0,3
1859900,Caesar,Penelope,PICNIC_BASKET1,SEASHELLS,58319.0,2
1860200,Penelope,Camilla,PICNIC_BASKET1,SEASHELLS,58330.0,7
1861900,Penelope,Camilla,PICNIC_BASKET1,SEASHELLS,58337.0,6
1862200,Caesar,Penelope,PICNIC_BASKET1,SEASHELLS,58331.0,2
1864600,Caesar,Pablo,PICNIC_BASKET1,SEASHELLS,58348.0,2
1864600,Camilla,Pablo,PICNIC_BASKET1,SEASHELLS,58347.0,1
1865600,Penelope,Caesar,PICNIC_BASKET1,SEASHELLS,58339.0,1
1868500,Camilla,Pablo,PICNIC_BASKET1,SEASHELLS,58335.0,6
1869200,Pablo,Camilla,PICNIC_BASKET1,SEASHELLS,58348.0,4
1874600,Penelope,Caesar,PICNIC_BASKET1,SEASHELLS,58371.0,2
1875400,Pablo,Caesar,PICNIC_BASKET1,SEASHELLS,58358.0,1
1875400,Pablo,Camilla,PICNIC_BASKET1,SEASHELLS,58358.0,2
1876100,Penelope,Caesar,PICNIC_BASKET1,SEASHELLS,58347.0,2
1879400,Penelope,Camilla,PICNIC_BASKET1,SEASHELLS,58363.0,9
1883900,Caesar,Pablo,PICNIC_BASKET1,SEASHELLS,58324.0,1
1883900,Camilla,Pablo,PICNIC_BASKET1,SEASHELLS,58323.0,2
1886000,Penelope,Caesar,PICNIC_BASKET1,SEASHELLS,58314.0,1
1888900,Pablo,Caesar,PICNIC_BASKET1,SEASHELLS,58340.0,1
1888900,Pablo,Camilla,PICNIC_BASKET1,SEASHELLS,58340.0,4
1891000,Camilla,Caesar,PICNIC_BASKET1,SEASHELLS,58337.0,1
1891400,Penelope,Caesar,PICNIC_BASKET1,SEASHELLS,58341.0,2
1891700,Penelope,Caesar,PICNIC_BASKET1,SEASHELLS,58333.0,7
1892000,Penelope,Camilla,PICNIC_BASKET1,SEASHELLS,58331.0,6
1893700,Pablo,Caesar,PICNIC_BASKET1,SEASHELLS,58338.0,1
1894100,Pablo,Caesar,PICNIC_BASKET1,SEASHELLS,58349.0,2
1894100,Pablo,Camilla,PICNIC_BASKET1,SEASHELLS,58349.0,5
1898800,Caesar,Penelope,PICNIC_BASKET1,SEASHELLS,58305.0,2
1899600,Penelope,Camilla,PICNIC_BASKET1,SEASHELLS,58306.0,9
1903300,Caesar,Pablo,PICNIC_BASKET1,SEASHELLS,58276.0,1
1903300,Camilla,Pablo,PICNIC_BASKET1,SEASHELLS,58275.0,3
1904100,Pablo,Caesar,PICNIC_BASKET1,SEASHELLS,58281.0,4
1905100,Camilla,Pablo,PICNIC_BASKET1,SEASHELLS,58276.0,7
1905700,Camilla,Pablo,PICNIC_BASKET1,SEASHELLS,58268.0,7
1907500,Pablo,Caesar,PICNIC_BASKET1,SEASHELLS,58284.0,2
1907500,Pablo,Camilla,PICNIC_BASKET1,SEASHELLS,58284.0,5
1909800,Penelope,Caesar,PICNIC_BASKET1,SEASHELLS,58258.0,1
1914200,Penelope,Charlie,PICNIC_BASKET1,SEASHELLS,58244.0,6
1915400,Caesar,Pablo,PICNIC_BASKET1,SEASHELLS,58264.0,2
1915400,Camilla,Pablo,PICNIC_BASKET1,SEASHELLS,58263.0,4
1915800,Penelope,Caesar,PICNIC_BASKET1,SEASHELLS,58260.0,4
1921400,Penelope,Camilla,PICNIC_BASKET1,SEASHELLS,58242.0,10
1923900,Pablo,Camilla,PICNIC_BASKET1,SEASHELLS,58244.0,5
1924300,Caesar,Pablo,PICNIC_BASKET1,SEASHELLS,58232.0,2
1924300,Camilla,Pablo,PICNIC_BASKET1,SEASHELLS,58231.0,4
1926100,Caesar,Penelope,PICNIC_BASKET1,SEASHELLS,58223.0,1
1927900,Caesar,Penelope,PICNIC_BASKET1,SEASHELLS,58232.0,2
1928800,Camilla,Caesar,PICNIC_BASKET1,SEASHELLS,58227.0,1
1929200,Caesar,Pablo,PICNIC_BASKET1,SEASHELLS,58231.0,1
1929200,Camilla,Pablo,PICNIC_BASKET1,SEASHELLS,58230.0,7
1932300,Caesar,Pablo,PICNIC_BASKET1,SEASHELLS,58252.0,2
1932300,Camilla,Pablo,PICNIC_BASKET1,SEASHELLS,58252.0,4
1932600,Penelope,Caesar,PICNIC_BASKET1,SEASHELLS,58255.0,2
1934000,Caesar,Pablo,PICNIC_BASKET1,SEASHELLS,58250.0,1
1934000,Camilla,Pablo,PICNIC_BASKET1,SEASHELLS,58250.0,1
1935600,Caesar,Penelope,PICNIC_BASKET1,SEASHELLS,58250.0,1
1936700,Caesar,Penelope,PICNIC_BASKET1,SEASHELLS,58242.0,1
1940900,Caesar,Penelope,PICNIC_BASKET1,SEASHELLS,58232.0,1
1942600,Camilla,Pablo,PICNIC_BASKET1,SEASHELLS,58265.0,8
1944400,Penelope,Charlie,PICNIC_BASKET1,SEASHELLS,58285.0,10
1944500,Caesar,Penelope,PICNIC_BASKET1,SEASHELLS,58273.0,1
1946100,Camilla,Penelope,PICNIC_BASKET1,SEASHELLS,58301.0,7
1946200,Caesar,Penelope,PICNIC_BASKET1,SEASHELLS,58302.0,2
1946800,Pablo,Camilla,PICNIC_BASKET1,SEASHELLS,58319.0,6
1947900,Caesar,Pablo,PICNIC_BASKET1,SEASHELLS,58303.0,1
1947900,Camilla,Pablo,PICNIC_BASKET1,SEASHELLS,58302.0,3
1950300,Penelope,Camilla,PICNIC_BASKET1,SEASHELLS,58351.0,10
1957200,Camilla,Pablo,PICNIC_BASKET1,SEASHELLS,58293.0,7
1957300,Caesar,Pablo,PICNIC_BASKET1,SEASHELLS,58297.0,2
1957300,Camilla,Pablo,PICNIC_BASKET1,SEASHELLS,58296.0,2
1957500,Caesar,Pablo,PICNIC_BASKET1,SEASHELLS,58300.0,1
1957500,Camilla,Pablo,PICNIC_BASKET1,SEASHELLS,58299.0,3
1961500,Penelope,Camilla,PICNIC_BASKET1,SEASHELLS,58302.0,9
1963100,Penelope,Caesar,PICNIC_BASKET1,SEASHELLS,58321.0,1
1965400,Pablo,Camilla,PICNIC_BASKET1,SEASHELLS,58366.0,6
1965600,Camilla,Pablo,PICNIC_BASKET1,SEASHELLS,58357.0,5
1965700,Penelope,Caesar,PICNIC_BASKET1,SEASHELLS,58373.0,2
1965900,Pablo,Caesar,PICNIC_BASKET1,SEASHELLS,58370.0,1
1967100,Penelope,Caesar,PICNIC_BASKET1,SEASHELLS,58388.0,1
1968300,Penelope,Caesar,PICNIC_BASKET1,SEASHELLS,58391.0,1
1973900,Pablo,Caesar,PICNIC_BASKET1,SEASHELLS,58456.0,1
1973900,Pablo,Camilla,PICNIC_BASKET1,SEASHELLS,58456.0,1
1974800,Caesar,Penelope,PICNIC_BASKET1,SEASHELLS,58429.0,2
1977200,Penelope,Caesar,PICNIC_BASKET1,SEASHELLS,58445.0,2
1982400,Caesar,Penelope,PICNIC_BASKET1,SEASHELLS,58407.0,1
1982600,Camilla,Pablo,PICNIC_BASKET1,SEASHELLS,58405.0,3
1985200,Pablo,Camilla,PICNIC_BASKET1,SEASHELLS,58396.0,7
1986300,Caesar,Penelope,PICNIC_BASKET1,SEASHELLS,58392.0,1
1987500,Camilla,Caesar,PICNIC_BASKET1,SEASHELLS,58415.0,1
1988100,Camilla,Penelope,PICNIC_BASKET1,SEASHELLS,58406.0,9
1989100,Camilla,Pablo,PICNIC_BASKET1,SEASHELLS,58399.0,5
1999600,Caesar,Penelope,PICNIC_BASKET1,SEASHELLS,58321.0,1
2001500,Penelope,Camilla,PICNIC_BASKET1,SEASHELLS,58352.0,5
2001700,Penelope,Camilla,PICNIC_BASKET1,SEASHELLS,58356.0,6
2004200,Caesar,Pablo,PICNIC_BASKET1,SEASHELLS,58331.0,2
2006300,Camilla,Pablo,PICNIC_BASKET1,SEASHELLS,58337.0,3
2016500,Caesar,Penelope,PICNIC_BASKET1,SEASHELLS,58368.0,1
2017500,Caesar,Penelope,PICNIC_BASKET1,SEASHELLS,58382.0,2
2017600,Penelope,Caesar,PICNIC_BASKET1,SEASHELLS,58393.0,1
2019100,Caesar,Penelope,PICNIC_BASKET1,SEASHELLS,58371.0,1
2019700,Caesar,Pablo,PICNIC_BASKET1,SEASHELLS,58381.0,1
2019700,Camilla,Pablo,PICNIC_BASKET1,SEASHELLS,58380.0,6
2021500,Penelope,Caesar,PICNIC_BASKET1,SEASHELLS,58416.0,2
2024100,Pablo,Caesar,PICNIC_BASKET1,SEASHELLS,58418.0,1
2024100,Pablo,Camilla,PICNIC_BASKET1,SEASHELLS,58418.0,3
2026900,Penelope,Caesar,PICNIC_BASKET1,SEASHELLS,58412.0,1
2027600,Caesar,Penelope,PICNIC_BASKET1,SEASHELLS,58402.0,2
2029100,Pablo,Caesar,PICNIC_BASKET1,SEASHELLS,58397.0,2
2030900,Caesar,Penelope,PICNIC_BASKET1,SEASHELLS,58402.0,1
2031900,Penelope,Caesar,PICNIC_BASKET1,SEASHELLS,58419.0,1
2034900,Pablo,Caesar,PICNIC_BASKET1,SEASHELLS,58397.0,2
2036400,Camilla,Penelope,PICNIC_BASKET1,SEASHELLS,58428.0,8
2037100,Caesar,Penelope,PICNIC_BASKET1,SEASHELLS,58431.0,1
2037300,Camilla,Caesar,PICNIC_BASKET1,SEASHELLS,58432.0,1
2038500,Caesar,Pablo,PICNIC_BASKET1,SEASHELLS,58455.0,1
2038500,Camilla,Pablo,PICNIC_BASKET1,SEASHELLS,58455.0,7
2039200,Caesar,Pablo,PICNIC_BASKET1,SEASHELLS,58449.0,1
2039200,Camilla,Pablo,PICNIC_BASKET1,SEASHELLS,58448.0,3
2040300,Caesar,Pablo,PICNIC_BASKET1,SEASHELLS,58419.0,2
2040300,Camilla,Pablo,PICNIC_BASKET1,SEASHELLS,58418.0,1
2041900,Pablo,Camilla,PICNIC_BASKET1,SEASHELLS,58448.0,3
2043800,Caesar,Penelope,PICNIC_BASKET1,SEASHELLS,58437.0,2
2047500,Penelope,Caesar,PICNIC_BASKET1,SEASHELLS,58438.0,5
2049800,Penelope,Caesar,PICNIC_BASKET1,SEASHELLS,58447.0,1
2051300,Penelope,Caesar,PICNIC_BASKET1,SEASHELLS,58432.0,1
2052900,Caesar,Pablo,PICNIC_BASKET1,SEASHELLS,58383.0,2
2054400,Penelope,Caesar,PICNIC_BASKET1,SEASHELLS,58376.0,1
2061700,Penelope,Caesar,PICNIC_BASKET1,SEASHELLS,58337.0,1
2066100,Penelope,Camilla,PICNIC_BASKET1,SEASHELLS,58328.0,10
2073000,Caesar,Penelope,PICNIC_BASKET1,SEASHELLS,58303.0,1
2073900,Caesar,Pablo,PICNIC_BASKET1,SEASHELLS,58316.0,1
2074000,Pablo,Caesar,PICNIC_BASKET1,SEASHELLS,58332.0,1
2074000,Pablo,Camilla,PICNIC_BASKET1,SEASHELLS,58332.0,2
2076800,Pablo,Caesar,PICNIC_BASKET1,SEASHELLS,58325.0,2
2076800,Pablo,Penelope,PICNIC_BASKET1,SEASHELLS,58325.0,2
2078000,Penelope,Caesar,PICNIC_BASKET1,SEASHELLS,58337.0,1
2079500,Caesar,Penelope,PICNIC_BASKET1,SEASHELLS,58335.0,1
2080100,Camilla,Penelope,PICNIC_BASKET1,SEASHELLS,58338.0,8
2080600,Camilla,Penelope,PICNIC_BASKET1,SEASHELLS,58327.0,5
2081000,Caesar,Pablo,PICNIC_BASKET1,SEASHELLS,58326.0,2
2081700,Pablo,Camilla,PICNIC_BASKET1,SEASHELLS,58324.0,2
2082600,Penelope,Caesar,PICNIC_BASKET1,SEASHELLS,58334.0,1
2083100,Pablo,Caesar,PICNIC_BASKET1,SEASHELLS,58332.0,2
2083100,Pablo,Camilla,PICNIC_BASKET1,SEASHELLS,58332.0,1
2086400,Caesar,Penelope,PICNIC_BASKET1,SEASHELLS,58295.0,2
2086700,Caesar,Penelope,PICNIC_BASKET1,SEASHELLS,58303.0,1
2088700,Caesar,Pablo,PICNIC_BASKET1,SEASHELLS,58301.0,2
2088800,Caesar,Pablo,PICNIC_BASKET1,SEASHELLS,58307.0,2
2088800,Camilla,Pablo,PICNIC_BASKET1,SEASHELLS,58306.0,1
2092600,Caesar,Penelope,PICNIC_BASKET1,SEASHELLS,58333.0,2
2092700,Camilla,Penelope,PICNIC_BASKET1,SEASHELLS,58330.0,8
2093200,Caesar,Penelope,PICNIC_BASKET1,SEASHELLS,58336.0,1
2099900,Caesar,Penelope,PICNIC_BASKET1,SEASHELLS,58348.0,1
2108800,Pablo,Camilla,PICNIC_BASKET1,SEASHELLS,58326.0,6
2109300,Penelope,Camilla,PICNIC_BASKET1,SEASHELLS,58329.0,10
2110100,Penelope,Camilla,PICNIC_BASKET1,SEASHELLS,58344.0,8
2113600,Camilla,Pablo,PICNIC_BASKET1,SEASHELLS,58326.0,4
2113800,Caesar,Penelope,PICNIC_BASKET1,SEASHELLS,58333.0,1
2114800,Penelope,Camilla,PICNIC_BASKET1,SEASHELLS,58345.0,10
2116400,Penelope,Caesar,PICNIC_BASKET1,SEASHELLS,58327.0,1
2118300,Caesar,Pablo,PICNIC_BASKET1,SEASHELLS,58312.0,1
2118300,Camilla,Pablo,PICNIC_BASKET1,SEASHELLS,58311.0,4
2118700,Penelope,Caesar,PICNIC_BASKET1,SEASHELLS,58338.0,2
2119100,Penelope,Caesar,PICNIC_BASKET1,SEASHELLS,58348.0,2
2120600,Caesar,Pablo,PICNIC_BASKET1,SEASHELLS,58354.0,5
2121900,Pablo,Camilla,PICNIC_BASKET1,SEASHELLS,58361.0,3
2122300,Penelope,Caesar,PICNIC_BASKET1,SEASHELLS,58367.0,2
2122600,Caesar,Pablo,PICNIC_BASKET1,SEASHELLS,58363.0,2
2123400,Pablo,Camilla,PICNIC_BASKET1,SEASHELLS,58362.0,6
2124000,Penelope,Caesar,PICNIC_BASKET1,SEASHELLS,58352.0,2
2124900,Caesar,Pablo,PICNIC_BASKET1,SEASHELLS,58358.0,2
2125300,Caesar,Penelope,PICNIC_BASKET1,SEASHELLS,58359.0,1
2125400,Pablo,Camilla,PICNIC_BASKET1,SEASHELLS,58367.0,4
2126600,Penelope,Camilla,PICNIC_BASKET1,SEASHELLS,58355.0,7
2128000,Caesar,Pablo,PICNIC_BASKET1,SEASHELLS,58318.0,2
2131500,Caesar,Pablo,PICNIC_BASKET1,SEASHELLS,58309.0,1
2131500,Camilla,Pablo,PICNIC_BASKET1,SEASHELLS,58309.0,6
2132200,Caesar,Pablo,PICNIC_BASKET1,SEASHELLS,58321.0,2
2132200,Camilla,Pablo,PICNIC_BASKET1,SEASHELLS,58321.0,5
2133100,Pablo,Camilla,PICNIC_BASKET1,SEASHELLS,58328.0,6
2135300,Camilla,Penelope,PICNIC_BASKET1,SEASHELLS,58314.0,7
2136700,Penelope,Camilla,PICNIC_BASKET1,SEASHELLS,58320.0,7
2139300,Caesar,Pablo,PICNIC_BASKET1,SEASHELLS,58301.0,2
2139300,Camilla,Pablo,PICNIC_BASKET1,SEASHELLS,58300.0,5
2139400,Caesar,Pablo,PICNIC_BASKET1,SEASHELLS,58302.0,2
2139400,Camilla,Pablo,PICNIC_BASKET1,SEASHELLS,58302.0,5
2139800,Camilla,Pablo,PICNIC_BASKET1,SEASHELLS,58312.0,5
2141200,Pablo,Camilla,PICNIC_BASKET1,SEASHELLS,58326.0,2
2149000,Caesar,Penelope,PICNIC_BASKET1,SEASHELLS,58294.0,2
2149400,Caesar,Penelope,PICNIC_BASKET1,SEASHELLS,58281.0,1
2151500,Caesar,Penelope,PICNIC_BASKET1,SEASHELLS,58238.0,2
2151800,Penelope,Caesar,PICNIC_BASKET1,SEASHELLS,58242.0,2
2152300,Caesar,Penelope,PICNIC_BASKET1,SEASHELLS,58242.0,1
2163400,Caesar,Penelope,PICNIC_BASKET1,SEASHELLS,58255.0,2
2163700,Penelope,Caesar,PICNIC_BASKET1,SEASHELLS,58266.0,1
2169500,Caesar,Penelope,PICNIC_BASKET1,SEASHELLS,58247.0,1
2170300,Pablo,Caesar,PICNIC_BASKET1,SEASHELLS,58244.0,2
2170300,Pablo,Camilla,PICNIC_BASKET1,SEASHELLS,58244.0,4
2173500,Caesar,Penelope,PICNIC_BASKET1,SEASHELLS,58223.0,1
2174000,Caesar,Pablo,PICNIC_BASKET1,SEASHELLS,58230.0,1
2174000,Camilla,Pablo,PICNIC_BASKET1,SEASHELLS,58229.0,5
2178100,Penelope,Caesar,PICNIC_BASKET1,SEASHELLS,58226.0,1
2178800,Pablo,Camilla,PICNIC_BASKET1,SEASHELLS,58241.0,4
2179100,Caesar,Penelope,PICNIC_BASKET1,SEASHELLS,58228.0,1
2185900,Charlie,Penelope,PICNIC_BASKET1,SEASHELLS,58227.0,8
2187000,Pablo,Caesar,PICNIC_BASKET1,SEASHELLS,58248.0,2
2191300,Camilla,Pablo,PICNIC_BASKET1,SEASHELLS,58261.0,6
2192000,Penelope,Caesar,PICNIC_BASKET1,SEASHELLS,58280.0,1
2193400,Camilla,Penelope,PICNIC_BASKET1,SEASHELLS,58264.0,8
2194900,Caesar,Penelope,PICNIC_BASKET1,SEASHELLS,58251.0,2
2195300,Penelope,Camilla,PICNIC_BASKET1,SEASHELLS,58275.0,5
2197600,Penelope,Caesar,PICNIC_BASKET1,SEASHELLS,58277.0,1
2197900,Penelope,Caesar,PICNIC_BASKET1,SEASHELLS,58279.0,2
2204100,Pablo,Camilla,PICNIC_BASKET1,SEASHELLS,58283.0,6
2210400,Penelope,Camilla,PICNIC_BASKET1,SEASHELLS,58251.0,8
2211200,Penelope,Caesar,PICNIC_BASKET1,SEASHELLS,58222.0,1
2211700,Camilla,Pablo,PICNIC_BASKET1,SEASHELLS,58203.0,4
2221400,Caesar,Penelope,PICNIC_BASKET1,SEASHELLS,58165.0,1
2222800,Caesar,Pablo,PICNIC_BASKET1,SEASHELLS,58159.0,1
2222800,Camilla,Pablo,PICNIC_BASKET1,SEASHELLS,58158.0,2
2224000,Caesar,Penelope,PICNIC_BASKET1,SEASHELLS,58155.0,2
2226900,Camilla,Penelope,PICNIC_BASKET1,SEASHELLS,58205.0,10
2228100,Caesar,Penelope,PICNIC_BASKET1,SEASHELLS,58224.0,1
2229500,Caesar,Pablo,PICNIC_BASKET1,SEASHELLS,58231.0,1
2229500,Camilla,Pablo,PICNIC_BASKET1,SEASHELLS,58231.0,3
2232900,Pablo,Caesar,PICNIC_BASKET1,SEASHELLS,58265.0,2
2233600,Penelope,Caesar,PICNIC_BASKET1,SEASHELLS,58270.0,1
2235300,Caesar,Penelope,PICNIC_BASKET1,SEASHELLS,58276.0,7
2238700,Penelope,Caesar,PICNIC_BASKET1,SEASHELLS,58307.0,2
2243200,Pablo,Camilla,PICNIC_BASKET1,SEASHELLS,58354.0,6
2245300,Caesar,Pablo,PICNIC_BASKET1,SEASHELLS,58350.0,2
2245300,Camilla,Pablo,PICNIC_BASKET1,SEASHELLS,58350.0,3
2245500,Pablo,Caesar,PICNIC_BASKET1,SEASHELLS,58368.0,2
2247300,Caesar,Penelope,PICNIC_BASKET1,SEASHELLS,58323.0,2
2247600,Penelope,Camilla,PICNIC_BASKET1,SEASHELLS,58332.0,6
2249700,Caesar,Penelope,PICNIC_BASKET1,SEASHELLS,58322.0,2
2252200,Camilla,Penelope,PICNIC_BASKET1,SEASHELLS,58303.0,7
2252600,Caesar,Penelope,PICNIC_BASKET1,SEASHELLS,58310.0,1
2253200,Penelope,Camilla,PICNIC_BASKET1,SEASHELLS,58328.0,9
2254200,Penelope,Camilla,PICNIC_BASKET1,SEASHELLS,58317.0,9
2255600,Penelope,Caesar,PICNIC_BASKET1,SEASHELLS,58296.0,2
2257900,Penelope,Camilla,PICNIC_BASKET1,SEASHELLS,58308.0,10
2259200,Pablo,Caesar,PICNIC_BASKET1,SEASHELLS,58300.0,2
2259200,Pablo,Penelope,PICNIC_BASKET1,SEASHELLS,58300.0,5
2263800,Camilla,Pablo,PICNIC_BASKET1,SEASHELLS,58258.0,8
2263900,Caesar,Pablo,PICNIC_BASKET1,SEASHELLS,58254.0,1
2263900,Camilla,Pablo,PICNIC_BASKET1,SEASHELLS,58254.0,4
2269200,Penelope,Camilla,PICNIC_BASKET1,SEASHELLS,58272.0,5
2269600,Caesar,Pablo,PICNIC_BASKET1,SEASHELLS,58257.0,4
2269600,Caesar,Pablo,PICNIC_BASKET1,SEASHELLS,58253.0,1
2269600,Camilla,Pablo,PICNIC_BASKET1,SEASHELLS,58252.0,1
2270400,Caesar,Penelope,PICNIC_BASKET1,SEASHELLS,58252.0,1
2271600,Camilla,Penelope,PICNIC_BASKET1,SEASHELLS,58258.0,10
2271800,Caesar,Pablo,PICNIC_BASKET1,SEASHELLS,58266.0,2
2271800,Camilla,Pablo,PICNIC_BASKET1,SEASHELLS,58265.0,3
2273300,Caesar,Pablo,PICNIC_BASKET1,SEASHELLS,58259.0,1
2273700,Caesar,Pablo,PICNIC_BASKET1,SEASHELLS,58266.0,2
2275900,Camilla,Pablo,PICNIC_BASKET1,SEASHELLS,58268.0,4
2276600,Penelope,Camilla,PICNIC_BASKET1,SEASHELLS,58279.0,7
2277600,Penelope,Caesar,PICNIC_BASKET1,SEASHELLS,58310.0,2
2280400,Camilla,Caesar,PICNIC_BASKET1,SEASHELLS,58297.0,1
2289000,Camilla,Penelope,PICNIC_BASKET1,SEASHELLS,58361.0,8
2291000,Camilla,Penelope,PICNIC_BASKET1,SEASHELLS,58360.0,7
2294100,Pablo,Caesar,PICNIC_BASKET1,SEASHELLS,58410.0,2
2294100,Pablo,Camilla,PICNIC_BASKET1,SEASHELLS,58410.0,3
2294400,Camilla,Penelope,PICNIC_BASKET1,SEASHELLS,58391.0,10
2294800,Caesar,Penelope,PICNIC_BASKET1,SEASHELLS,58405.0,2
2295700,Penelope,Camilla,PICNIC_BASKET1,SEASHELLS,58424.0,10
2297100,Penelope,Caesar,PICNIC_BASKET1,SEASHELLS,58403.0,7
2302300,Caesar,Pablo,PICNIC_BASKET1,SEASHELLS,58382.0,2
2303200,Camilla,Pablo,PICNIC_BASKET1,SEASHELLS,58368.0,8
2308300,Penelope,Caesar,PICNIC_BASKET1,SEASHELLS,58400.0,2
2309100,Camilla,Pablo,PICNIC_BASKET1,SEASHELLS,58395.0,5
2309700,Pablo,Caesar,PICNIC_BASKET1,SEASHELLS,58410.0,1
2316600,Camilla,Pablo,PICNIC_BASKET1,SEASHELLS,58439.0,3
2316600,Camilla,Penelope,PICNIC_BASKET1,SEASHELLS,58439.0,8
2321200,Caesar,Penelope,PICNIC_BASKET1,SEASHELLS,58428.0,2
2321500,Caesar,Penelope,PICNIC_BASKET1,SEASHELLS,58422.0,1
2323400,Caesar,Penelope,PICNIC_BASKET1,SEASHELLS,58445.0,1
2324600,Caesar,Pablo,PICNIC_BASKET1,SEASHELLS,58435.0,1
2324600,Camilla,Pablo,PICNIC_BASKET1,SEASHELLS,58434.0,6
2325100,Caesar,Pablo,PICNIC_BASKET1,SEASHELLS,58439.0,1
2325100,Camilla,Pablo,PICNIC_BASKET1,SEASHELLS,58439.0,3
2328900,Penelope,Camilla,PICNIC_BASKET1,SEASHELLS,58430.0,9
2332400,Camilla,Penelope,PICNIC_BASKET1,SEASHELLS,58396.0,8
2336600,Caesar,Penelope,PICNIC_BASKET1,SEASHELLS,58397.0,1
2337700,Pablo,Penelope,PICNIC_BASKET1,SEASHELLS,58383.0,5
2337800,Camilla,Penelope,PICNIC_BASKET1,SEASHELLS,58374.0,9
2339800,Penelope,Caesar,PICNIC_BASKET1,SEASHELLS,58380.0,1
2350900,Camilla,Pablo,PICNIC_BASKET1,SEASHELLS,58321.0,5
2351600,Pablo,Caesar,PICNIC_BASKET1,SEASHELLS,58326.0,2
2351600,Pablo,Camilla,PICNIC_BASKET1,SEASHELLS,58326.0,3
2354300,Penelope,Camilla,PICNIC_BASKET1,SEASHELLS,58287.0,7
2356900,Penelope,Caesar,PICNIC_BASKET1,SEASHELLS,58274.0,1
2359500,Pablo,Camilla,PICNIC_BASKET1,SEASHELLS,58257.0,5
2360200,Penelope,Caesar,PICNIC_BASKET1,SEASHELLS,58253.0,1
2363600,Caesar,Pablo,PICNIC_BASKET1,SEASHELLS,58221.0,2
2363600,Camilla,Pablo,PICNIC_BASKET1,SEASHELLS,58220.0,6
2363800,Caesar,Pablo,PICNIC_BASKET1,SEASHELLS,58225.0,2
2363800,Camilla,Pablo,PICNIC_BASKET1,SEASHELLS,58224.0,6
2365300,Pablo,Caesar,PICNIC_BASKET1,SEASHELLS,58234.0,1
2366800,Camilla,Penelope,PICNIC_BASKET1,SEASHELLS,58199.0,9
2369200,Caesar,Pablo,PICNIC_BASKET1,SEASHELLS,58211.0,2
2371200,Caesar,Pablo,PICNIC_BASKET1,SEASHELLS,58220.0,1
2371200,Camilla,Pablo,PICNIC_BASKET1,SEASHELLS,58219.0,5
2371300,Camilla,Pablo,PICNIC_BASKET1,SEASHELLS,58217.0,2
2371400,Caesar,Pablo,PICNIC_BASKET1,SEASHELLS,58219.0,2
2371400,Camilla,Pablo,PICNIC_BASKET1,SEASHELLS,58218.0,2
2378200,Pablo,Camilla,PICNIC_BASKET1,SEASHELLS,58218.0,5
2378900,Camilla,Penelope,PICNIC_BASKET1,SEASHELLS,58197.0,6
2379400,Penelope,Caesar,PICNIC_BASKET1,SEASHELLS,58203.0,2
2382500,Camilla,Caesar,PICNIC_BASKET1,SEASHELLS,58203.0,1
2384200,Pablo,Camilla,PICNIC_BASKET1,SEASHELLS,58197.0,6
2384600,Penelope,Caesar,PICNIC_BASKET1,SEASHELLS,58206.0,1
2388700,Pablo,Camilla,PICNIC_BASKET1,SEASHELLS,58195.0,4
2394000,Caesar,Penelope,PICNIC_BASKET1,SEASHELLS,58192.0,1
2395400,Camilla,Penelope,PICNIC_BASKET1,SEASHELLS,58197.0,7
2396100,Penelope,Camilla,PICNIC_BASKET1,SEASHELLS,58220.0,6
2397600,Penelope,Camilla,PICNIC_BASKET1,SEASHELLS,58232.0,7
2400000,Camilla,Pablo,PICNIC_BASKET1,SEASHELLS,58202.0,5
2401400,Caesar,Penelope,PICNIC_BASKET1,SEASHELLS,58206.0,2
2410700,Camilla,Penelope,PICNIC_BASKET1,SEASHELLS,58226.0,6
2410800,Penelope,Camilla,PICNIC_BASKET1,SEASHELLS,58242.0,8
2412200,Caesar,Penelope,PICNIC_BASKET1,SEASHELLS,58257.0,2
2412600,Caesar,Pablo,PICNIC_BASKET1,SEASHELLS,58259.0,1
2412600,Camilla,Pablo,PICNIC_BASKET1,SEASHELLS,58258.0,5
2414200,Caesar,Penelope,PICNIC_BASKET1,SEASHELLS,58246.0,1
2415700,Caesar,Pablo,PICNIC_BASKET1,SEASHELLS,58236.0,2
2415700,Camilla,Pablo,PICNIC_BASKET1,SEASHELLS,58235.0,2
2417900,Caesar,Pablo,PICNIC_BASKET1,SEASHELLS,58217.0,1
2417900,Camilla,Pablo,PICNIC_BASKET1,SEASHELLS,58217.0,3
2418000,Camilla,Penelope,PICNIC_BASKET1,SEASHELLS,58214.0,10
2420600,Camilla,Pablo,PICNIC_BASKET1,SEASHELLS,58225.0,7
2421100,Caesar,Pablo,PICNIC_BASKET1,SEASHELLS,58225.0,2
2421600,Penelope,Caesar,PICNIC_BASKET1,SEASHELLS,58233.0,1
2422000,Caesar,Penelope,PICNIC_BASKET1,SEASHELLS,58227.0,1
2431600,Camilla,Pablo,PICNIC_BASKET1,SEASHELLS,58236.0,8
2432300,Camilla,Pablo,PICNIC_BASKET1,SEASHELLS,58228.0,7
2435500,Penelope,Caesar,PICNIC_BASKET1,SEASHELLS,58277.0,2
2436500,Caesar,Pablo,PICNIC_BASKET1,SEASHELLS,58265.0,2
2436500,Camilla,Pablo,PICNIC_BASKET1,SEASHELLS,58264.0,3
2440200,Penelope,Caesar,PICNIC_BASKET1,SEASHELLS,58253.0,2
2447800,Pablo,Camilla,PICNIC_BASKET1,SEASHELLS,58237.0,4
2449800,Caesar,Penelope,PICNIC_BASKET1,SEASHELLS,58222.0,2
2450700,Caesar,Penelope,PICNIC_BASKET1,SEASHELLS,58223.0,1
2453100,Penelope,Camilla,PICNIC_BASKET1,SEASHELLS,58231.0,8
2455400,Pablo,Caesar,PICNIC_BASKET1,SEASHELLS,58266.0,1
2455400,Pablo,Camilla,PICNIC_BASKET1,SEASHELLS,58266.0,1
2456500,Penelope,Caesar,PICNIC_BASKET1,SEASHELLS,58264.0,1
2457500,Pablo,Caesar,PICNIC_BASKET1,SEASHELLS,58267.0,1
2457500,Pablo,Camilla,PICNIC_BASKET1,SEASHELLS,58267.0,6
2457600,Pablo,Caesar,PICNIC_BASKET1,SEASHELLS,58267.0,1
2457600,Pablo,Camilla,PICNIC_BASKET1,SEASHELLS,58267.0,4
2458400,Camilla,Penelope,PICNIC_BASKET1,SEASHELLS,58275.0,10
2460000,Camilla,Pablo,PICNIC_BASKET1,SEASHELLS,58289.0,5
2460500,Caesar,Penelope,PICNIC_BASKET1,SEASHELLS,58304.0,2
2463500,Caesar,Penelope,PICNIC_BASKET1,SEASHELLS,58305.0,2
2464100,Caesar,Pablo,PICNIC_BASKET1,SEASHELLS,58298.0,2
2464100,Camilla,Pablo,PICNIC_BASKET1,SEASHELLS,58298.0,3
2465600,Penelope,Caesar,PICNIC_BASKET1,SEASHELLS,58326.0,1
2466600,Penelope,Caesar,PICNIC_BASKET1,SEASHELLS,58332.0,2
2468100,Camilla,Caesar,PICNIC_BASKET1,SEASHELLS,58342.0,1
2469000,Pablo,Caesar,PICNIC_BASKET1,SEASHELLS,58331.0,1
2469000,Pablo,Penelope,PICNIC_BASKET1,SEASHELLS,58331.0,6
2470900,Caesar,Pablo,PICNIC_BASKET1,SEASHELLS,58307.0,2
2470900,Camilla,Pablo,PICNIC_BASKET1,SEASHELLS,58307.0,2
2478000,Caesar,Penelope,PICNIC_BASKET1,SEASHELLS,58295.0,2
2479500,Caesar,Pablo,PICNIC_BASKET1,SEASHELLS,58300.0,1
2479500,Camilla,Pablo,PICNIC_BASKET1,SEASHELLS,58299.0,6
2481500,Penelope,Camilla,PICNIC_BASKET1,SEASHELLS,58284.0,6
2481800,Camilla,Caesar,PICNIC_BASKET1,SEASHELLS,58277.0,1
2482200,Penelope,Camilla,PICNIC_BASKET1,SEASHELLS,58289.0,5
2484200,Caesar,Pablo,PICNIC_BASKET1,SEASHELLS,58272.0,2
2484200,Camilla,Pablo,PICNIC_BASKET1,SEASHELLS,58271.0,5
2487700,Camilla,Penelope,PICNIC_BASKET1,SEASHELLS,58278.0,10
2487800,Penelope,Camilla,PICNIC_BASKET1,SEASHELLS,58290.0,10
2488500,Camilla,Penelope,PICNIC_BASKET1,SEASHELLS,58270.0,6
2488700,Pablo,Camilla,PICNIC_BASKET1,SEASHELLS,58295.0,7
2488800,Camilla,Pablo,PICNIC_BASKET1,SEASHELLS,58287.0,8
2490900,Penelope,Caesar,PICNIC_BASKET1,SEASHELLS,58280.0,1
2494600,Caesar,Pablo,PICNIC_BASKET1,SEASHELLS,58286.0,2
2494600,Camilla,Pablo,PICNIC_BASKET1,SEASHELLS,58285.0,2
2494900,Pablo,Caesar,PICNIC_BASKET1,SEASHELLS,58300.0,1
2496700,Penelope,Caesar,PICNIC_BASKET1,SEASHELLS,58280.0,2
2497200,Caesar,Pablo,PICNIC_BASKET1,SEASHELLS,58270.0,1
2497200,Camilla,Pablo,PICNIC_BASKET1,SEASHELLS,58269.0,6
2497800,Pablo,Caesar,PICNIC_BASKET1,SEASHELLS,58276.0,1
2497800,Pablo,Caesar,PICNIC_BASKET1,SEASHELLS,58281.0,1
2497800,Pablo,Camilla,PICNIC_BASKET1,SEASHELLS,58281.0,4
2500300,Pablo,Caesar,PICNIC_BASKET1,SEASHELLS,58261.0,2
2500300,Pablo,Camilla,PICNIC_BASKET1,SEASHELLS,58261.0,5
2500700,Penelope,Camilla,PICNIC_BASKET1,SEASHELLS,58254.0,6
2501100,Caesar,Penelope,PICNIC_BASKET1,SEASHELLS,58239.0,5
2503800,Pablo,Caesar,PICNIC_BASKET1,SEASHELLS,58269.0,1
2503800,Pablo,Camilla,PICNIC_BASKET1,SEASHELLS,58269.0,5
2504900,Caesar,Pablo,PICNIC_BASKET1,SEASHELLS,58273.0,1
2504900,Camilla,Pablo,PICNIC_BASKET1,SEASHELLS,58272.0,5
2507700,Caesar,Pablo,PICNIC_BASKET1,SEASHELLS,58249.0,2
2507900,Camilla,Penelope,PICNIC_BASKET1,SEASHELLS,58243.0,8
2508800,Pablo,Caesar,PICNIC_BASKET1,SEASHELLS,58274.0,2
2508800,Pablo,Camilla,PICNIC_BASKET1,SEASHELLS,58274.0,6
2509600,Caesar,Pablo,PICNIC_BASKET1,SEASHELLS,58273.0,1
2509600,Camilla,Pablo,PICNIC_BASKET1,SEASHELLS,58273.0,6
2516700,Pablo,Caesar,PICNIC_BASKET1,SEASHELLS,58268.0,1
2516700,Pablo,Camilla,PICNIC_BASKET1,SEASHELLS,58268.0,1
2517700,Caesar,Pablo,PICNIC_BASKET1,SEASHELLS,58276.0,2
2519200,Caesar,Pablo,PICNIC_BASKET1,SEASHELLS,58281.0,2
2519200,Camilla,Pablo,PICNIC_BASKET1,SEASHELLS,58281.0,3
2519300,Penelope,Caesar,PICNIC_BASKET1,SEASHELLS,58285.0,1
2523400,Caesar,Pablo,PICNIC_BASKET1,SEASHELLS,58258.0,1
2524600,Caesar,Penelope,PICNIC_BASKET1,SEASHELLS,58257.0,2
2525500,Caesar,Pablo,PICNIC_BASKET1,SEASHELLS,58258.0,1
2525500,Camilla,Pablo,PICNIC_BASKET1,SEASHELLS,58258.0,5
2528200,Caesar,Penelope,PICNIC_BASKET1,SEASHELLS,58271.0,3
2529400,Pablo,Caesar,PICNIC_BASKET1,SEASHELLS,58289.0,1
2529400,Pablo,Camilla,PICNIC_BASKET1,SEASHELLS,58289.0,2
2531600,Penelope,Caesar,PICNIC_BASKET1,SEASHELLS,58259.0,1
2532300,Penelope,Caesar,PICNIC_BASKET1,SEASHELLS,58263.0,1
2533300,Penelope,Camilla,PICNIC_BASKET1,SEASHELLS,58282.0,10
2533500,Charlie,Penelope,PICNIC_BASKET1,SEASHELLS,58272.0,7
2533900,Camilla,Penelope,PICNIC_BASKET1,SEASHELLS,58268.0,5
2537600,Camilla,Penelope,PICNIC_BASKET1,SEASHELLS,58258.0,6
2539600,Penelope,Camilla,PICNIC_BASKET1,SEASHELLS,58254.0,7
2543100,Pablo,Caesar,PICNIC_BASKET1,SEASHELLS,58251.0,2
2544200,Camilla,Pablo,PICNIC_BASKET1,SEASHELLS,58261.0,4
2544700,Camilla,Penelope,PICNIC_BASKET1,SEASHELLS,58249.0,6
2547500,Caesar,Pablo,PICNIC_BASKET1,SEASHELLS,58223.0,2
2547800,Pablo,Caesar,PICNIC_BASKET1,SEASHELLS,58234.0,1
2547800,Pablo,Camilla,PICNIC_BASKET1,SEASHELLS,58234.0,5
2550100,Camilla,Penelope,PICNIC_BASKET1,SEASHELLS,58204.0,8
2553000,Penelope,Camilla,PICNIC_BASKET1,SEASHELLS,58246.0,10
2553200,Caesar,Pablo,PICNIC_BASKET1,SEASHELLS,58238.0,1
2553200,Camilla,Pablo,PICNIC_BASKET1,SEASHELLS,58237.0,3
2561300,Penelope,Camilla,PICNIC_BASKET1,SEASHELLS,58263.0,10
2562700,Caesar,Penelope,PICNIC_BASKET1,SEASHELLS,58241.0,1
2564100,Caesar,Pablo,PICNIC_BASKET1,SEASHELLS,58262.0,5
2564100,Caesar,Pablo,PICNIC_BASKET1,SEASHELLS,58258.0,1
2564100,Camilla,Pablo,PICNIC_BASKET1,SEASHELLS,58257.0,1
2567800,Caesar,Penelope,PICNIC_BASKET1,SEASHELLS,58302.0,2
2573800,Penelope,Caesar,PICNIC_BASKET1,SEASHELLS,58361.0,2
2574200,Penelope,Camilla,PICNIC_BASKET1,SEASHELLS,58363.0,7
2574700,Pablo,Camilla,PICNIC_BASKET1,SEASHELLS,58365.0,2
2574700,Camilla,Penelope,PICNIC_BASKET1,SEASHELLS,58356.0,8
2575000,Camilla,Penelope,PICNIC_BASKET1,SEASHELLS,58352.0,9
2576500,Camilla,Pablo,PICNIC_BASKET1,SEASHELLS,58342.0,2
2579300,Penelope,Caesar,PICNIC_BASKET1,SEASHELLS,58333.0,2
2582800,Penelope,Caesar,PICNIC_BASKET1,SEASHELLS,58339.0,1
2583800,Camilla,Caesar,PICNIC_BASKET1,SEASHELLS,58350.0,1
2585600,Penelope,Camilla,PICNIC_BASKET1,SEASHELLS,58341.0,9
2594100,Camilla,Penelope,PICNIC_BASKET1,SEASHELLS,58338.0,9
2597100,Pablo,Caesar,PICNIC_BASKET1,SEASHELLS,58371.0,2
2598400,Penelope,Caesar,PICNIC_BASKET1,SEASHELLS,58363.0,2
2599600,Pablo,Camilla,PICNIC_BASKET1,SEASHELLS,58372.0,3
2600300,Camilla,Penelope,PICNIC_BASKET1,SEASHELLS,58372.0,6
2600700,Penelope,Caesar,PICNIC_BASKET1,SEASHELLS,58386.0,2
2602300,Caesar,Pablo,PICNIC_BASKET1,SEASHELLS,58409.0,1
2603500,Caesar,Penelope,PICNIC_BASKET1,SEASHELLS,58404.0,2
2605800,Caesar,Pablo,PICNIC_BASKET1,SEASHELLS,58379.0,1
2605800,Camilla,Pablo,PICNIC_BASKET1,SEASHELLS,58378.0,5
2609300,Penelope,Camilla,PICNIC_BASKET1,SEASHELLS,58378.0,6
2611100,Pablo,Caesar,PICNIC_BASKET1,SEASHELLS,58398.0,2
2614300,Caesar,Penelope,PICNIC_BASKET1,SEASHELLS,58372.0,2
2617800,Camilla,Pablo,PICNIC_BASKET1,SEASHELLS,58344.0,6
2619800,Caesar,Penelope,PICNIC_BASKET1,SEASHELLS,58319.0,1
2620100,Camilla,Pablo,PICNIC_BASKET1,SEASHELLS,58325.0,7
2620200,Penelope,Caesar,PICNIC_BASKET1,SEASHELLS,58336.0,2
2622100,Camilla,Pablo,PICNIC_BASKET1,SEASHELLS,58335.0,3
2622800,Penelope,Camilla,PICNIC_BASKET1,SEASHELLS,58334.0,6
2623600,Caesar,Pablo,PICNIC_BASKET1,SEASHELLS,58326.0,2
2623600,Camilla,Pablo,PICNIC_BASKET1,SEASHELLS,58326.0,1
2628200,Camilla,Pablo,PICNIC_BASKET1,SEASHELLS,58375.0,6
2631800,Caesar,Pablo,PICNIC_BASKET1,SEASHELLS,58354.0,1
2631800,Camilla,Pablo,PICNIC_BASKET1,SEASHELLS,58354.0,6
2632100,Camilla,Penelope,PICNIC_BASKET1,SEASHELLS,58360.0,8
2633600,Penelope,Caesar,PICNIC_BASKET1,SEASHELLS,58349.0,2
2636200,Caesar,Penelope,PICNIC_BASKET1,SEASHELLS,58289.0,1
2642800,Camilla,Penelope,PICNIC_BASKET1,SEASHELLS,58288.0,7
2644800,Caesar,Penelope,PICNIC_BASKET1,SEASHELLS,58285.0,1
2648400,Penelope,Caesar,PICNIC_BASKET1,SEASHELLS,58337.0,1
2651200,Caesar,Pablo,PICNIC_BASKET1,SEASHELLS,58345.0,1
2651200,Camilla,Pablo,PICNIC_BASKET1,SEASHELLS,58345.0,5
2651900,Penelope,Caesar,PICNIC_BASKET1,SEASHELLS,58342.0,1
2652400,Pablo,Camilla,PICNIC_BASKET1,SEASHELLS,58355.0,4
2654900,Penelope,Caesar,PICNIC_BASKET1,SEASHELLS,58380.0,1
2655200,Caesar,Pablo,PICNIC_BASKET1,SEASHELLS,58362.0,1
2655200,Camilla,Pablo,PICNIC_BASKET1,SEASHELLS,58361.0,6
2657600,Camilla,Pablo,PICNIC_BASKET1,SEASHELLS,58359.0,6
2659200,Penelope,Caesar,PICNIC_BASKET1,SEASHELLS,58357.0,1
2663600,Caesar,Pablo,PICNIC_BASKET1,SEASHELLS,58379.0,2
2665000,Pablo,Caesar,PICNIC_BASKET1,SEASHELLS,58371.0,2
2666000,Pablo,Camilla,PICNIC_BASKET1,SEASHELLS,58362.0,7
2668200,Camilla,Pablo,PICNIC_BASKET1,SEASHELLS,58367.0,5
2668800,Caesar,Penelope,PICNIC_BASKET1,SEASHELLS,58359.0,2
2669200,Penelope,Camilla,PICNIC_BASKET1,SEASHELLS,58371.0,5
2669800,Camilla,Penelope,PICNIC_BASKET1,SEASHELLS,58371.0,6
2674600,Penelope,Caesar,PICNIC_BASKET1,SEASHELLS,58360.0,2
2677900,Penelope,Caesar,PICNIC_BASKET1,SEASHELLS,58363.0,1
2679100,Camilla,Caesar,PICNIC_BASKET1,SEASHELLS,58352.0,1
2679900,Pablo,Caesar,PICNIC_BASKET1,SEASHELLS,58328.0,1
2680200,Caesar,Penelope,PICNIC_BASKET1,SEASHELLS,58313.0,1
2683400,Camilla,Caesar,PICNIC_BASKET1,SEASHELLS,58372.0,1
2685900,Camilla,Pablo,PICNIC_BASKET1,SEASHELLS,58370.0,2
2686300,Caesar,Penelope,PICNIC_BASKET1,SEASHELLS,58376.0,2
2696400,Caesar,Pablo,PICNIC_BASKET1,SEASHELLS,58366.0,1
2696400,Camilla,Pablo,PICNIC_BASKET1,SEASHELLS,58365.0,7
2696900,Penelope,Camilla,PICNIC_BASKET1,SEASHELLS,58380.0,9
2699600,Penelope,Caesar,PICNIC_BASKET1,SEASHELLS,58357.0,1
2700000,Pablo,Caesar,PICNIC_BASKET1,SEASHELLS,58363.0,1
2700000,Pablo,Camilla,PICNIC_BASKET1,SEASHELLS,58363.0,7
2707200,Camilla,Pablo,PICNIC_BASKET1,SEASHELLS,58383.0,3
2707400,Caesar,Penelope,PICNIC_BASKET1,SEASHELLS,58375.0,2
2716700,Pablo,Camilla,PICNIC_BASKET1,SEASHELLS,58390.0,3
2719200,Caesar,Pablo,PICNIC_BASKET1,SEASHELLS,58385.0,1
2719200,Camilla,Pablo,PICNIC_BASKET1,SEASHELLS,58384.0,1
2721400,Caesar,Pablo,PICNIC_BASKET1,SEASHELLS,58360.0,2
2721400,Camilla,Pablo,PICNIC_BASKET1,SEASHELLS,58359.0,6
2723100,Caesar,Penelope,PICNIC_BASKET1,SEASHELLS,58341.0,2
2728800,Penelope,Camilla,PICNIC_BASKET1,SEASHELLS,58356.0,6
2729900,Penelope,Caesar,PICNIC_BASKET1,SEASHELLS,58353.0,1
2730200,Camilla,Pablo,PICNIC_BASKET1,SEASHELLS,58342.0,3
2733800,Pablo,Camilla,PICNIC_BASKET1,SEASHELLS,58331.0,3
2734200,Penelope,Caesar,PICNIC_BASKET1,SEASHELLS,58328.0,1
2735300,Camilla,Penelope,PICNIC_BASKET1,SEASHELLS,58321.0,7
2736500,Caesar,Pablo,PICNIC_BASKET1,SEASHELLS,58317.0,1
2736500,Camilla,Pablo,PICNIC_BASKET1,SEASHELLS,58316.0,4
2741600,Charlie,Penelope,PICNIC_BASKET1,SEASHELLS,58303.0,10
2742400,Caesar,Penelope,PICNIC_BASKET1,SEASHELLS,58318.0,2
2747600,Camilla,Pablo,PICNIC_BASKET1,SEASHELLS,58317.0,5
2749300,Camilla,Caesar,PICNIC_BASKET1,SEASHELLS,58334.0,1
2749600,Camilla,Pablo,PICNIC_BASKET1,SEASHELLS,58329.0,7
2750300,Pablo,Caesar,PICNIC_BASKET1,SEASHELLS,58345.0,1
2750300,Pablo,Camilla,PICNIC_BASKET1,SEASHELLS,58345.0,4
2751900,Camilla,Caesar,PICNIC_BASKET1,SEASHELLS,58353.0,1
2754300,Caesar,Pablo,PICNIC_BASKET1,SEASHELLS,58333.0,2
2754300,Camilla,Pablo,PICNIC_BASKET1,SEASHELLS,58333.0,1
2757000,Caesar,Pablo,PICNIC_BASKET1,SEASHELLS,58319.0,2
2757600,Pablo,Camilla,PICNIC_BASKET1,SEASHELLS,58339.0,2
2760500,Penelope,Caesar,PICNIC_BASKET1,SEASHELLS,58366.0,2
2763100,Penelope,Caesar,PICNIC_BASKET1,SEASHELLS,58368.0,1
2763700,Pablo,Caesar,PICNIC_BASKET1,SEASHELLS,58365.0,1
2767100,Penelope,Camilla,PICNIC_BASKET1,SEASHELLS,58405.0,5
2768400,Camilla,Penelope,PICNIC_BASKET1,SEASHELLS,58399.0,8
2769900,Penelope,Caesar,PICNIC_BASKET1,SEASHELLS,58392.0,1
2770100,Caesar,Pablo,PICNIC_BASKET1,SEASHELLS,58389.0,2
2770100,Camilla,Pablo,PICNIC_BASKET1,SEASHELLS,58388.0,2
2771600,Caesar,Penelope,PICNIC_BASKET1,SEASHELLS,58360.0,1
2772500,Caesar,Pablo,PICNIC_BASKET1,SEASHELLS,58360.0,1
2772900,Caesar,Pablo,PICNIC_BASKET1,SEASHELLS,58358.0,2
2772900,Camilla,Pablo,PICNIC_BASKET1,SEASHELLS,58357.0,2
2775000,Caesar,Pablo,PICNIC_BASKET1,SEASHELLS,58347.0,1
2775200,Caesar,Pablo,PICNIC_BASKET1,SEASHELLS,58353.0,2
2775200,Camilla,Pablo,PICNIC_BASKET1,SEASHELLS,58353.0,3
2778000,Pablo,Camilla,PICNIC_BASKET1,SEASHELLS,58386.0,3
2778000,Caesar,Penelope,PICNIC_BASKET1,SEASHELLS,58378.0,2
2778200,Camilla,Pablo,PICNIC_BASKET1,SEASHELLS,58380.0,3
2778200,Camilla,Penelope,PICNIC_BASKET1,SEASHELLS,58380.0,8
2779300,Penelope,Caesar,PICNIC_BASKET1,SEASHELLS,58390.0,2
2782000,Camilla,Caesar,PICNIC_BASKET1,SEASHELLS,58425.0,1
2783300,Camilla,Caesar,PICNIC_BASKET1,SEASHELLS,58421.0,1
2783500,Pablo,Caesar,PICNIC_BASKET1,SEASHELLS,58426.0,2
2783500,Pablo,Camilla,PICNIC_BASKET1,SEASHELLS,58426.0,2
2783800,Penelope,Caesar,PICNIC_BASKET1,SEASHELLS,58424.0,2
2790000,Penelope,Camilla,PICNIC_BASKET1,SEASHELLS,58406.0,10
2791600,Caesar,Pablo,PICNIC_BASKET1,SEASHELLS,58376.0,1
2791600,Camilla,Pablo,PICNIC_BASKET1,SEASHELLS,58375.0,1
2791700,Penelope,Caesar,PICNIC_BASKET1,SEASHELLS,58382.0,3
2791800,Caesar,Penelope,PICNIC_BASKET1,SEASHELLS,58373.0,2
2798300,Penelope,Caesar,PICNIC_BASKET1,SEASHELLS,58363.0,1
2800600,Camilla,Penelope,PICNIC_BASKET1,SEASHELLS,58314.0,6
2805800,Caesar,Pablo,PICNIC_BASKET1,SEASHELLS,58378.0,1
2805800,Camilla,Pablo,PICNIC_BASKET1,SEASHELLS,58377.0,7
2807000,Camilla,Pablo,PICNIC_BASKET1,SEASHELLS,58386.0,8
2807700,Caesar,Pablo,PICNIC_BASKET1,SEASHELLS,58397.0,2
2807700,Camilla,Pablo,PICNIC_BASKET1,SEASHELLS,58396.0,3
2811700,Caesar,Penelope,PICNIC_BASKET1,SEASHELLS,58348.0,1
2814800,Penelope,Camilla,PICNIC_BASKET1,SEASHELLS,58342.0,6
2816800,Pablo,Caesar,PICNIC_BASKET1,SEASHELLS,58363.0,2
2816800,Pablo,Camilla,PICNIC_BASKET1,SEASHELLS,58363.0,3
2818000,Camilla,Pablo,PICNIC_BASKET1,SEASHELLS,58338.0,5
2820000,Penelope,Camilla,PICNIC_BASKET1,SEASHELLS,58241.0,6
2820500,Camilla,Pablo,PICNIC_BASKET1,SEASHELLS,58222.0,8
2820700,Caesar,Penelope,PICNIC_BASKET1,SEASHELLS,58229.0,1
2823900,Caesar,Pablo,PICNIC_BASKET1,SEASHELLS,58261.0,1
2823900,Camilla,Pablo,PICNIC_BASKET1,SEASHELLS,58256.0,1
2828700,Penelope,Caesar,PICNIC_BASKET1,SEASHELLS,58227.0,1
2832000,Caesar,Penelope,PICNIC_BASKET1,SEASHELLS,58180.0,2
2832800,Camilla,Pablo,PICNIC_BASKET1,SEASHELLS,58190.0,6
2834800,Caesar,Pablo,PICNIC_BASKET1,SEASHELLS,58195.0,1
2834800,Camilla,Pablo,PICNIC_BASKET1,SEASHELLS,58194.0,5
2839900,Charlie,Penelope,PICNIC_BASKET1,SEASHELLS,58192.0,5
2843200,Penelope,Caesar,PICNIC_BASKET1,SEASHELLS,58193.0,2
2844300,Camilla,Caesar,PICNIC_BASKET1,SEASHELLS,58163.0,1
2845300,Penelope,Caesar,PICNIC_BASKET1,SEASHELLS,58185.0,1
2846100,Penelope,Caesar,PICNIC_BASKET1,SEASHELLS,58214.0,2
2846300,Caesar,Pablo,PICNIC_BASKET1,SEASHELLS,58206.0,1
2846300,Camilla,Pablo,PICNIC_BASKET1,SEASHELLS,58205.0,6
2846600,Camilla,Pablo,PICNIC_BASKET1,SEASHELLS,58205.0,3
2852100,Penelope,Camilla,PICNIC_BASKET1,SEASHELLS,58293.0,8
2854900,Penelope,Camilla,PICNIC_BASKET1,SEASHELLS,58316.0,5
2859400,Caesar,Penelope,PICNIC_BASKET1,SEASHELLS,58261.0,2
2865100,Caesar,Pablo,PICNIC_BASKET1,SEASHELLS,58259.0,2
2865100,Camilla,Pablo,PICNIC_BASKET1,SEASHELLS,58259.0,6
2866000,Caesar,Pablo,PICNIC_BASKET1,SEASHELLS,58258.0,1
2866000,Camilla,Pablo,PICNIC_BASKET1,SEASHELLS,58258.0,4
2869500,Pablo,Caesar,PICNIC_BASKET1,SEASHELLS,58320.0,2
2870000,Pablo,Caesar,PICNIC_BASKET1,SEASHELLS,58307.0,2
2870000,Pablo,Camilla,PICNIC_BASKET1,SEASHELLS,58307.0,4
2870300,Caesar,Pablo,PICNIC_BASKET1,SEASHELLS,58307.0,2
2870300,Camilla,Pablo,PICNIC_BASKET1,SEASHELLS,58306.0,1
2870700,Pablo,Camilla,PICNIC_BASKET1,SEASHELLS,58302.0,3
2881400,Caesar,Pablo,PICNIC_BASKET1,SEASHELLS,58334.0,1
2881400,Camilla,Pablo,PICNIC_BASKET1,SEASHELLS,58333.0,6
2881500,Pablo,Camilla,PICNIC_BASKET1,SEASHELLS,58343.0,6
2886200,Pablo,Caesar,PICNIC_BASKET1,SEASHELLS,58339.0,3
2892100,Penelope,Caesar,PICNIC_BASKET1,SEASHELLS,58359.0,1
2894500,Camilla,Penelope,PICNIC_BASKET1,SEASHELLS,58352.0,5
2900800,Caesar,Pablo,PICNIC_BASKET1,SEASHELLS,58370.0,1
2900800,Camilla,Pablo,PICNIC_BASKET1,SEASHELLS,58369.0,3
2900800,Penelope,Caesar,PICNIC_BASKET1,SEASHELLS,58379.0,1
2901000,Camilla,Caesar,PICNIC_BASKET1,SEASHELLS,58365.0,1
2905600,Camilla,Penelope,PICNIC_BASKET1,SEASHELLS,58360.0,6
2910100,Camilla,Penelope,PICNIC_BASKET1,SEASHELLS,58327.0,8
2912400,Camilla,Pablo,PICNIC_BASKET1,SEASHELLS,58323.0,5
2918900,Pablo,Camilla,PICNIC_BASKET1,SEASHELLS,58311.0,5
2919600,Caesar,Penelope,PICNIC_BASKET1,SEASHELLS,58305.0,2
2924200,Penelope,Caesar,PICNIC_BASKET1,SEASHELLS,58352.0,2
2926600,Caesar,Penelope,PICNIC_BASKET1,SEASHELLS,58328.0,1
2933200,Caesar,Pablo,PICNIC_BASKET1,SEASHELLS,58390.0,1
2933200,Camilla,Pablo,PICNIC_BASKET1,SEASHELLS,58389.0,1
2933200,Penelope,Caesar,PICNIC_BASKET1,SEASHELLS,58399.0,1
2935100,Caesar,Penelope,PICNIC_BASKET1,SEASHELLS,58430.0,1
2936600,Penelope,Caesar,PICNIC_BASKET1,SEASHELLS,58468.0,1
2939200,Penelope,Caesar,PICNIC_BASKET1,SEASHELLS,58500.0,1
2941600,Caesar,Pablo,PICNIC_BASKET1,SEASHELLS,58454.0,1
2941600,Camilla,Pablo,PICNIC_BASKET1,SEASHELLS,58453.0,4
2945900,Penelope,Caesar,PICNIC_BASKET1,SEASHELLS,58462.0,1
2947600,Caesar,Pablo,PICNIC_BASKET1,SEASHELLS,58469.0,7
2947900,Penelope,Caesar,PICNIC_BASKET1,SEASHELLS,58464.0,1
2951800,Pablo,Camilla,PICNIC_BASKET1,SEASHELLS,58446.0,6
2952100,Camilla,Pablo,PICNIC_BASKET1,SEASHELLS,58456.0,5
2953700,Penelope,Caesar,PICNIC_BASKET1,SEASHELLS,58507.0,2
2958800,Charlie,Penelope,PICNIC_BASKET1,SEASHELLS,58445.0,10
2961800,Penelope,Caesar,PICNIC_BASKET1,SEASHELLS,58423.0,1
2963800,Caesar,Penelope,PICNIC_BASKET1,SEASHELLS,58460.0,2
2965200,Caesar,Penelope,PICNIC_BASKET1,SEASHELLS,58452.0,2
2965400,Camilla,Pablo,PICNIC_BASKET1,SEASHELLS,58456.0,8
2968200,Camilla,Pablo,PICNIC_BASKET1,SEASHELLS,58476.0,8
2971000,Caesar,Penelope,PICNIC_BASKET1,SEASHELLS,58475.0,1
2976100,Caesar,Pablo,PICNIC_BASKET1,SEASHELLS,58457.0,2
2976100,Camilla,Pablo,PICNIC_BASKET1,SEASHELLS,58456.0,1
2976200,Caesar,Penelope,PICNIC_BASKET1,SEASHELLS,58466.0,1
2976300,Penelope,Camilla,PICNIC_BASKET1,SEASHELLS,58468.0,9
2976700,Camilla,Pablo,PICNIC_BASKET1,SEASHELLS,58457.0,5
2984400,Pablo,Camilla,PICNIC_BASKET1,SEASHELLS,58455.0,6
2985200,Pablo,Camilla,PICNIC_BASKET1,SEASHELLS,58459.0,4
2991100,Camilla,Penelope,PICNIC_BASKET1,SEASHELLS,58412.0,9
2991300,Caesar,Pablo,PICNIC_BASKET1,SEASHELLS,58435.0,1
2991300,Camilla,Pablo,PICNIC_BASKET1,SEASHELLS,58434.0,1
2991500,Pablo,Caesar,PICNIC_BASKET1,SEASHELLS,58444.0,2
2995000,Penelope,Camilla,PICNIC_BASKET1,SEASHELLS,58450.0,10
2995200,Caesar,Pablo,PICNIC_BASKET1,SEASHELLS,58437.0,1
2998300,Pablo,Caesar,PICNIC_BASKET1,SEASHELLS,58424.0,1
2999000,Penelope,Caesar,PICNIC_BASKET1,SEASHELLS,58455.0,1
