timestamp,buyer,seller,symbol,currency,price,quantity
100,Charlie,Paris,RAINFOREST_RESIN,SEASHELLS,9999.0,1
700,Charlie,Gina,RAINFOREST_RESIN,SEASHELLS,9997.0,9
900,Charlie,Pablo,RAINFOREST_RESIN,SEASHELLS,9998.0,4
1300,Paris,Camilla,RAINFOREST_RESIN,SEASHELLS,10003.0,1
2100,Penelope,Charlie,RAINFOREST_RESIN,SEASHELLS,10008.0,4
4500,Charlie,Pablo,RAINFOREST_RESIN,SEASHELLS,9998.0,3
4800,Charlie,Gary,RAINFOREST_RESIN,SEASHELLS,9992.0,7
5100,Paris,Camilla,RAINFOREST_RESIN,SEASHELLS,10003.0,2
5300,Charlie,Penelope,RAINFOREST_RESIN,SEASHELLS,9992.0,7
6300,Paris,Charlie,RAINFOREST_RESIN,SEASHELLS,10001.0,1
6400,Paris,Pablo,RAINFOREST_RESIN,SEASHELLS,10001.0,1
6600,Charlie,Paris,RAINFOREST_RESIN,SEASHELLS,9999.0,1
6800,Penelope,Charlie,RAINFOREST_RESIN,SEASHELLS,10008.0,4
7300,Paris,Penelope,RAINFOREST_RESIN,SEASHELLS,10001.0,1
9000,Penelope,Camilla,RAINFOREST_RESIN,SEASHELLS,10003.0,8
9300,Charlie,Pablo,RAINFOREST_RESIN,SEASHELLS,9992.0,5
10300,Charlie,Pablo,RAINFOREST_RESIN,SEASHELLS,9998.0,5
11300,Pablo,Charlie,RAINFOREST_RESIN,SEASHELLS,10008.0,5
13500,Pablo,Charlie,RAINFOREST_RESIN,SEASHELLS,10008.0,4
13800,Charlie,Paris,RAINFOREST_RESIN,SEASHELLS,9999.0,1
14000,Paris,Charlie,RAINFOREST_RESIN,SEASHELLS,10008.0,2
15300,Caesar,Paris,RAINFOREST_RESIN,SEASHELLS,9999.0,1
16300,Charlie,Paris,RAINFOREST_RESIN,SEASHELLS,9992.0,1
16400,Paris,Caesar,RAINFOREST_RESIN,SEASHELLS,10001.0,1
16600,Paris,Paris,RAINFOREST_RESIN,SEASHELLS,10001.0,1
16700,Charlie,Paris,RAINFOREST_RESIN,SEASHELLS,9992.0,1
17300,Paris,Charlie,RAINFOREST_RESIN,SEASHELLS,10008.0,2
18200,Paris,Paris,RAINFOREST_RESIN,SEASHELLS,10001.0,1
18500,Charlie,Penelope,RAINFOREST_RESIN,SEASHELLS,9992.0,6
19300,Penelope,Charlie,RAINFOREST_RESIN,SEASHELLS,10008.0,5
19400,Paris,Charlie,RAINFOREST_RESIN,SEASHELLS,10001.0,1
19900,Paris,Pablo,RAINFOREST_RESIN,SEASHELLS,9998.0,1
20300,Charlie,Gary,RAINFOREST_RESIN,SEASHELLS,9992.0,7
21300,Charlie,Paris,RAINFOREST_RESIN,SEASHELLS,9999.0,1
21600,Paris,Charlie,RAINFOREST_RESIN,SEASHELLS,10008.0,1
22200,Caesar,Paris,RAINFOREST_RESIN,SEASHELLS,9999.0,1
22500,Pablo,Charlie,RAINFOREST_RESIN,SEASHELLS,10008.0,4
22700,Charlie,Pablo,RAINFOREST_RESIN,SEASHELLS,9998.0,4
23400,Paris,Charlie,RAINFOREST_RESIN,SEASHELLS,10008.0,2
23900,Camilla,Penelope,RAINFOREST_RESIN,SEASHELLS,9997.0,5
24000,Penelope,Charlie,RAINFOREST_RESIN,SEASHELLS,10008.0,8
24300,Paris,Charlie,RAINFOREST_RESIN,SEASHELLS,10008.0,1
26700,Charlie,Pablo,RAINFOREST_RESIN,SEASHELLS,9992.0,4
27500,Paris,Charlie,RAINFOREST_RESIN,SEASHELLS,10001.0,1
27700,Pablo,Charlie,RAINFOREST_RESIN,SEASHELLS,10008.0,4
28100,Charlie,Penelope,RAINFOREST_RESIN,SEASHELLS,9992.0,8
28400,Pablo,Charlie,RAINFOREST_RESIN,SEASHELLS,10008.0,4
28700,Charlie,Penelope,RAINFOREST_RESIN,SEASHELLS,9992.0,5
29100,Gary,Caesar,RAINFOREST_RESIN,SEASHELLS,10000.0,2
30400,Charlie,Gary,RAINFOREST_RESIN,SEASHELLS,9992.0,8
30500,Penelope,Charlie,RAINFOREST_RESIN,SEASHELLS,10008.0,5
30800,Gina,Caesar,RAINFOREST_RESIN,SEASHELLS,10003.0,11
31400,Penelope,Charlie,RAINFOREST_RESIN,SEASHELLS,10008.0,6
32500,Pablo,Caesar,RAINFOREST_RESIN,SEASHELLS,10002.0,5
33400,Paris,Charlie,RAINFOREST_RESIN,SEASHELLS,10008.0,2
34000,Charlie,Gary,RAINFOREST_RESIN,SEASHELLS,9992.0,6
34100,Charlie,Paris,RAINFOREST_RESIN,SEASHELLS,9999.0,1
34600,Gary,Charlie,RAINFOREST_RESIN,SEASHELLS,10008.0,6
34600,Paris,Charlie,RAINFOREST_RESIN,SEASHELLS,10008.0,1
34700,Charlie,Pablo,RAINFOREST_RESIN,SEASHELLS,9992.0,6
34700,Charlie,Paris,RAINFOREST_RESIN,SEASHELLS,9999.0,1
35300,Paris,Caesar,RAINFOREST_RESIN,SEASHELLS,10001.0,1
35400,Charlie,Paris,RAINFOREST_RESIN,SEASHELLS,9999.0,1
36000,Paris,Charlie,RAINFOREST_RESIN,SEASHELLS,10008.0,1
36700,Paris,Charlie,RAINFOREST_RESIN,SEASHELLS,10001.0,1
37300,Charlie,Penelope,RAINFOREST_RESIN,SEASHELLS,9992.0,4
37700,Pablo,Charlie,RAINFOREST_RESIN,SEASHELLS,10008.0,5
37900,Charlie,Paris,RAINFOREST_RESIN,SEASHELLS,9992.0,2
38100,Charlie,Paris,RAINFOREST_RESIN,SEASHELLS,9999.0,1
38800,Pablo,Charlie,RAINFOREST_RESIN,SEASHELLS,10008.0,4
39200,Penelope,Charlie,RAINFOREST_RESIN,SEASHELLS,10008.0,8
39900,Charlie,Pablo,RAINFOREST_RESIN,SEASHELLS,9992.0,4
40100,Penelope,Charlie,RAINFOREST_RESIN,SEASHELLS,10008.0,7
41500,Charlie,Paris,RAINFOREST_RESIN,SEASHELLS,9999.0,1
43200,Charlie,Paris,RAINFOREST_RESIN,SEASHELLS,9999.0,1
43700,Gina,Camilla,RAINFOREST_RESIN,SEASHELLS,10003.0,5
44200,Pablo,Charlie,RAINFOREST_RESIN,SEASHELLS,10002.0,5
44400,Charlie,Paris,RAINFOREST_RESIN,SEASHELLS,9999.0,1
45200,Charlie,Gary,RAINFOREST_RESIN,SEASHELLS,9992.0,6
45400,Paris,Gina,RAINFOREST_RESIN,SEASHELLS,10001.0,1
46000,Charlie,Pablo,RAINFOREST_RESIN,SEASHELLS,9992.0,4
48200,Charlie,Paris,RAINFOREST_RESIN,SEASHELLS,9992.0,1
48300,Paris,Charlie,RAINFOREST_RESIN,SEASHELLS,10008.0,1
48400,Pablo,Charlie,RAINFOREST_RESIN,SEASHELLS,10002.0,5
48500,Charlie,Paris,RAINFOREST_RESIN,SEASHELLS,9999.0,1
48600,Charlie,Paris,RAINFOREST_RESIN,SEASHELLS,9992.0,2
50000,Charlie,Penelope,RAINFOREST_RESIN,SEASHELLS,9992.0,5
51500,Charlie,Gary,RAINFOREST_RESIN,SEASHELLS,9992.0,9
51600,Paris,Charlie,RAINFOREST_RESIN,SEASHELLS,10008.0,2
51700,Penelope,Charlie,RAINFOREST_RESIN,SEASHELLS,10008.0,8
52100,Charlie,Penelope,RAINFOREST_RESIN,SEASHELLS,9992.0,7
52200,Charlie,Paris,RAINFOREST_RESIN,SEASHELLS,9992.0,2
52400,Pablo,Caesar,RAINFOREST_RESIN,SEASHELLS,10002.0,3
52700,Charlie,Penelope,RAINFOREST_RESIN,SEASHELLS,9992.0,4
52800,Caesar,Paris,RAINFOREST_RESIN,SEASHELLS,9999.0,1
54500,Pablo,Charlie,RAINFOREST_RESIN,SEASHELLS,10002.0,5
55300,Pablo,Charlie,RAINFOREST_RESIN,SEASHELLS,10002.0,3
55400,Paris,Charlie,RAINFOREST_RESIN,SEASHELLS,10008.0,2
56100,Charlie,Penelope,RAINFOREST_RESIN,SEASHELLS,9992.0,4
56300,Gary,Charlie,RAINFOREST_RESIN,SEASHELLS,10008.0,6
57100,Paris,Gina,RAINFOREST_RESIN,SEASHELLS,10001.0,1
57100,Charlie,Gina,RAINFOREST_RESIN,SEASHELLS,9997.0,6
57600,Charlie,Pablo,RAINFOREST_RESIN,SEASHELLS,9998.0,4
57900,Paris,Charlie,RAINFOREST_RESIN,SEASHELLS,10008.0,1
58900,Charlie,Pablo,RAINFOREST_RESIN,SEASHELLS,9992.0,4
59900,Paris,Charlie,RAINFOREST_RESIN,SEASHELLS,10001.0,1
60200,Paris,Charlie,RAINFOREST_RESIN,SEASHELLS,10008.0,1
60700,Paris,Charlie,RAINFOREST_RESIN,SEASHELLS,10008.0,2
60900,Gary,Charlie,RAINFOREST_RESIN,SEASHELLS,10008.0,7
62300,Penelope,Charlie,RAINFOREST_RESIN,SEASHELLS,10008.0,8
64100,Paris,Charlie,RAINFOREST_RESIN,SEASHELLS,10001.0,1
64300,Paris,Charlie,RAINFOREST_RESIN,SEASHELLS,10008.0,1
64800,Charlie,Paris,RAINFOREST_RESIN,SEASHELLS,9999.0,1
65400,Paris,Charlie,RAINFOREST_RESIN,SEASHELLS,10008.0,1
65700,Charlie,Pablo,RAINFOREST_RESIN,SEASHELLS,9992.0,5
65700,Charlie,Gina,RAINFOREST_RESIN,SEASHELLS,9997.0,8
67900,Charlie,Paris,RAINFOREST_RESIN,SEASHELLS,9992.0,1
68300,Charlie,Pablo,RAINFOREST_RESIN,SEASHELLS,9998.0,4
68900,Gina,Paris,RAINFOREST_RESIN,SEASHELLS,9999.0,1
69100,Charlie,Paris,RAINFOREST_RESIN,SEASHELLS,9992.0,1
69600,Penelope,Charlie,RAINFOREST_RESIN,SEASHELLS,10008.0,5
70600,Charlie,Pablo,RAINFOREST_RESIN,SEASHELLS,9998.0,3
71300,Charlie,Pablo,RAINFOREST_RESIN,SEASHELLS,9998.0,5
71800,Paris,Charlie,RAINFOREST_RESIN,SEASHELLS,10001.0,1
72500,Paris,Charlie,RAINFOREST_RESIN,SEASHELLS,10001.0,1
73000,Charlie,Pablo,RAINFOREST_RESIN,SEASHELLS,9992.0,6
73300,Pablo,Charlie,RAINFOREST_RESIN,SEASHELLS,10008.0,5
73500,Paris,Charlie,RAINFOREST_RESIN,SEASHELLS,10008.0,1
73700,Pablo,Paris,RAINFOREST_RESIN,SEASHELLS,10002.0,1
73700,Pablo,Charlie,RAINFOREST_RESIN,SEASHELLS,10002.0,3
73900,Charlie,Paris,RAINFOREST_RESIN,SEASHELLS,9999.0,1
74000,Charlie,Penelope,RAINFOREST_RESIN,SEASHELLS,9992.0,8
74200,Pablo,Charlie,RAINFOREST_RESIN,SEASHELLS,10008.0,5
75300,Charlie,Paris,RAINFOREST_RESIN,SEASHELLS,9992.0,2
76700,Pablo,Caesar,RAINFOREST_RESIN,SEASHELLS,10002.0,4
77800,Caesar,Paris,RAINFOREST_RESIN,SEASHELLS,9999.0,1
78300,Charlie,Paris,RAINFOREST_RESIN,SEASHELLS,9992.0,1
78400,Charlie,Penelope,RAINFOREST_RESIN,SEASHELLS,9992.0,6
78800,Charlie,Paris,RAINFOREST_RESIN,SEASHELLS,9999.0,1
79300,Paris,Charlie,RAINFOREST_RESIN,SEASHELLS,10008.0,1
80500,Camilla,Penelope,RAINFOREST_RESIN,SEASHELLS,9997.0,3
80500,Charlie,Penelope,RAINFOREST_RESIN,SEASHELLS,9997.0,4
80700,Pablo,Charlie,RAINFOREST_RESIN,SEASHELLS,10002.0,4
80900,Paris,Charlie,RAINFOREST_RESIN,SEASHELLS,10008.0,1
82300,Pablo,Charlie,RAINFOREST_RESIN,SEASHELLS,10002.0,3
82500,Charlie,Paris,RAINFOREST_RESIN,SEASHELLS,9992.0,2
82900,Penelope,Pablo,RAINFOREST_RESIN,SEASHELLS,9998.0,3
84300,Gary,Paris,RAINFOREST_RESIN,SEASHELLS,9999.0,1
85000,Charlie,Pablo,RAINFOREST_RESIN,SEASHELLS,9998.0,4
85300,Paris,Charlie,RAINFOREST_RESIN,SEASHELLS,10008.0,2
85400,Paris,Charlie,RAINFOREST_RESIN,SEASHELLS,10001.0,1
85500,Charlie,Penelope,RAINFOREST_RESIN,SEASHELLS,9992.0,4
85500,Charlie,Paris,RAINFOREST_RESIN,SEASHELLS,9992.0,1
85900,Pablo,Charlie,RAINFOREST_RESIN,SEASHELLS,10008.0,6
86100,Charlie,Pablo,RAINFOREST_RESIN,SEASHELLS,9998.0,4
87400,Pablo,Charlie,RAINFOREST_RESIN,SEASHELLS,10008.0,6
88300,Charlie,Penelope,RAINFOREST_RESIN,SEASHELLS,9992.0,8
88400,Caesar,Paris,RAINFOREST_RESIN,SEASHELLS,9999.0,1
89100,Charlie,Paris,RAINFOREST_RESIN,SEASHELLS,9999.0,1
89200,Paris,Charlie,RAINFOREST_RESIN,SEASHELLS,10001.0,1
89400,Penelope,Charlie,RAINFOREST_RESIN,SEASHELLS,10008.0,6
89500,Penelope,Charlie,RAINFOREST_RESIN,SEASHELLS,10008.0,5
90700,Charlie,Pablo,RAINFOREST_RESIN,SEASHELLS,9992.0,6
90800,Penelope,Charlie,RAINFOREST_RESIN,SEASHELLS,10008.0,8
91000,Charlie,Penelope,RAINFOREST_RESIN,SEASHELLS,9992.0,7
91100,Paris,Charlie,RAINFOREST_RESIN,SEASHELLS,10008.0,1
91900,Pablo,Charlie,RAINFOREST_RESIN,SEASHELLS,10008.0,5
92100,Charlie,Paris,RAINFOREST_RESIN,SEASHELLS,9992.0,1
93700,Charlie,Paris,RAINFOREST_RESIN,SEASHELLS,9999.0,1
93800,Penelope,Pablo,RAINFOREST_RESIN,SEASHELLS,9998.0,5
93900,Charlie,Paris,RAINFOREST_RESIN,SEASHELLS,9992.0,2
95000,Paris,Charlie,RAINFOREST_RESIN,SEASHELLS,10001.0,1
95900,Charlie,Penelope,RAINFOREST_RESIN,SEASHELLS,9992.0,8
96500,Charlie,Pablo,RAINFOREST_RESIN,SEASHELLS,9998.0,4
97000,Penelope,Charlie,RAINFOREST_RESIN,SEASHELLS,10008.0,8
97700,Pablo,Caesar,RAINFOREST_RESIN,SEASHELLS,10002.0,3
98100,Charlie,Paris,RAINFOREST_RESIN,SEASHELLS,9992.0,1
98100,Caesar,Paris,RAINFOREST_RESIN,SEASHELLS,9999.0,1
98400,Charlie,Paris,RAINFOREST_RESIN,SEASHELLS,9992.0,1
99600,Pablo,Caesar,RAINFOREST_RESIN,SEASHELLS,10002.0,4
100800,Camilla,Gary,RAINFOREST_RESIN,SEASHELLS,9997.0,5
100800,Charlie,Gary,RAINFOREST_RESIN,SEASHELLS,9997.0,4
100900,Charlie,Penelope,RAINFOREST_RESIN,SEASHELLS,9992.0,8
102500,Charlie,Paris,RAINFOREST_RESIN,SEASHELLS,9992.0,2
103300,Paris,Charlie,RAINFOREST_RESIN,SEASHELLS,10008.0,2
103900,Camilla,Penelope,RAINFOREST_RESIN,SEASHELLS,9997.0,2
103900,Charlie,Penelope,RAINFOREST_RESIN,SEASHELLS,9997.0,5
105600,Paris,Charlie,RAINFOREST_RESIN,SEASHELLS,10001.0,1
105700,Charlie,Penelope,RAINFOREST_RESIN,SEASHELLS,9992.0,4
106100,Paris,Caesar,RAINFOREST_RESIN,SEASHELLS,10001.0,1
106300,Penelope,Charlie,RAINFOREST_RESIN,SEASHELLS,10008.0,5
107900,Gary,Charlie,RAINFOREST_RESIN,SEASHELLS,10008.0,8
108000,Charlie,Paris,RAINFOREST_RESIN,SEASHELLS,9999.0,1
108800,Caesar,Paris,RAINFOREST_RESIN,SEASHELLS,9999.0,1
108800,Caesar,Paris,RAINFOREST_RESIN,SEASHELLS,10000.0,2
109100,Paris,Charlie,RAINFOREST_RESIN,SEASHELLS,10008.0,2
110200,Pablo,Charlie,RAINFOREST_RESIN,SEASHELLS,10002.0,3
110500,Pablo,Charlie,RAINFOREST_RESIN,SEASHELLS,10008.0,5
111500,Pablo,Gina,RAINFOREST_RESIN,SEASHELLS,9997.0,5
111500,Charlie,Gina,RAINFOREST_RESIN,SEASHELLS,9997.0,6
111800,Charlie,Paris,RAINFOREST_RESIN,SEASHELLS,9999.0,1
112400,Charlie,Pablo,RAINFOREST_RESIN,SEASHELLS,9998.0,4
113200,Charlie,Pablo,RAINFOREST_RESIN,SEASHELLS,9998.0,3
114200,Penelope,Charlie,RAINFOREST_RESIN,SEASHELLS,10008.0,5
114700,Charlie,Paris,RAINFOREST_RESIN,SEASHELLS,9992.0,1
115000,Charlie,Paris,RAINFOREST_RESIN,SEASHELLS,9992.0,2
115400,Charlie,Paris,RAINFOREST_RESIN,SEASHELLS,9992.0,1
115600,Gina,Paris,RAINFOREST_RESIN,SEASHELLS,9999.0,1
116000,Charlie,Paris,RAINFOREST_RESIN,SEASHELLS,9999.0,1
116100,Gina,Charlie,RAINFOREST_RESIN,SEASHELLS,10003.0,9
116300,Paris,Caesar,RAINFOREST_RESIN,SEASHELLS,10000.0,1
116900,Charlie,Penelope,RAINFOREST_RESIN,SEASHELLS,9992.0,8
119000,Charlie,Gary,RAINFOREST_RESIN,SEASHELLS,9992.0,9
119700,Penelope,Pablo,RAINFOREST_RESIN,SEASHELLS,9998.0,5
120400,Charlie,Penelope,RAINFOREST_RESIN,SEASHELLS,9992.0,8
120600,Paris,Charlie,RAINFOREST_RESIN,SEASHELLS,10001.0,1
120800,Pablo,Charlie,RAINFOREST_RESIN,SEASHELLS,10002.0,3
121500,Penelope,Charlie,RAINFOREST_RESIN,SEASHELLS,10008.0,5
121600,Charlie,Paris,RAINFOREST_RESIN,SEASHELLS,9999.0,1
121900,Penelope,Charlie,RAINFOREST_RESIN,SEASHELLS,10008.0,5
123100,Paris,Charlie,RAINFOREST_RESIN,SEASHELLS,10008.0,2
123300,Penelope,Charlie,RAINFOREST_RESIN,SEASHELLS,10008.0,8
125200,Paris,Caesar,RAINFOREST_RESIN,SEASHELLS,10001.0,1
125600,Charlie,Penelope,RAINFOREST_RESIN,SEASHELLS,9992.0,5
125800,Caesar,Pablo,RAINFOREST_RESIN,SEASHELLS,9998.0,5
126400,Paris,Charlie,RAINFOREST_RESIN,SEASHELLS,10008.0,2
126500,Paris,Charlie,RAINFOREST_RESIN,SEASHELLS,10008.0,1
126600,Charlie,Paris,RAINFOREST_RESIN,SEASHELLS,9992.0,2
129600,Penelope,Charlie,RAINFOREST_RESIN,SEASHELLS,10008.0,5
130200,Paris,Charlie,RAINFOREST_RESIN,SEASHELLS,10008.0,2
130400,Charlie,Paris,RAINFOREST_RESIN,SEASHELLS,9992.0,1
130700,Charlie,Paris,RAINFOREST_RESIN,SEASHELLS,9992.0,1
131000,Paris,Charlie,RAINFOREST_RESIN,SEASHELLS,10008.0,1
131900,Charlie,Paris,RAINFOREST_RESIN,SEASHELLS,9999.0,1
132500,Charlie,Paris,RAINFOREST_RESIN,SEASHELLS,9992.0,2
132700,Gina,Caesar,RAINFOREST_RESIN,SEASHELLS,10003.0,10
133800,Pablo,Charlie,RAINFOREST_RESIN,SEASHELLS,10008.0,5
134700,Paris,Caesar,RAINFOREST_RESIN,SEASHELLS,10001.0,1
134800,Penelope,Charlie,RAINFOREST_RESIN,SEASHELLS,10008.0,5
135000,Charlie,Penelope,RAINFOREST_RESIN,SEASHELLS,9992.0,7
135000,Charlie,Pablo,RAINFOREST_RESIN,SEASHELLS,9998.0,5
135700,Charlie,Paris,RAINFOREST_RESIN,SEASHELLS,9992.0,2
138000,Charlie,Paris,RAINFOREST_RESIN,SEASHELLS,9992.0,1
139300,Penelope,Charlie,RAINFOREST_RESIN,SEASHELLS,10008.0,8
140700,Charlie,Paris,RAINFOREST_RESIN,SEASHELLS,9992.0,1
140900,Pablo,Charlie,RAINFOREST_RESIN,SEASHELLS,10008.0,6
143100,Charlie,Gina,RAINFOREST_RESIN,SEASHELLS,9997.0,6
143300,Charlie,Penelope,RAINFOREST_RESIN,SEASHELLS,9992.0,4
143400,Paris,Charlie,RAINFOREST_RESIN,SEASHELLS,10001.0,1
144800,Charlie,Penelope,RAINFOREST_RESIN,SEASHELLS,9992.0,8
145300,Pablo,Penelope,RAINFOREST_RESIN,SEASHELLS,10002.0,4
145600,Charlie,Penelope,RAINFOREST_RESIN,SEASHELLS,9992.0,8
146100,Charlie,Gary,RAINFOREST_RESIN,SEASHELLS,9992.0,6
146100,Paris,Charlie,RAINFOREST_RESIN,SEASHELLS,10008.0,2
146700,Penelope,Charlie,RAINFOREST_RESIN,SEASHELLS,10008.0,4
146700,Charlie,Paris,RAINFOREST_RESIN,SEASHELLS,9992.0,1
148000,Paris,Charlie,RAINFOREST_RESIN,SEASHELLS,10008.0,2
148300,Paris,Charlie,RAINFOREST_RESIN,SEASHELLS,10008.0,1
148400,Camilla,Paris,RAINFOREST_RESIN,SEASHELLS,9997.0,2
148500,Penelope,Charlie,RAINFOREST_RESIN,SEASHELLS,10008.0,7
148900,Charlie,Paris,RAINFOREST_RESIN,SEASHELLS,9999.0,1
149900,Charlie,Gary,RAINFOREST_RESIN,SEASHELLS,9992.0,10
150900,Pablo,Charlie,RAINFOREST_RESIN,SEASHELLS,10008.0,5
151600,Charlie,Penelope,RAINFOREST_RESIN,SEASHELLS,9992.0,5
152000,Paris,Pablo,RAINFOREST_RESIN,SEASHELLS,9998.0,1
152000,Camilla,Paris,RAINFOREST_RESIN,SEASHELLS,9997.0,1
152000,Charlie,Pablo,RAINFOREST_RESIN,SEASHELLS,9998.0,4
152400,Charlie,Penelope,RAINFOREST_RESIN,SEASHELLS,9992.0,6
152500,Charlie,Paris,RAINFOREST_RESIN,SEASHELLS,9992.0,2
152900,Charlie,Pablo,RAINFOREST_RESIN,SEASHELLS,9998.0,3
153800,Charlie,Paris,RAINFOREST_RESIN,SEASHELLS,9999.0,1
153900,Gary,Charlie,RAINFOREST_RESIN,SEASHELLS,10008.0,8
154200,Charlie,Paris,RAINFOREST_RESIN,SEASHELLS,9999.0,1
154600,Pablo,Charlie,RAINFOREST_RESIN,SEASHELLS,10008.0,4
156200,Paris,Charlie,RAINFOREST_RESIN,SEASHELLS,10001.0,1
156400,Charlie,Paris,RAINFOREST_RESIN,SEASHELLS,9992.0,1
158000,Penelope,Camilla,RAINFOREST_RESIN,SEASHELLS,10003.0,5
158000,Penelope,Paris,RAINFOREST_RESIN,SEASHELLS,10003.0,1
159000,Charlie,Paris,RAINFOREST_RESIN,SEASHELLS,9992.0,2
159100,Gary,Charlie,RAINFOREST_RESIN,SEASHELLS,10008.0,9
159400,Caesar,Paris,RAINFOREST_RESIN,SEASHELLS,9999.0,1
159900,Charlie,Gary,RAINFOREST_RESIN,SEASHELLS,9992.0,10
159900,Paris,Charlie,RAINFOREST_RESIN,SEASHELLS,10008.0,2
160100,Paris,Camilla,RAINFOREST_RESIN,SEASHELLS,10003.0,2
161000,Charlie,Penelope,RAINFOREST_RESIN,SEASHELLS,9992.0,7
161600,Pablo,Charlie,RAINFOREST_RESIN,SEASHELLS,10002.0,5
162000,Charlie,Pablo,RAINFOREST_RESIN,SEASHELLS,9998.0,3
162300,Paris,Charlie,RAINFOREST_RESIN,SEASHELLS,10008.0,1
162900,Camilla,Paris,RAINFOREST_RESIN,SEASHELLS,9997.0,1
163600,Charlie,Paris,RAINFOREST_RESIN,SEASHELLS,9992.0,2
163800,Charlie,Paris,RAINFOREST_RESIN,SEASHELLS,9992.0,1
164300,Gary,Charlie,RAINFOREST_RESIN,SEASHELLS,10008.0,7
164500,Pablo,Paris,RAINFOREST_RESIN,SEASHELLS,10002.0,1
164600,Pablo,Caesar,RAINFOREST_RESIN,SEASHELLS,10002.0,5
165100,Charlie,Paris,RAINFOREST_RESIN,SEASHELLS,9992.0,2
165700,Charlie,Pablo,RAINFOREST_RESIN,SEASHELLS,9998.0,5
165800,Charlie,Paris,RAINFOREST_RESIN,SEASHELLS,9992.0,1
166600,Paris,Charlie,RAINFOREST_RESIN,SEASHELLS,10001.0,1
167700,Gary,Charlie,RAINFOREST_RESIN,SEASHELLS,10008.0,8
168100,Charlie,Penelope,RAINFOREST_RESIN,SEASHELLS,9992.0,6
168100,Paris,Charlie,RAINFOREST_RESIN,SEASHELLS,10008.0,2
169200,Pablo,Charlie,RAINFOREST_RESIN,SEASHELLS,10002.0,3
169900,Pablo,Camilla,RAINFOREST_RESIN,SEASHELLS,10003.0,4
170700,Charlie,Paris,RAINFOREST_RESIN,SEASHELLS,9992.0,1
172000,Gary,Charlie,RAINFOREST_RESIN,SEASHELLS,10008.0,9
172100,Charlie,Pablo,RAINFOREST_RESIN,SEASHELLS,9992.0,6
172900,Charlie,Penelope,RAINFOREST_RESIN,SEASHELLS,9992.0,8
174400,Paris,Charlie,RAINFOREST_RESIN,SEASHELLS,10008.0,2
175000,Penelope,Charlie,RAINFOREST_RESIN,SEASHELLS,10008.0,5
176300,Caesar,Pablo,RAINFOREST_RESIN,SEASHELLS,9998.0,5
178200,Penelope,Charlie,RAINFOREST_RESIN,SEASHELLS,10008.0,5
179400,Paris,Camilla,RAINFOREST_RESIN,SEASHELLS,10003.0,1
180700,Paris,Charlie,RAINFOREST_RESIN,SEASHELLS,10008.0,1
180900,Charlie,Pablo,RAINFOREST_RESIN,SEASHELLS,9992.0,5
181300,Charlie,Gary,RAINFOREST_RESIN,SEASHELLS,9992.0,7
182900,Pablo,Charlie,RAINFOREST_RESIN,SEASHELLS,10002.0,3
184000,Paris,Charlie,RAINFOREST_RESIN,SEASHELLS,10008.0,2
184100,Paris,Charlie,RAINFOREST_RESIN,SEASHELLS,10001.0,1
184700,Pablo,Charlie,RAINFOREST_RESIN,SEASHELLS,10008.0,6
185800,Charlie,Paris,RAINFOREST_RESIN,SEASHELLS,9992.0,1
185900,Paris,Charlie,RAINFOREST_RESIN,SEASHELLS,10001.0,1
186300,Charlie,Paris,RAINFOREST_RESIN,SEASHELLS,9992.0,1
186900,Paris,Charlie,RAINFOREST_RESIN,SEASHELLS,10008.0,1
187400,Paris,Caesar,RAINFOREST_RESIN,SEASHELLS,10001.0,1
187600,Charlie,Pablo,RAINFOREST_RESIN,SEASHELLS,9992.0,5
188200,Charlie,Penelope,RAINFOREST_RESIN,SEASHELLS,9992.0,4
189400,Charlie,Paris,RAINFOREST_RESIN,SEASHELLS,9992.0,1
190400,Pablo,Charlie,RAINFOREST_RESIN,SEASHELLS,10008.0,4
191500,Paris,Charlie,RAINFOREST_RESIN,SEASHELLS,10008.0,2
191700,Gina,Camilla,RAINFOREST_RESIN,SEASHELLS,10003.0,5
191800,Charlie,Paris,RAINFOREST_RESIN,SEASHELLS,9999.0,1
192000,Paris,Charlie,RAINFOREST_RESIN,SEASHELLS,10008.0,2
192300,Charlie,Gary,RAINFOREST_RESIN,SEASHELLS,9992.0,10
192800,Charlie,Paris,RAINFOREST_RESIN,SEASHELLS,9992.0,2
193100,Charlie,Penelope,RAINFOREST_RESIN,SEASHELLS,9992.0,7
194400,Pablo,Paris,RAINFOREST_RESIN,SEASHELLS,9999.0,1
194500,Charlie,Gary,RAINFOREST_RESIN,SEASHELLS,9992.0,8
195200,Charlie,Penelope,RAINFOREST_RESIN,SEASHELLS,9992.0,5
195400,Pablo,Charlie,RAINFOREST_RESIN,SEASHELLS,10008.0,6
195400,Paris,Charlie,RAINFOREST_RESIN,SEASHELLS,10008.0,1
196500,Charlie,Paris,RAINFOREST_RESIN,SEASHELLS,9992.0,2
197200,Charlie,Penelope,RAINFOREST_RESIN,SEASHELLS,9992.0,7
197900,Charlie,Penelope,RAINFOREST_RESIN,SEASHELLS,9992.0,6
197900,Charlie,Paris,RAINFOREST_RESIN,SEASHELLS,9992.0,2
198600,Charlie,Paris,RAINFOREST_RESIN,SEASHELLS,9999.0,1
198900,Paris,Charlie,RAINFOREST_RESIN,SEASHELLS,10001.0,1
199800,Pablo,Caesar,RAINFOREST_RESIN,SEASHELLS,10002.0,4
200300,Penelope,Charlie,RAINFOREST_RESIN,SEASHELLS,10008.0,6
200700,Penelope,Charlie,RAINFOREST_RESIN,SEASHELLS,10008.0,4
201400,Penelope,Camilla,RAINFOREST_RESIN,SEASHELLS,10003.0,4
201500,Charlie,Penelope,RAINFOREST_RESIN,SEASHELLS,9992.0,8
202100,Pablo,Pablo,RAINFOREST_RESIN,SEASHELLS,9998.0,5
202100,Pablo,Paris,RAINFOREST_RESIN,SEASHELLS,9998.0,1
202100,Charlie,Paris,RAINFOREST_RESIN,SEASHELLS,9998.0,1
202200,Pablo,Charlie,RAINFOREST_RESIN,SEASHELLS,10002.0,3
202700,Pablo,Charlie,RAINFOREST_RESIN,SEASHELLS,10002.0,3
203300,Penelope,Charlie,RAINFOREST_RESIN,SEASHELLS,10008.0,4
204200,Paris,Camilla,RAINFOREST_RESIN,SEASHELLS,10003.0,1
205500,Paris,Charlie,RAINFOREST_RESIN,SEASHELLS,10001.0,1
205600,Charlie,Gary,RAINFOREST_RESIN,SEASHELLS,9992.0,7
206000,Paris,Charlie,RAINFOREST_RESIN,SEASHELLS,10008.0,2
206400,Charlie,Paris,RAINFOREST_RESIN,SEASHELLS,9992.0,2
208800,Charlie,Paris,RAINFOREST_RESIN,SEASHELLS,9992.0,2
209300,Penelope,Charlie,RAINFOREST_RESIN,SEASHELLS,10008.0,5
209900,Pablo,Charlie,RAINFOREST_RESIN,SEASHELLS,10008.0,6
210700,Charlie,Paris,RAINFOREST_RESIN,SEASHELLS,9992.0,1
211100,Paris,Charlie,RAINFOREST_RESIN,SEASHELLS,10008.0,1
211700,Camilla,Pablo,RAINFOREST_RESIN,SEASHELLS,9997.0,6
211700,Caesar,Paris,RAINFOREST_RESIN,SEASHELLS,9999.0,1
211900,Paris,Charlie,RAINFOREST_RESIN,SEASHELLS,10008.0,1
212100,Paris,Charlie,RAINFOREST_RESIN,SEASHELLS,10001.0,1
212900,Charlie,Penelope,RAINFOREST_RESIN,SEASHELLS,9992.0,8
213200,Penelope,Charlie,RAINFOREST_RESIN,SEASHELLS,10008.0,5
213500,Penelope,Charlie,RAINFOREST_RESIN,SEASHELLS,10008.0,4
213800,Charlie,Pablo,RAINFOREST_RESIN,SEASHELLS,9998.0,4
214600,Paris,Camilla,RAINFOREST_RESIN,SEASHELLS,10003.0,1
214800,Caesar,Paris,RAINFOREST_RESIN,SEASHELLS,9999.0,1
215800,Charlie,Paris,RAINFOREST_RESIN,SEASHELLS,9999.0,1
215900,Charlie,Paris,RAINFOREST_RESIN,SEASHELLS,9992.0,2
216500,Charlie,Penelope,RAINFOREST_RESIN,SEASHELLS,9992.0,6
216500,Paris,Charlie,RAINFOREST_RESIN,SEASHELLS,10008.0,2
216800,Paris,Charlie,RAINFOREST_RESIN,SEASHELLS,10001.0,1
217300,Paris,Charlie,RAINFOREST_RESIN,SEASHELLS,10001.0,1
217500,Paris,Charlie,RAINFOREST_RESIN,SEASHELLS,10008.0,2
218200,Charlie,Gina,RAINFOREST_RESIN,SEASHELLS,9997.0,8
218400,Pablo,Paris,RAINFOREST_RESIN,SEASHELLS,10002.0,2
220600,Paris,Gina,RAINFOREST_RESIN,SEASHELLS,10001.0,1
220600,Charlie,Penelope,RAINFOREST_RESIN,SEASHELLS,9992.0,8
220600,Charlie,Gina,RAINFOREST_RESIN,SEASHELLS,9997.0,10
220900,Paris,Charlie,RAINFOREST_RESIN,SEASHELLS,10008.0,1
222100,Penelope,Charlie,RAINFOREST_RESIN,SEASHELLS,10008.0,4
222300,Penelope,Paris,RAINFOREST_RESIN,SEASHELLS,9999.0,1
224500,Charlie,Gary,RAINFOREST_RESIN,SEASHELLS,9992.0,6
225500,Gary,Charlie,RAINFOREST_RESIN,SEASHELLS,10008.0,7
225800,Pablo,Charlie,RAINFOREST_RESIN,SEASHELLS,10008.0,4
226000,Penelope,Charlie,RAINFOREST_RESIN,SEASHELLS,10008.0,5
226000,Pablo,Caesar,RAINFOREST_RESIN,SEASHELLS,10002.0,5
226300,Charlie,Pablo,RAINFOREST_RESIN,SEASHELLS,9998.0,5
228600,Charlie,Pablo,RAINFOREST_RESIN,SEASHELLS,9992.0,5
228900,Charlie,Paris,RAINFOREST_RESIN,SEASHELLS,9999.0,1
229500,Camilla,Paris,RAINFOREST_RESIN,SEASHELLS,9997.0,2
229500,Charlie,Pablo,RAINFOREST_RESIN,SEASHELLS,9998.0,5
229700,Gary,Charlie,RAINFOREST_RESIN,SEASHELLS,10008.0,7
231200,Charlie,Paris,RAINFOREST_RESIN,SEASHELLS,9992.0,2
232000,Penelope,Charlie,RAINFOREST_RESIN,SEASHELLS,10008.0,8
232000,Paris,Charlie,RAINFOREST_RESIN,SEASHELLS,10008.0,2
232100,Paris,Charlie,RAINFOREST_RESIN,SEASHELLS,10001.0,1
232200,Charlie,Pablo,RAINFOREST_RESIN,SEASHELLS,9992.0,5
232200,Charlie,Paris,RAINFOREST_RESIN,SEASHELLS,9999.0,1
232500,Penelope,Charlie,RAINFOREST_RESIN,SEASHELLS,10008.0,7
232600,Penelope,Charlie,RAINFOREST_RESIN,SEASHELLS,10008.0,6
233400,Paris,Charlie,RAINFOREST_RESIN,SEASHELLS,10008.0,1
233600,Charlie,Pablo,RAINFOREST_RESIN,SEASHELLS,9998.0,5
234100,Charlie,Pablo,RAINFOREST_RESIN,SEASHELLS,9992.0,4
234200,Paris,Caesar,RAINFOREST_RESIN,SEASHELLS,10000.0,1
236400,Charlie,Paris,RAINFOREST_RESIN,SEASHELLS,9992.0,1
237100,Gina,Camilla,RAINFOREST_RESIN,SEASHELLS,10003.0,4
237400,Paris,Charlie,RAINFOREST_RESIN,SEASHELLS,10008.0,1
237500,Paris,Charlie,RAINFOREST_RESIN,SEASHELLS,10001.0,1
237900,Charlie,Paris,RAINFOREST_RESIN,SEASHELLS,9999.0,1
238200,Paris,Charlie,RAINFOREST_RESIN,SEASHELLS,10001.0,1
238300,Pablo,Charlie,RAINFOREST_RESIN,SEASHELLS,10002.0,3
238600,Caesar,Pablo,RAINFOREST_RESIN,SEASHELLS,9998.0,5
238900,Paris,Caesar,RAINFOREST_RESIN,SEASHELLS,10001.0,1
239500,Penelope,Charlie,RAINFOREST_RESIN,SEASHELLS,10008.0,5
240700,Paris,Caesar,RAINFOREST_RESIN,SEASHELLS,10001.0,1
241900,Paris,Caesar,RAINFOREST_RESIN,SEASHELLS,10001.0,1
243400,Charlie,Paris,RAINFOREST_RESIN,SEASHELLS,9999.0,1
243900,Charlie,Paris,RAINFOREST_RESIN,SEASHELLS,9999.0,1
244000,Pablo,Charlie,RAINFOREST_RESIN,SEASHELLS,10008.0,6
244100,Paris,Charlie,RAINFOREST_RESIN,SEASHELLS,10008.0,2
244400,Pablo,Camilla,RAINFOREST_RESIN,SEASHELLS,10003.0,2
245500,Pablo,Charlie,RAINFOREST_RESIN,SEASHELLS,10008.0,5
247100,Caesar,Pablo,RAINFOREST_RESIN,SEASHELLS,9998.0,3
247300,Paris,Charlie,RAINFOREST_RESIN,SEASHELLS,10008.0,2
248500,Paris,Camilla,RAINFOREST_RESIN,SEASHELLS,10003.0,1
249400,Penelope,Charlie,RAINFOREST_RESIN,SEASHELLS,10008.0,6
249800,Pablo,Charlie,RAINFOREST_RESIN,SEASHELLS,10002.0,4
249900,Paris,Charlie,RAINFOREST_RESIN,SEASHELLS,10001.0,1
250100,Charlie,Pablo,RAINFOREST_RESIN,SEASHELLS,9992.0,4
250100,Charlie,Paris,RAINFOREST_RESIN,SEASHELLS,9999.0,1
250300,Charlie,Paris,RAINFOREST_RESIN,SEASHELLS,9992.0,2
250700,Charlie,Penelope,RAINFOREST_RESIN,SEASHELLS,9992.0,5
251100,Charlie,Paris,RAINFOREST_RESIN,SEASHELLS,9992.0,2
251300,Paris,Charlie,RAINFOREST_RESIN,SEASHELLS,10001.0,1
251400,Paris,Caesar,RAINFOREST_RESIN,SEASHELLS,10001.0,1
251500,Charlie,Paris,RAINFOREST_RESIN,SEASHELLS,9999.0,1
251800,Charlie,Penelope,RAINFOREST_RESIN,SEASHELLS,9992.0,7
252700,Charlie,Paris,RAINFOREST_RESIN,SEASHELLS,9992.0,2
253000,Paris,Charlie,RAINFOREST_RESIN,SEASHELLS,10008.0,1
253100,Camilla,Penelope,RAINFOREST_RESIN,SEASHELLS,9997.0,7
253100,Paris,Charlie,RAINFOREST_RESIN,SEASHELLS,10008.0,2
253900,Pablo,Charlie,RAINFOREST_RESIN,SEASHELLS,10008.0,6
254800,Paris,Charlie,RAINFOREST_RESIN,SEASHELLS,10001.0,1
256400,Charlie,Paris,RAINFOREST_RESIN,SEASHELLS,9992.0,2
257300,Penelope,Charlie,RAINFOREST_RESIN,SEASHELLS,10008.0,8
258000,Charlie,Paris,RAINFOREST_RESIN,SEASHELLS,9999.0,1
258500,Caesar,Paris,RAINFOREST_RESIN,SEASHELLS,9999.0,1
258900,Penelope,Camilla,RAINFOREST_RESIN,SEASHELLS,10003.0,2
259700,Paris,Charlie,RAINFOREST_RESIN,SEASHELLS,10008.0,1
260200,Charlie,Gary,RAINFOREST_RESIN,SEASHELLS,9992.0,6
260500,Charlie,Gary,RAINFOREST_RESIN,SEASHELLS,9992.0,10
260600,Charlie,Pablo,RAINFOREST_RESIN,SEASHELLS,9992.0,5
260700,Caesar,Paris,RAINFOREST_RESIN,SEASHELLS,9999.0,1
260800,Charlie,Pablo,RAINFOREST_RESIN,SEASHELLS,9992.0,4
260900,Charlie,Penelope,RAINFOREST_RESIN,SEASHELLS,9992.0,5
261100,Paris,Charlie,RAINFOREST_RESIN,SEASHELLS,10001.0,1
261400,Penelope,Charlie,RAINFOREST_RESIN,SEASHELLS,10008.0,7
261700,Pablo,Charlie,RAINFOREST_RESIN,SEASHELLS,10008.0,5
263500,Charlie,Penelope,RAINFOREST_RESIN,SEASHELLS,9992.0,7
263700,Paris,Caesar,RAINFOREST_RESIN,SEASHELLS,10000.0,2
264000,Caesar,Pablo,RAINFOREST_RESIN,SEASHELLS,9998.0,3
264300,Camilla,Penelope,RAINFOREST_RESIN,SEASHELLS,9997.0,2
264600,Charlie,Paris,RAINFOREST_RESIN,SEASHELLS,9999.0,1
265900,Paris,Charlie,RAINFOREST_RESIN,SEASHELLS,10008.0,1
266300,Paris,Charlie,RAINFOREST_RESIN,SEASHELLS,10001.0,1
267500,Pablo,Charlie,RAINFOREST_RESIN,SEASHELLS,10008.0,6
267600,Penelope,Charlie,RAINFOREST_RESIN,SEASHELLS,10008.0,6
268400,Penelope,Charlie,RAINFOREST_RESIN,SEASHELLS,10008.0,5
268700,Pablo,Charlie,RAINFOREST_RESIN,SEASHELLS,10002.0,4
268800,Pablo,Charlie,RAINFOREST_RESIN,SEASHELLS,10008.0,4
268800,Paris,Charlie,RAINFOREST_RESIN,SEASHELLS,10001.0,1
269800,Pablo,Charlie,RAINFOREST_RESIN,SEASHELLS,10008.0,5
269900,Pablo,Camilla,RAINFOREST_RESIN,SEASHELLS,10003.0,4
270100,Paris,Charlie,RAINFOREST_RESIN,SEASHELLS,10001.0,1
271000,Paris,Charlie,RAINFOREST_RESIN,SEASHELLS,10008.0,1
271200,Charlie,Paris,RAINFOREST_RESIN,SEASHELLS,9999.0,1
271800,Pablo,Caesar,RAINFOREST_RESIN,SEASHELLS,10002.0,4
271900,Penelope,Charlie,RAINFOREST_RESIN,SEASHELLS,10008.0,5
272200,Charlie,Paris,RAINFOREST_RESIN,SEASHELLS,9999.0,1
273200,Charlie,Penelope,RAINFOREST_RESIN,SEASHELLS,9992.0,5
273200,Paris,Charlie,RAINFOREST_RESIN,SEASHELLS,10008.0,1
273300,Charlie,Gina,RAINFOREST_RESIN,SEASHELLS,9997.0,10
273700,Gina,Paris,RAINFOREST_RESIN,SEASHELLS,9999.0,1
273800,Pablo,Camilla,RAINFOREST_RESIN,SEASHELLS,10003.0,5
273800,Penelope,Camilla,RAINFOREST_RESIN,SEASHELLS,10003.0,3
274000,Paris,Charlie,RAINFOREST_RESIN,SEASHELLS,10001.0,1
274400,Pablo,Paris,RAINFOREST_RESIN,SEASHELLS,9999.0,1
276000,Gary,Charlie,RAINFOREST_RESIN,SEASHELLS,10008.0,8
276400,Paris,Caesar,RAINFOREST_RESIN,SEASHELLS,10001.0,1
276800,Paris,Charlie,RAINFOREST_RESIN,SEASHELLS,10008.0,2
277000,Gina,Camilla,RAINFOREST_RESIN,SEASHELLS,10003.0,4
277800,Pablo,Charlie,RAINFOREST_RESIN,SEASHELLS,10002.0,3
279600,Gary,Charlie,RAINFOREST_RESIN,SEASHELLS,10008.0,7
280800,Charlie,Pablo,RAINFOREST_RESIN,SEASHELLS,9992.0,5
281000,Pablo,Charlie,RAINFOREST_RESIN,SEASHELLS,10002.0,4
281700,Charlie,Paris,RAINFOREST_RESIN,SEASHELLS,9992.0,1
281800,Charlie,Paris,RAINFOREST_RESIN,SEASHELLS,9999.0,1
283900,Paris,Gary,RAINFOREST_RESIN,SEASHELLS,10001.0,1
284100,Charlie,Penelope,RAINFOREST_RESIN,SEASHELLS,9992.0,5
284300,Caesar,Paris,RAINFOREST_RESIN,SEASHELLS,9999.0,1
284800,Charlie,Paris,RAINFOREST_RESIN,SEASHELLS,9999.0,1
285200,Pablo,Charlie,RAINFOREST_RESIN,SEASHELLS,10008.0,4
285400,Caesar,Paris,RAINFOREST_RESIN,SEASHELLS,9999.0,1
286500,Charlie,Paris,RAINFOREST_RESIN,SEASHELLS,9999.0,1
286700,Pablo,Charlie,RAINFOREST_RESIN,SEASHELLS,10002.0,3
287700,Caesar,Paris,RAINFOREST_RESIN,SEASHELLS,10000.0,2
289600,Charlie,Pablo,RAINFOREST_RESIN,SEASHELLS,9998.0,5
291100,Pablo,Charlie,RAINFOREST_RESIN,SEASHELLS,10008.0,6
291100,Paris,Charlie,RAINFOREST_RESIN,SEASHELLS,10008.0,2
291400,Charlie,Pablo,RAINFOREST_RESIN,SEASHELLS,9998.0,3
291600,Paris,Charlie,RAINFOREST_RESIN,SEASHELLS,10001.0,1
291700,Penelope,Charlie,RAINFOREST_RESIN,SEASHELLS,10008.0,8
291800,Charlie,Penelope,RAINFOREST_RESIN,SEASHELLS,9992.0,6
293600,Paris,Caesar,RAINFOREST_RESIN,SEASHELLS,10001.0,1
294600,Paris,Charlie,RAINFOREST_RESIN,SEASHELLS,10008.0,1
294900,Caesar,Pablo,RAINFOREST_RESIN,SEASHELLS,10000.0,3
296100,Paris,Pablo,RAINFOREST_RESIN,SEASHELLS,9998.0,1
296900,Paris,Charlie,RAINFOREST_RESIN,SEASHELLS,10001.0,1
297200,Paris,Charlie,RAINFOREST_RESIN,SEASHELLS,10008.0,1
297500,Pablo,Charlie,RAINFOREST_RESIN,SEASHELLS,10002.0,5
298700,Paris,Caesar,RAINFOREST_RESIN,SEASHELLS,10001.0,1
298800,Pablo,Charlie,RAINFOREST_RESIN,SEASHELLS,10002.0,4
299400,Charlie,Penelope,RAINFOREST_RESIN,SEASHELLS,9992.0,7
300300,Charlie,Paris,RAINFOREST_RESIN,SEASHELLS,9999.0,1
301400,Charlie,Paris,RAINFOREST_RESIN,SEASHELLS,9999.0,1
302900,Pablo,Charlie,RAINFOREST_RESIN,SEASHELLS,10008.0,6
303100,Penelope,Charlie,RAINFOREST_RESIN,SEASHELLS,10008.0,4
305800,Paris,Charlie,RAINFOREST_RESIN,SEASHELLS,10001.0,1
306000,Gina,Charlie,RAINFOREST_RESIN,SEASHELLS,10003.0,8
306000,Paris,Charlie,RAINFOREST_RESIN,SEASHELLS,10001.0,1
306300,Charlie,Gary,RAINFOREST_RESIN,SEASHELLS,9992.0,10
306400,Paris,Charlie,RAINFOREST_RESIN,SEASHELLS,10001.0,1
306500,Paris,Charlie,RAINFOREST_RESIN,SEASHELLS,10008.0,2
306700,Paris,Charlie,RAINFOREST_RESIN,SEASHELLS,10008.0,2
307000,Charlie,Paris,RAINFOREST_RESIN,SEASHELLS,9992.0,1
308300,Charlie,Gary,RAINFOREST_RESIN,SEASHELLS,9992.0,9
308300,Penelope,Charlie,RAINFOREST_RESIN,SEASHELLS,10008.0,7
308500,Charlie,Paris,RAINFOREST_RESIN,SEASHELLS,9992.0,1
309000,Charlie,Paris,RAINFOREST_RESIN,SEASHELLS,9999.0,1
309200,Paris,Charlie,RAINFOREST_RESIN,SEASHELLS,10008.0,1
309300,Paris,Paris,RAINFOREST_RESIN,SEASHELLS,9999.0,1
309800,Charlie,Paris,RAINFOREST_RESIN,SEASHELLS,9999.0,1
310400,Charlie,Pablo,RAINFOREST_RESIN,SEASHELLS,9998.0,5
310900,Paris,Charlie,RAINFOREST_RESIN,SEASHELLS,10001.0,1
311000,Charlie,Paris,RAINFOREST_RESIN,SEASHELLS,9992.0,2
311300,Penelope,Charlie,RAINFOREST_RESIN,SEASHELLS,10008.0,6
311400,Charlie,Paris,RAINFOREST_RESIN,SEASHELLS,9992.0,2
312200,Charlie,Paris,RAINFOREST_RESIN,SEASHELLS,9992.0,2
314200,Charlie,Paris,RAINFOREST_RESIN,SEASHELLS,9992.0,1
314300,Paris,Charlie,RAINFOREST_RESIN,SEASHELLS,10001.0,1
314600,Charlie,Pablo,RAINFOREST_RESIN,SEASHELLS,9992.0,5
314700,Charlie,Pablo,RAINFOREST_RESIN,SEASHELLS,9992.0,6
315200,Charlie,Penelope,RAINFOREST_RESIN,SEASHELLS,9992.0,8
315400,Pablo,Charlie,RAINFOREST_RESIN,SEASHELLS,10008.0,5
315400,Paris,Charlie,RAINFOREST_RESIN,SEASHELLS,10008.0,1
316100,Charlie,Paris,RAINFOREST_RESIN,SEASHELLS,9999.0,1
316400,Charlie,Pablo,RAINFOREST_RESIN,SEASHELLS,9998.0,4
316700,Charlie,Paris,RAINFOREST_RESIN,SEASHELLS,9999.0,1
317200,Gina,Charlie,RAINFOREST_RESIN,SEASHELLS,10003.0,6
317300,Paris,Charlie,RAINFOREST_RESIN,SEASHELLS,10001.0,1
317400,Gary,Charlie,RAINFOREST_RESIN,SEASHELLS,10008.0,8
317400,Gina,Charlie,RAINFOREST_RESIN,SEASHELLS,10003.0,7
317500,Charlie,Paris,RAINFOREST_RESIN,SEASHELLS,9992.0,2
317600,Gary,Charlie,RAINFOREST_RESIN,SEASHELLS,10008.0,9
317600,Charlie,Paris,RAINFOREST_RESIN,SEASHELLS,9992.0,1
317700,Paris,Charlie,RAINFOREST_RESIN,SEASHELLS,10008.0,2
317800,Charlie,Paris,RAINFOREST_RESIN,SEASHELLS,9999.0,1
318300,Charlie,Paris,RAINFOREST_RESIN,SEASHELLS,9999.0,1
319300,Pablo,Paris,RAINFOREST_RESIN,SEASHELLS,10002.0,1
319300,Pablo,Charlie,RAINFOREST_RESIN,SEASHELLS,10002.0,2
319800,Charlie,Pablo,RAINFOREST_RESIN,SEASHELLS,9992.0,4
319900,Charlie,Paris,RAINFOREST_RESIN,SEASHELLS,9999.0,1
320300,Camilla,Gina,RAINFOREST_RESIN,SEASHELLS,9997.0,6
321000,Penelope,Charlie,RAINFOREST_RESIN,SEASHELLS,10008.0,7
322300,Paris,Charlie,RAINFOREST_RESIN,SEASHELLS,10008.0,2
324100,Paris,Charlie,RAINFOREST_RESIN,SEASHELLS,10008.0,1
325100,Paris,Charlie,RAINFOREST_RESIN,SEASHELLS,10001.0,1
325200,Paris,Charlie,RAINFOREST_RESIN,SEASHELLS,10001.0,1
325900,Charlie,Gary,RAINFOREST_RESIN,SEASHELLS,9992.0,8
326800,Charlie,Gina,RAINFOREST_RESIN,SEASHELLS,9997.0,7
327800,Paris,Charlie,RAINFOREST_RESIN,SEASHELLS,10008.0,2
328400,Charlie,Gary,RAINFOREST_RESIN,SEASHELLS,9992.0,6
328600,Charlie,Penelope,RAINFOREST_RESIN,SEASHELLS,9992.0,5
329400,Charlie,Paris,RAINFOREST_RESIN,SEASHELLS,9992.0,2
329900,Paris,Charlie,RAINFOREST_RESIN,SEASHELLS,10001.0,1
330500,Charlie,Gary,RAINFOREST_RESIN,SEASHELLS,9992.0,10
331000,Pablo,Charlie,RAINFOREST_RESIN,SEASHELLS,10008.0,5
331100,Charlie,Paris,RAINFOREST_RESIN,SEASHELLS,9992.0,1
332000,Paris,Charlie,RAINFOREST_RESIN,SEASHELLS,10008.0,2
332100,Paris,Charlie,RAINFOREST_RESIN,SEASHELLS,10008.0,2
332600,Gina,Caesar,RAINFOREST_RESIN,SEASHELLS,10003.0,7
332700,Paris,Caesar,RAINFOREST_RESIN,SEASHELLS,10001.0,1
334300,Paris,Charlie,RAINFOREST_RESIN,SEASHELLS,10001.0,1
334800,Charlie,Paris,RAINFOREST_RESIN,SEASHELLS,9992.0,2
335200,Gina,Caesar,RAINFOREST_RESIN,SEASHELLS,10003.0,12
336100,Gina,Camilla,RAINFOREST_RESIN,SEASHELLS,10003.0,3
336100,Gina,Paris,RAINFOREST_RESIN,SEASHELLS,10003.0,2
336100,Gina,Caesar,RAINFOREST_RESIN,SEASHELLS,10003.0,2
337000,Paris,Charlie,RAINFOREST_RESIN,SEASHELLS,10008.0,1
337400,Charlie,Paris,RAINFOREST_RESIN,SEASHELLS,9992.0,1
338900,Charlie,Paris,RAINFOREST_RESIN,SEASHELLS,9992.0,1
340400,Charlie,Gary,RAINFOREST_RESIN,SEASHELLS,9992.0,9
341800,Paris,Charlie,RAINFOREST_RESIN,SEASHELLS,10001.0,1
341900,Pablo,Paris,RAINFOREST_RESIN,SEASHELLS,10002.0,1
342000,Paris,Charlie,RAINFOREST_RESIN,SEASHELLS,10001.0,1
342200,Paris,Charlie,RAINFOREST_RESIN,SEASHELLS,10001.0,1
343200,Penelope,Charlie,RAINFOREST_RESIN,SEASHELLS,10008.0,5
344400,Charlie,Pablo,RAINFOREST_RESIN,SEASHELLS,9998.0,5
345200,Pablo,Charlie,RAINFOREST_RESIN,SEASHELLS,10008.0,4
345600,Charlie,Paris,RAINFOREST_RESIN,SEASHELLS,9992.0,2
345800,Charlie,Gina,RAINFOREST_RESIN,SEASHELLS,9997.0,9
346000,Camilla,Gina,RAINFOREST_RESIN,SEASHELLS,9997.0,7
347300,Paris,Charlie,RAINFOREST_RESIN,SEASHELLS,10008.0,2
347400,Penelope,Charlie,RAINFOREST_RESIN,SEASHELLS,10008.0,5
348000,Pablo,Charlie,RAINFOREST_RESIN,SEASHELLS,10008.0,5
348800,Paris,Charlie,RAINFOREST_RESIN,SEASHELLS,10008.0,2
349300,Charlie,Pablo,RAINFOREST_RESIN,SEASHELLS,9998.0,5
350000,Paris,Charlie,RAINFOREST_RESIN,SEASHELLS,10008.0,2
350200,Pablo,Charlie,RAINFOREST_RESIN,SEASHELLS,10008.0,6
351300,Penelope,Gina,RAINFOREST_RESIN,SEASHELLS,9997.0,4
353100,Charlie,Pablo,RAINFOREST_RESIN,SEASHELLS,9992.0,6
353200,Charlie,Pablo,RAINFOREST_RESIN,SEASHELLS,9992.0,6
353900,Pablo,Pablo,RAINFOREST_RESIN,SEASHELLS,10002.0,4
354200,Pablo,Charlie,RAINFOREST_RESIN,SEASHELLS,10002.0,4
354300,Pablo,Gina,RAINFOREST_RESIN,SEASHELLS,10002.0,4
354500,Charlie,Pablo,RAINFOREST_RESIN,SEASHELLS,9998.0,4
354800,Charlie,Paris,RAINFOREST_RESIN,SEASHELLS,9992.0,2
354800,Caesar,Pablo,RAINFOREST_RESIN,SEASHELLS,9998.0,4
355600,Penelope,Charlie,RAINFOREST_RESIN,SEASHELLS,10008.0,7
355800,Paris,Charlie,RAINFOREST_RESIN,SEASHELLS,10008.0,2
356100,Charlie,Paris,RAINFOREST_RESIN,SEASHELLS,9992.0,2
356300,Penelope,Charlie,RAINFOREST_RESIN,SEASHELLS,10008.0,5
357400,Paris,Charlie,RAINFOREST_RESIN,SEASHELLS,10001.0,1
358700,Charlie,Paris,RAINFOREST_RESIN,SEASHELLS,9992.0,1
358800,Paris,Paris,RAINFOREST_RESIN,SEASHELLS,9999.0,1
359000,Pablo,Caesar,RAINFOREST_RESIN,SEASHELLS,10002.0,5
359200,Camilla,Paris,RAINFOREST_RESIN,SEASHELLS,9997.0,1
359500,Charlie,Paris,RAINFOREST_RESIN,SEASHELLS,9992.0,2
359900,Paris,Caesar,RAINFOREST_RESIN,SEASHELLS,10001.0,1
360000,Pablo,Charlie,RAINFOREST_RESIN,SEASHELLS,10002.0,4
360100,Charlie,Paris,RAINFOREST_RESIN,SEASHELLS,9992.0,1
360200,Paris,Charlie,RAINFOREST_RESIN,SEASHELLS,10008.0,1
360400,Charlie,Pablo,RAINFOREST_RESIN,SEASHELLS,9992.0,5
361200,Charlie,Paris,RAINFOREST_RESIN,SEASHELLS,9992.0,1
362600,Charlie,Paris,RAINFOREST_RESIN,SEASHELLS,9992.0,1
362700,Penelope,Charlie,RAINFOREST_RESIN,SEASHELLS,10008.0,6
362900,Paris,Paris,RAINFOREST_RESIN,SEASHELLS,10001.0,1
363000,Pablo,Pablo,RAINFOREST_RESIN,SEASHELLS,10002.0,4
363800,Charlie,Paris,RAINFOREST_RESIN,SEASHELLS,9992.0,1
364200,Charlie,Penelope,RAINFOREST_RESIN,SEASHELLS,9992.0,7
364300,Charlie,Paris,RAINFOREST_RESIN,SEASHELLS,9999.0,1
365000,Paris,Charlie,RAINFOREST_RESIN,SEASHELLS,10008.0,1
365400,Pablo,Charlie,RAINFOREST_RESIN,SEASHELLS,10002.0,4
366500,Paris,Pablo,RAINFOREST_RESIN,SEASHELLS,9998.0,1
367600,Pablo,Charlie,RAINFOREST_RESIN,SEASHELLS,10002.0,5
367900,Charlie,Paris,RAINFOREST_RESIN,SEASHELLS,9992.0,1
368100,Charlie,Pablo,RAINFOREST_RESIN,SEASHELLS,9992.0,5
368100,Charlie,Penelope,RAINFOREST_RESIN,SEASHELLS,9992.0,4
368300,Charlie,Paris,RAINFOREST_RESIN,SEASHELLS,9992.0,1
368600,Charlie,Paris,RAINFOREST_RESIN,SEASHELLS,9992.0,1
369600,Charlie,Paris,RAINFOREST_RESIN,SEASHELLS,9999.0,1
371100,Charlie,Pablo,RAINFOREST_RESIN,SEASHELLS,9998.0,3
372400,Penelope,Charlie,RAINFOREST_RESIN,SEASHELLS,10008.0,6
372800,Paris,Charlie,RAINFOREST_RESIN,SEASHELLS,10008.0,1
374200,Charlie,Pablo,RAINFOREST_RESIN,SEASHELLS,9998.0,3
375400,Pablo,Charlie,RAINFOREST_RESIN,SEASHELLS,10008.0,6
375800,Paris,Charlie,RAINFOREST_RESIN,SEASHELLS,10001.0,1
375900,Paris,Charlie,RAINFOREST_RESIN,SEASHELLS,10008.0,2
376000,Camilla,Paris,RAINFOREST_RESIN,SEASHELLS,9997.0,2
376600,Charlie,Paris,RAINFOREST_RESIN,SEASHELLS,9992.0,1
376700,Paris,Charlie,RAINFOREST_RESIN,SEASHELLS,10001.0,1
376900,Charlie,Paris,RAINFOREST_RESIN,SEASHELLS,9992.0,1
377900,Penelope,Charlie,RAINFOREST_RESIN,SEASHELLS,10008.0,8
378000,Charlie,Gary,RAINFOREST_RESIN,SEASHELLS,9992.0,9
378000,Charlie,Pablo,RAINFOREST_RESIN,SEASHELLS,9992.0,6
381300,Charlie,Gary,RAINFOREST_RESIN,SEASHELLS,9992.0,9
382900,Pablo,Charlie,RAINFOREST_RESIN,SEASHELLS,10002.0,3
383300,Charlie,Penelope,RAINFOREST_RESIN,SEASHELLS,9992.0,8
383700,Charlie,Paris,RAINFOREST_RESIN,SEASHELLS,9999.0,1
386500,Charlie,Gary,RAINFOREST_RESIN,SEASHELLS,9992.0,8
387000,Gary,Charlie,RAINFOREST_RESIN,SEASHELLS,10008.0,6
387700,Paris,Charlie,RAINFOREST_RESIN,SEASHELLS,10001.0,1
388200,Charlie,Pablo,RAINFOREST_RESIN,SEASHELLS,9992.0,4
388200,Charlie,Pablo,RAINFOREST_RESIN,SEASHELLS,9998.0,3
388900,Paris,Charlie,RAINFOREST_RESIN,SEASHELLS,10008.0,2
389100,Charlie,Penelope,RAINFOREST_RESIN,SEASHELLS,9992.0,8
389300,Paris,Charlie,RAINFOREST_RESIN,SEASHELLS,10008.0,1
389500,Charlie,Paris,RAINFOREST_RESIN,SEASHELLS,9999.0,1
390200,Pablo,Charlie,RAINFOREST_RESIN,SEASHELLS,10002.0,5
390300,Paris,Charlie,RAINFOREST_RESIN,SEASHELLS,10001.0,1
391100,Pablo,Paris,RAINFOREST_RESIN,SEASHELLS,9999.0,1
391300,Charlie,Penelope,RAINFOREST_RESIN,SEASHELLS,9992.0,6
392000,Paris,Paris,RAINFOREST_RESIN,SEASHELLS,10001.0,1
392900,Charlie,Gary,RAINFOREST_RESIN,SEASHELLS,9992.0,6
393500,Gina,Paris,RAINFOREST_RESIN,SEASHELLS,10003.0,1
393500,Gina,Charlie,RAINFOREST_RESIN,SEASHELLS,10003.0,7
394100,Charlie,Gina,RAINFOREST_RESIN,SEASHELLS,9997.0,10
394400,Pablo,Charlie,RAINFOREST_RESIN,SEASHELLS,10008.0,4
394900,Charlie,Penelope,RAINFOREST_RESIN,SEASHELLS,9992.0,5
395000,Charlie,Gina,RAINFOREST_RESIN,SEASHELLS,9997.0,6
395200,Charlie,Paris,RAINFOREST_RESIN,SEASHELLS,9999.0,1
395700,Charlie,Paris,RAINFOREST_RESIN,SEASHELLS,9999.0,1
395900,Paris,Charlie,RAINFOREST_RESIN,SEASHELLS,10008.0,2
396600,Charlie,Pablo,RAINFOREST_RESIN,SEASHELLS,9992.0,5
398200,Pablo,Charlie,RAINFOREST_RESIN,SEASHELLS,10002.0,5
398300,Caesar,Paris,RAINFOREST_RESIN,SEASHELLS,9999.0,1
398800,Paris,Pablo,RAINFOREST_RESIN,SEASHELLS,10001.0,1
399500,Charlie,Pablo,RAINFOREST_RESIN,SEASHELLS,9998.0,4
399800,Pablo,Charlie,RAINFOREST_RESIN,SEASHELLS,10008.0,6
399900,Charlie,Paris,RAINFOREST_RESIN,SEASHELLS,9999.0,1
400000,Charlie,Paris,RAINFOREST_RESIN,SEASHELLS,9999.0,1
400600,Charlie,Penelope,RAINFOREST_RESIN,SEASHELLS,9992.0,4
401000,Pablo,Charlie,RAINFOREST_RESIN,SEASHELLS,10002.0,3
401500,Paris,Pablo,RAINFOREST_RESIN,SEASHELLS,9998.0,1
401600,Paris,Charlie,RAINFOREST_RESIN,SEASHELLS,10008.0,1
402300,Paris,Paris,RAINFOREST_RESIN,SEASHELLS,10001.0,1
403100,Charlie,Penelope,RAINFOREST_RESIN,SEASHELLS,9992.0,6
403900,Charlie,Gary,RAINFOREST_RESIN,SEASHELLS,9992.0,9
406600,Charlie,Pablo,RAINFOREST_RESIN,SEASHELLS,9992.0,6
408400,Charlie,Gary,RAINFOREST_RESIN,SEASHELLS,9992.0,7
409100,Gary,Charlie,RAINFOREST_RESIN,SEASHELLS,10008.0,10
409200,Camilla,Penelope,RAINFOREST_RESIN,SEASHELLS,9997.0,4
410800,Pablo,Penelope,RAINFOREST_RESIN,SEASHELLS,10002.0,5
411300,Charlie,Paris,RAINFOREST_RESIN,SEASHELLS,9999.0,1
411500,Charlie,Paris,RAINFOREST_RESIN,SEASHELLS,9999.0,1
411800,Gina,Camilla,RAINFOREST_RESIN,SEASHELLS,10003.0,3
411800,Gina,Paris,RAINFOREST_RESIN,SEASHELLS,10003.0,1
411800,Gina,Charlie,RAINFOREST_RESIN,SEASHELLS,10003.0,4
412200,Pablo,Caesar,RAINFOREST_RESIN,SEASHELLS,10002.0,5
412900,Paris,Charlie,RAINFOREST_RESIN,SEASHELLS,10008.0,1
413300,Paris,Charlie,RAINFOREST_RESIN,SEASHELLS,10001.0,1
413800,Charlie,Paris,RAINFOREST_RESIN,SEASHELLS,9992.0,2
413800,Charlie,Paris,RAINFOREST_RESIN,SEASHELLS,9999.0,1
415000,Caesar,Pablo,RAINFOREST_RESIN,SEASHELLS,9998.0,4
415800,Charlie,Paris,RAINFOREST_RESIN,SEASHELLS,9992.0,1
415900,Charlie,Pablo,RAINFOREST_RESIN,SEASHELLS,9998.0,3
416300,Paris,Charlie,RAINFOREST_RESIN,SEASHELLS,10001.0,1
416400,Charlie,Pablo,RAINFOREST_RESIN,SEASHELLS,9998.0,5
416500,Pablo,Charlie,RAINFOREST_RESIN,SEASHELLS,10002.0,4
416900,Pablo,Charlie,RAINFOREST_RESIN,SEASHELLS,10008.0,6
419000,Penelope,Charlie,RAINFOREST_RESIN,SEASHELLS,10008.0,5
419400,Charlie,Paris,RAINFOREST_RESIN,SEASHELLS,9992.0,2
421000,Charlie,Paris,RAINFOREST_RESIN,SEASHELLS,9992.0,2
422100,Paris,Charlie,RAINFOREST_RESIN,SEASHELLS,10008.0,2
422200,Pablo,Pablo,RAINFOREST_RESIN,SEASHELLS,9998.0,4
422400,Paris,Charlie,RAINFOREST_RESIN,SEASHELLS,10008.0,2
422600,Charlie,Penelope,RAINFOREST_RESIN,SEASHELLS,9992.0,7
422700,Pablo,Caesar,RAINFOREST_RESIN,SEASHELLS,10002.0,5
423500,Camilla,Paris,RAINFOREST_RESIN,SEASHELLS,9997.0,1
424100,Charlie,Gary,RAINFOREST_RESIN,SEASHELLS,9992.0,10
424400,Paris,Charlie,RAINFOREST_RESIN,SEASHELLS,10001.0,1
425000,Charlie,Paris,RAINFOREST_RESIN,SEASHELLS,9999.0,1
425500,Paris,Caesar,RAINFOREST_RESIN,SEASHELLS,10001.0,1
427600,Charlie,Penelope,RAINFOREST_RESIN,SEASHELLS,9992.0,5
428000,Charlie,Paris,RAINFOREST_RESIN,SEASHELLS,9992.0,1
428300,Caesar,Paris,RAINFOREST_RESIN,SEASHELLS,9999.0,1
428800,Pablo,Charlie,RAINFOREST_RESIN,SEASHELLS,10008.0,4
429300,Paris,Paris,RAINFOREST_RESIN,SEASHELLS,10001.0,1
429400,Penelope,Charlie,RAINFOREST_RESIN,SEASHELLS,10008.0,6
429800,Paris,Charlie,RAINFOREST_RESIN,SEASHELLS,10008.0,2
430600,Charlie,Paris,RAINFOREST_RESIN,SEASHELLS,9992.0,1
432400,Penelope,Charlie,RAINFOREST_RESIN,SEASHELLS,10008.0,8
433000,Penelope,Charlie,RAINFOREST_RESIN,SEASHELLS,10008.0,8
433600,Gary,Charlie,RAINFOREST_RESIN,SEASHELLS,10008.0,9
434100,Charlie,Paris,RAINFOREST_RESIN,SEASHELLS,9992.0,2
436000,Penelope,Charlie,RAINFOREST_RESIN,SEASHELLS,10008.0,6
436100,Paris,Charlie,RAINFOREST_RESIN,SEASHELLS,10008.0,2
436300,Paris,Charlie,RAINFOREST_RESIN,SEASHELLS,10008.0,2
436600,Paris,Charlie,RAINFOREST_RESIN,SEASHELLS,10008.0,1
436800,Pablo,Charlie,RAINFOREST_RESIN,SEASHELLS,10008.0,4
437000,Charlie,Penelope,RAINFOREST_RESIN,SEASHELLS,9992.0,5
437100,Paris,Charlie,RAINFOREST_RESIN,SEASHELLS,10001.0,1
437800,Charlie,Paris,RAINFOREST_RESIN,SEASHELLS,9992.0,1
437800,Caesar,Paris,RAINFOREST_RESIN,SEASHELLS,9999.0,1
438300,Gary,Charlie,RAINFOREST_RESIN,SEASHELLS,10008.0,10
439000,Gina,Paris,RAINFOREST_RESIN,SEASHELLS,9999.0,1
440000,Charlie,Paris,RAINFOREST_RESIN,SEASHELLS,9992.0,1
440200,Charlie,Paris,RAINFOREST_RESIN,SEASHELLS,9992.0,1
440500,Paris,Paris,RAINFOREST_RESIN,SEASHELLS,10001.0,1
442600,Paris,Charlie,RAINFOREST_RESIN,SEASHELLS,10001.0,1
443400,Penelope,Charlie,RAINFOREST_RESIN,SEASHELLS,10008.0,4
443500,Paris,Charlie,RAINFOREST_RESIN,SEASHELLS,10008.0,2
443900,Paris,Charlie,RAINFOREST_RESIN,SEASHELLS,10008.0,1
444900,Charlie,Paris,RAINFOREST_RESIN,SEASHELLS,9999.0,1
445600,Paris,Gina,RAINFOREST_RESIN,SEASHELLS,10001.0,1
445900,Paris,Caesar,RAINFOREST_RESIN,SEASHELLS,10001.0,1
447000,Paris,Charlie,RAINFOREST_RESIN,SEASHELLS,10008.0,1
447000,Pablo,Charlie,RAINFOREST_RESIN,SEASHELLS,10002.0,3
447600,Charlie,Gary,RAINFOREST_RESIN,SEASHELLS,9992.0,9
447700,Penelope,Charlie,RAINFOREST_RESIN,SEASHELLS,10008.0,7
447900,Charlie,Paris,RAINFOREST_RESIN,SEASHELLS,9992.0,2
448300,Pablo,Paris,RAINFOREST_RESIN,SEASHELLS,10002.0,1
448500,Pablo,Charlie,RAINFOREST_RESIN,SEASHELLS,10002.0,4
448700,Gary,Charlie,RAINFOREST_RESIN,SEASHELLS,10008.0,10
449700,Charlie,Paris,RAINFOREST_RESIN,SEASHELLS,9999.0,1
450100,Charlie,Paris,RAINFOREST_RESIN,SEASHELLS,9999.0,1
450800,Paris,Pablo,RAINFOREST_RESIN,SEASHELLS,9998.0,2
451000,Pablo,Caesar,RAINFOREST_RESIN,SEASHELLS,10002.0,3
452000,Penelope,Charlie,RAINFOREST_RESIN,SEASHELLS,10008.0,4
452900,Paris,Charlie,RAINFOREST_RESIN,SEASHELLS,10008.0,1
453100,Charlie,Paris,RAINFOREST_RESIN,SEASHELLS,9992.0,1
453500,Paris,Charlie,RAINFOREST_RESIN,SEASHELLS,10008.0,2
453700,Paris,Caesar,RAINFOREST_RESIN,SEASHELLS,10001.0,1
453800,Charlie,Paris,RAINFOREST_RESIN,SEASHELLS,9992.0,2
454200,Charlie,Paris,RAINFOREST_RESIN,SEASHELLS,9992.0,1
455000,Paris,Charlie,RAINFOREST_RESIN,SEASHELLS,10008.0,1
455600,Camilla,Paris,RAINFOREST_RESIN,SEASHELLS,9997.0,1
456000,Charlie,Paris,RAINFOREST_RESIN,SEASHELLS,9999.0,1
457500,Paris,Caesar,RAINFOREST_RESIN,SEASHELLS,10001.0,1
457600,Charlie,Pablo,RAINFOREST_RESIN,SEASHELLS,9998.0,3
458100,Paris,Charlie,RAINFOREST_RESIN,SEASHELLS,10008.0,2
458400,Charlie,Paris,RAINFOREST_RESIN,SEASHELLS,9999.0,1
459500,Pablo,Caesar,RAINFOREST_RESIN,SEASHELLS,10002.0,5
459700,Caesar,Paris,RAINFOREST_RESIN,SEASHELLS,9999.0,1
460000,Penelope,Charlie,RAINFOREST_RESIN,SEASHELLS,10008.0,8
460600,Charlie,Paris,RAINFOREST_RESIN,SEASHELLS,9999.0,1
462100,Charlie,Pablo,RAINFOREST_RESIN,SEASHELLS,9998.0,5
462300,Paris,Charlie,RAINFOREST_RESIN,SEASHELLS,10008.0,1
462400,Paris,Charlie,RAINFOREST_RESIN,SEASHELLS,10008.0,2
462600,Caesar,Pablo,RAINFOREST_RESIN,SEASHELLS,9998.0,3
462700,Pablo,Charlie,RAINFOREST_RESIN,SEASHELLS,10002.0,5
463400,Penelope,Paris,RAINFOREST_RESIN,SEASHELLS,9999.0,1
463900,Pablo,Charlie,RAINFOREST_RESIN,SEASHELLS,10002.0,5
465900,Charlie,Paris,RAINFOREST_RESIN,SEASHELLS,9992.0,2
466000,Charlie,Pablo,RAINFOREST_RESIN,SEASHELLS,9998.0,4
466300,Penelope,Charlie,RAINFOREST_RESIN,SEASHELLS,10008.0,7
466500,Paris,Charlie,RAINFOREST_RESIN,SEASHELLS,10008.0,1
466600,Charlie,Paris,RAINFOREST_RESIN,SEASHELLS,9992.0,2
467100,Charlie,Paris,RAINFOREST_RESIN,SEASHELLS,9992.0,1
467200,Paris,Charlie,RAINFOREST_RESIN,SEASHELLS,10008.0,1
467400,Gary,Charlie,RAINFOREST_RESIN,SEASHELLS,10008.0,8
467800,Charlie,Paris,RAINFOREST_RESIN,SEASHELLS,9992.0,1
467900,Paris,Charlie,RAINFOREST_RESIN,SEASHELLS,10001.0,1
468400,Paris,Charlie,RAINFOREST_RESIN,SEASHELLS,10008.0,2
468500,Charlie,Paris,RAINFOREST_RESIN,SEASHELLS,9999.0,1
468600,Pablo,Charlie,RAINFOREST_RESIN,SEASHELLS,10008.0,4
469300,Charlie,Pablo,RAINFOREST_RESIN,SEASHELLS,9992.0,4
469500,Charlie,Penelope,RAINFOREST_RESIN,SEASHELLS,9992.0,6
469500,Charlie,Pablo,RAINFOREST_RESIN,SEASHELLS,9998.0,4
469700,Paris,Charlie,RAINFOREST_RESIN,SEASHELLS,10001.0,1
470800,Charlie,Paris,RAINFOREST_RESIN,SEASHELLS,9999.0,1
471300,Charlie,Penelope,RAINFOREST_RESIN,SEASHELLS,9992.0,8
471400,Charlie,Pablo,RAINFOREST_RESIN,SEASHELLS,9992.0,6
472400,Charlie,Paris,RAINFOREST_RESIN,SEASHELLS,9992.0,1
473500,Charlie,Paris,RAINFOREST_RESIN,SEASHELLS,9992.0,1
474100,Caesar,Paris,RAINFOREST_RESIN,SEASHELLS,9999.0,1
474200,Penelope,Charlie,RAINFOREST_RESIN,SEASHELLS,10008.0,7
474700,Gina,Camilla,RAINFOREST_RESIN,SEASHELLS,10003.0,2
474700,Pablo,Charlie,RAINFOREST_RESIN,SEASHELLS,10008.0,5
474700,Gina,Charlie,RAINFOREST_RESIN,SEASHELLS,10003.0,10
474800,Paris,Charlie,RAINFOREST_RESIN,SEASHELLS,10001.0,1
475100,Pablo,Paris,RAINFOREST_RESIN,SEASHELLS,10002.0,2
475100,Pablo,Caesar,RAINFOREST_RESIN,SEASHELLS,10002.0,2
475700,Gary,Camilla,RAINFOREST_RESIN,SEASHELLS,10003.0,2
476100,Charlie,Penelope,RAINFOREST_RESIN,SEASHELLS,9992.0,7
476100,Charlie,Paris,RAINFOREST_RESIN,SEASHELLS,9992.0,2
476500,Charlie,Paris,RAINFOREST_RESIN,SEASHELLS,9999.0,1
476700,Gary,Pablo,RAINFOREST_RESIN,SEASHELLS,9998.0,4
477200,Gary,Charlie,RAINFOREST_RESIN,SEASHELLS,10008.0,8
478000,Paris,Charlie,RAINFOREST_RESIN,SEASHELLS,10008.0,2
478500,Charlie,Paris,RAINFOREST_RESIN,SEASHELLS,9992.0,1
479200,Charlie,Paris,RAINFOREST_RESIN,SEASHELLS,9992.0,1
480200,Paris,Charlie,RAINFOREST_RESIN,SEASHELLS,10008.0,2
480300,Pablo,Charlie,RAINFOREST_RESIN,SEASHELLS,10008.0,4
482200,Charlie,Paris,RAINFOREST_RESIN,SEASHELLS,9999.0,1
482500,Pablo,Paris,RAINFOREST_RESIN,SEASHELLS,10002.0,1
482500,Pablo,Caesar,RAINFOREST_RESIN,SEASHELLS,10002.0,4
483300,Caesar,Paris,RAINFOREST_RESIN,SEASHELLS,9999.0,1
484600,Charlie,Pablo,RAINFOREST_RESIN,SEASHELLS,9998.0,3
484800,Charlie,Pablo,RAINFOREST_RESIN,SEASHELLS,9992.0,6
485000,Charlie,Gina,RAINFOREST_RESIN,SEASHELLS,9997.0,10
485400,Charlie,Pablo,RAINFOREST_RESIN,SEASHELLS,9992.0,4
486200,Gina,Charlie,RAINFOREST_RESIN,SEASHELLS,10003.0,10
486600,Charlie,Paris,RAINFOREST_RESIN,SEASHELLS,9999.0,1
486700,Penelope,Charlie,RAINFOREST_RESIN,SEASHELLS,10008.0,8
486700,Charlie,Paris,RAINFOREST_RESIN,SEASHELLS,9992.0,1
487500,Penelope,Charlie,RAINFOREST_RESIN,SEASHELLS,10008.0,6
487600,Paris,Charlie,RAINFOREST_RESIN,SEASHELLS,10008.0,2
487900,Charlie,Paris,RAINFOREST_RESIN,SEASHELLS,9992.0,2
488000,Pablo,Charlie,RAINFOREST_RESIN,SEASHELLS,10008.0,5
488200,Pablo,Caesar,RAINFOREST_RESIN,SEASHELLS,10002.0,4
489500,Charlie,Paris,RAINFOREST_RESIN,SEASHELLS,9999.0,1
489700,Pablo,Caesar,RAINFOREST_RESIN,SEASHELLS,10002.0,3
489700,Pablo,Charlie,RAINFOREST_RESIN,SEASHELLS,10002.0,2
489900,Charlie,Paris,RAINFOREST_RESIN,SEASHELLS,9992.0,1
490300,Charlie,Penelope,RAINFOREST_RESIN,SEASHELLS,9992.0,4
491100,Charlie,Paris,RAINFOREST_RESIN,SEASHELLS,9992.0,2
491300,Paris,Charlie,RAINFOREST_RESIN,SEASHELLS,10001.0,1
492100,Charlie,Paris,RAINFOREST_RESIN,SEASHELLS,9992.0,1
492400,Charlie,Pablo,RAINFOREST_RESIN,SEASHELLS,9998.0,5
492900,Gina,Pablo,RAINFOREST_RESIN,SEASHELLS,9998.0,5
492900,Gina,Caesar,RAINFOREST_RESIN,SEASHELLS,10003.0,6
493000,Paris,Charlie,RAINFOREST_RESIN,SEASHELLS,10001.0,1
493900,Charlie,Paris,RAINFOREST_RESIN,SEASHELLS,9992.0,2
494000,Charlie,Paris,RAINFOREST_RESIN,SEASHELLS,9992.0,2
494200,Penelope,Charlie,RAINFOREST_RESIN,SEASHELLS,10008.0,6
494300,Pablo,Caesar,RAINFOREST_RESIN,SEASHELLS,10002.0,3
494500,Charlie,Paris,RAINFOREST_RESIN,SEASHELLS,9999.0,1
496100,Pablo,Charlie,RAINFOREST_RESIN,SEASHELLS,10002.0,5
496200,Charlie,Penelope,RAINFOREST_RESIN,SEASHELLS,9992.0,5
496600,Penelope,Charlie,RAINFOREST_RESIN,SEASHELLS,10008.0,8
496600,Paris,Charlie,RAINFOREST_RESIN,SEASHELLS,10001.0,1
496700,Paris,Charlie,RAINFOREST_RESIN,SEASHELLS,10008.0,1
497100,Penelope,Camilla,RAINFOREST_RESIN,SEASHELLS,10003.0,7
497100,Charlie,Paris,RAINFOREST_RESIN,SEASHELLS,9992.0,2
497500,Penelope,Charlie,RAINFOREST_RESIN,SEASHELLS,10008.0,7
498300,Paris,Caesar,RAINFOREST_RESIN,SEASHELLS,10001.0,1
498400,Charlie,Penelope,RAINFOREST_RESIN,SEASHELLS,9992.0,6
498600,Paris,Charlie,RAINFOREST_RESIN,SEASHELLS,10001.0,1
499000,Paris,Penelope,RAINFOREST_RESIN,SEASHELLS,10001.0,1
499600,Paris,Caesar,RAINFOREST_RESIN,SEASHELLS,10001.0,1
500400,Pablo,Caesar,RAINFOREST_RESIN,SEASHELLS,10002.0,3
501300,Gina,Charlie,RAINFOREST_RESIN,SEASHELLS,10003.0,9
502200,Paris,Caesar,RAINFOREST_RESIN,SEASHELLS,10001.0,1
503800,Charlie,Pablo,RAINFOREST_RESIN,SEASHELLS,9998.0,4
503900,Paris,Paris,RAINFOREST_RESIN,SEASHELLS,9999.0,1
504200,Paris,Charlie,RAINFOREST_RESIN,SEASHELLS,10008.0,2
504300,Pablo,Charlie,RAINFOREST_RESIN,SEASHELLS,10002.0,3
505300,Gina,Penelope,RAINFOREST_RESIN,SEASHELLS,10003.0,8
505300,Gina,Charlie,RAINFOREST_RESIN,SEASHELLS,10003.0,4
505400,Pablo,Charlie,RAINFOREST_RESIN,SEASHELLS,10002.0,4
505900,Pablo,Charlie,RAINFOREST_RESIN,SEASHELLS,10008.0,4
506700,Caesar,Pablo,RAINFOREST_RESIN,SEASHELLS,9998.0,3
508200,Charlie,Paris,RAINFOREST_RESIN,SEASHELLS,9992.0,1
508700,Pablo,Caesar,RAINFOREST_RESIN,SEASHELLS,10002.0,4
508900,Pablo,Charlie,RAINFOREST_RESIN,SEASHELLS,10002.0,4
509400,Pablo,Charlie,RAINFOREST_RESIN,SEASHELLS,10002.0,5
509700,Pablo,Paris,RAINFOREST_RESIN,SEASHELLS,10002.0,1
510900,Penelope,Caesar,RAINFOREST_RESIN,SEASHELLS,10000.0,3
511700,Paris,Charlie,RAINFOREST_RESIN,SEASHELLS,10008.0,2
511800,Charlie,Paris,RAINFOREST_RESIN,SEASHELLS,9992.0,2
514300,Gary,Pablo,RAINFOREST_RESIN,SEASHELLS,9998.0,3
514900,Paris,Pablo,RAINFOREST_RESIN,SEASHELLS,10001.0,1
514900,Charlie,Paris,RAINFOREST_RESIN,SEASHELLS,9992.0,1
515000,Charlie,Paris,RAINFOREST_RESIN,SEASHELLS,9999.0,1
515300,Paris,Charlie,RAINFOREST_RESIN,SEASHELLS,10001.0,1
515600,Camilla,Gary,RAINFOREST_RESIN,SEASHELLS,9997.0,3
517100,Paris,Charlie,RAINFOREST_RESIN,SEASHELLS,10008.0,2
517200,Paris,Charlie,RAINFOREST_RESIN,SEASHELLS,10008.0,1
517300,Charlie,Pablo,RAINFOREST_RESIN,SEASHELLS,9998.0,5
517500,Camilla,Paris,RAINFOREST_RESIN,SEASHELLS,9997.0,2
517700,Paris,Charlie,RAINFOREST_RESIN,SEASHELLS,10008.0,2
518100,Caesar,Gina,RAINFOREST_RESIN,SEASHELLS,9997.0,10
518700,Charlie,Paris,RAINFOREST_RESIN,SEASHELLS,9992.0,2
518800,Paris,Charlie,RAINFOREST_RESIN,SEASHELLS,10008.0,2
519100,Charlie,Paris,RAINFOREST_RESIN,SEASHELLS,9992.0,2
520200,Charlie,Paris,RAINFOREST_RESIN,SEASHELLS,9999.0,1
521500,Camilla,Paris,RAINFOREST_RESIN,SEASHELLS,9997.0,1
522700,Charlie,Paris,RAINFOREST_RESIN,SEASHELLS,9992.0,2
523100,Gina,Pablo,RAINFOREST_RESIN,SEASHELLS,9998.0,5
523100,Gina,Charlie,RAINFOREST_RESIN,SEASHELLS,10003.0,4
523300,Pablo,Charlie,RAINFOREST_RESIN,SEASHELLS,10002.0,5
523500,Pablo,Charlie,RAINFOREST_RESIN,SEASHELLS,10008.0,5
523800,Paris,Caesar,RAINFOREST_RESIN,SEASHELLS,10001.0,1
523900,Charlie,Paris,RAINFOREST_RESIN,SEASHELLS,9999.0,1
524000,Charlie,Paris,RAINFOREST_RESIN,SEASHELLS,9992.0,1
524500,Charlie,Paris,RAINFOREST_RESIN,SEASHELLS,9999.0,1
525300,Charlie,Penelope,RAINFOREST_RESIN,SEASHELLS,9992.0,4
525300,Caesar,Pablo,RAINFOREST_RESIN,SEASHELLS,9998.0,5
525800,Paris,Caesar,RAINFOREST_RESIN,SEASHELLS,10001.0,1
525900,Charlie,Paris,RAINFOREST_RESIN,SEASHELLS,9992.0,2
526800,Caesar,Paris,RAINFOREST_RESIN,SEASHELLS,10000.0,1
527300,Charlie,Penelope,RAINFOREST_RESIN,SEASHELLS,9992.0,5
528900,Charlie,Paris,RAINFOREST_RESIN,SEASHELLS,9992.0,1
529100,Penelope,Charlie,RAINFOREST_RESIN,SEASHELLS,10008.0,5
529100,Paris,Charlie,RAINFOREST_RESIN,SEASHELLS,10001.0,1
530100,Charlie,Paris,RAINFOREST_RESIN,SEASHELLS,9999.0,1
530400,Charlie,Gary,RAINFOREST_RESIN,SEASHELLS,9992.0,7
531100,Charlie,Paris,RAINFOREST_RESIN,SEASHELLS,9992.0,2
531800,Charlie,Pablo,RAINFOREST_RESIN,SEASHELLS,9992.0,6
532300,Charlie,Penelope,RAINFOREST_RESIN,SEASHELLS,9992.0,4
532500,Paris,Charlie,RAINFOREST_RESIN,SEASHELLS,10008.0,1
533000,Paris,Pablo,RAINFOREST_RESIN,SEASHELLS,10001.0,1
533400,Pablo,Caesar,RAINFOREST_RESIN,SEASHELLS,10002.0,3
533600,Paris,Charlie,RAINFOREST_RESIN,SEASHELLS,10008.0,2
533800,Penelope,Charlie,RAINFOREST_RESIN,SEASHELLS,10008.0,5
534000,Charlie,Gary,RAINFOREST_RESIN,SEASHELLS,9992.0,9
534300,Charlie,Pablo,RAINFOREST_RESIN,SEASHELLS,9992.0,6
534700,Charlie,Paris,RAINFOREST_RESIN,SEASHELLS,9992.0,2
536500,Gary,Camilla,RAINFOREST_RESIN,SEASHELLS,10003.0,6
536500,Gary,Caesar,RAINFOREST_RESIN,SEASHELLS,10003.0,1
537100,Paris,Charlie,RAINFOREST_RESIN,SEASHELLS,10008.0,1
538600,Charlie,Pablo,RAINFOREST_RESIN,SEASHELLS,9992.0,6
539000,Pablo,Paris,RAINFOREST_RESIN,SEASHELLS,10002.0,1
539300,Charlie,Gary,RAINFOREST_RESIN,SEASHELLS,9992.0,8
540000,Caesar,Paris,RAINFOREST_RESIN,SEASHELLS,9999.0,1
540600,Paris,Charlie,RAINFOREST_RESIN,SEASHELLS,10008.0,2
541100,Paris,Charlie,RAINFOREST_RESIN,SEASHELLS,10008.0,2
541600,Charlie,Pablo,RAINFOREST_RESIN,SEASHELLS,9992.0,6
541800,Charlie,Gina,RAINFOREST_RESIN,SEASHELLS,9997.0,10
542000,Charlie,Penelope,RAINFOREST_RESIN,SEASHELLS,9992.0,6
542200,Pablo,Charlie,RAINFOREST_RESIN,SEASHELLS,10002.0,3
542400,Charlie,Penelope,RAINFOREST_RESIN,SEASHELLS,9992.0,8
544200,Paris,Charlie,RAINFOREST_RESIN,SEASHELLS,10008.0,2
545000,Pablo,Charlie,RAINFOREST_RESIN,SEASHELLS,10002.0,3
545100,Camilla,Penelope,RAINFOREST_RESIN,SEASHELLS,9997.0,5
545300,Paris,Charlie,RAINFOREST_RESIN,SEASHELLS,10001.0,1
545400,Charlie,Penelope,RAINFOREST_RESIN,SEASHELLS,9992.0,8
546200,Gary,Charlie,RAINFOREST_RESIN,SEASHELLS,10008.0,9
546500,Pablo,Pablo,RAINFOREST_RESIN,SEASHELLS,9998.0,4
546500,Caesar,Pablo,RAINFOREST_RESIN,SEASHELLS,9998.0,1
548200,Penelope,Charlie,RAINFOREST_RESIN,SEASHELLS,10008.0,8
551800,Charlie,Paris,RAINFOREST_RESIN,SEASHELLS,9999.0,1
552100,Charlie,Penelope,RAINFOREST_RESIN,SEASHELLS,9992.0,7
552200,Charlie,Paris,RAINFOREST_RESIN,SEASHELLS,9992.0,2
552500,Charlie,Penelope,RAINFOREST_RESIN,SEASHELLS,9992.0,6
552600,Charlie,Gina,RAINFOREST_RESIN,SEASHELLS,9997.0,6
553100,Penelope,Charlie,RAINFOREST_RESIN,SEASHELLS,10008.0,5
553100,Charlie,Paris,RAINFOREST_RESIN,SEASHELLS,9992.0,2
553600,Charlie,Paris,RAINFOREST_RESIN,SEASHELLS,9999.0,1
553900,Penelope,Pablo,RAINFOREST_RESIN,SEASHELLS,9998.0,4
554000,Charlie,Paris,RAINFOREST_RESIN,SEASHELLS,9992.0,2
554900,Paris,Charlie,RAINFOREST_RESIN,SEASHELLS,10001.0,1
555600,Paris,Charlie,RAINFOREST_RESIN,SEASHELLS,10001.0,1
555700,Charlie,Pablo,RAINFOREST_RESIN,SEASHELLS,9998.0,4
556600,Charlie,Gary,RAINFOREST_RESIN,SEASHELLS,9992.0,7
556900,Charlie,Penelope,RAINFOREST_RESIN,SEASHELLS,9992.0,5
557100,Paris,Charlie,RAINFOREST_RESIN,SEASHELLS,10001.0,1
558300,Pablo,Charlie,RAINFOREST_RESIN,SEASHELLS,10008.0,6
558400,Paris,Charlie,RAINFOREST_RESIN,SEASHELLS,10001.0,1
558700,Pablo,Paris,RAINFOREST_RESIN,SEASHELLS,10002.0,2
559100,Pablo,Charlie,RAINFOREST_RESIN,SEASHELLS,10002.0,5
560600,Paris,Penelope,RAINFOREST_RESIN,SEASHELLS,10001.0,1
560800,Pablo,Charlie,RAINFOREST_RESIN,SEASHELLS,10002.0,3
561300,Charlie,Pablo,RAINFOREST_RESIN,SEASHELLS,9998.0,5
561400,Charlie,Pablo,RAINFOREST_RESIN,SEASHELLS,9998.0,4
562300,Charlie,Gary,RAINFOREST_RESIN,SEASHELLS,9992.0,6
562700,Charlie,Paris,RAINFOREST_RESIN,SEASHELLS,9999.0,1
563200,Charlie,Paris,RAINFOREST_RESIN,SEASHELLS,9992.0,1
563700,Charlie,Paris,RAINFOREST_RESIN,SEASHELLS,9992.0,1
564300,Penelope,Charlie,RAINFOREST_RESIN,SEASHELLS,10008.0,7
564700,Pablo,Charlie,RAINFOREST_RESIN,SEASHELLS,10002.0,3
564800,Charlie,Paris,RAINFOREST_RESIN,SEASHELLS,9992.0,2
565000,Charlie,Paris,RAINFOREST_RESIN,SEASHELLS,9992.0,1
565100,Charlie,Pablo,RAINFOREST_RESIN,SEASHELLS,9998.0,3
568200,Caesar,Pablo,RAINFOREST_RESIN,SEASHELLS,9998.0,4
568300,Charlie,Pablo,RAINFOREST_RESIN,SEASHELLS,9992.0,5
568600,Pablo,Gary,RAINFOREST_RESIN,SEASHELLS,10002.0,5
568700,Pablo,Paris,RAINFOREST_RESIN,SEASHELLS,9999.0,1
570700,Caesar,Paris,RAINFOREST_RESIN,SEASHELLS,9999.0,1
571500,Paris,Charlie,RAINFOREST_RESIN,SEASHELLS,10008.0,2
572400,Pablo,Charlie,RAINFOREST_RESIN,SEASHELLS,10008.0,6
572600,Charlie,Pablo,RAINFOREST_RESIN,SEASHELLS,9992.0,5
572700,Charlie,Penelope,RAINFOREST_RESIN,SEASHELLS,9992.0,5
572900,Charlie,Pablo,RAINFOREST_RESIN,SEASHELLS,9998.0,4
573100,Paris,Charlie,RAINFOREST_RESIN,SEASHELLS,10001.0,1
573500,Charlie,Pablo,RAINFOREST_RESIN,SEASHELLS,9992.0,6
573500,Charlie,Pablo,RAINFOREST_RESIN,SEASHELLS,9998.0,3
573900,Pablo,Charlie,RAINFOREST_RESIN,SEASHELLS,10008.0,6
574100,Charlie,Penelope,RAINFOREST_RESIN,SEASHELLS,9992.0,4
574900,Paris,Charlie,RAINFOREST_RESIN,SEASHELLS,10001.0,1
575200,Paris,Charlie,RAINFOREST_RESIN,SEASHELLS,10001.0,1
575900,Gina,Camilla,RAINFOREST_RESIN,SEASHELLS,10003.0,4
575900,Paris,Charlie,RAINFOREST_RESIN,SEASHELLS,10008.0,1
576500,Gina,Caesar,RAINFOREST_RESIN,SEASHELLS,10003.0,7
577300,Charlie,Penelope,RAINFOREST_RESIN,SEASHELLS,9992.0,6
577900,Charlie,Paris,RAINFOREST_RESIN,SEASHELLS,9999.0,1
580300,Charlie,Paris,RAINFOREST_RESIN,SEASHELLS,9992.0,2
582600,Charlie,Penelope,RAINFOREST_RESIN,SEASHELLS,9992.0,5
582800,Charlie,Paris,RAINFOREST_RESIN,SEASHELLS,9999.0,1
583200,Pablo,Paris,RAINFOREST_RESIN,SEASHELLS,10002.0,1
583200,Pablo,Charlie,RAINFOREST_RESIN,SEASHELLS,10002.0,2
583300,Penelope,Charlie,RAINFOREST_RESIN,SEASHELLS,10008.0,6
584700,Paris,Charlie,RAINFOREST_RESIN,SEASHELLS,10008.0,1
584800,Gary,Charlie,RAINFOREST_RESIN,SEASHELLS,10008.0,6
585100,Charlie,Penelope,RAINFOREST_RESIN,SEASHELLS,9992.0,8
585800,Charlie,Paris,RAINFOREST_RESIN,SEASHELLS,9992.0,2
587900,Penelope,Charlie,RAINFOREST_RESIN,SEASHELLS,10008.0,7
588000,Charlie,Paris,RAINFOREST_RESIN,SEASHELLS,9999.0,1
588500,Charlie,Penelope,RAINFOREST_RESIN,SEASHELLS,9992.0,6
588700,Pablo,Charlie,RAINFOREST_RESIN,SEASHELLS,10002.0,5
589100,Pablo,Penelope,RAINFOREST_RESIN,SEASHELLS,10002.0,3
589200,Paris,Charlie,RAINFOREST_RESIN,SEASHELLS,10001.0,1
589400,Paris,Charlie,RAINFOREST_RESIN,SEASHELLS,10008.0,2
589700,Charlie,Paris,RAINFOREST_RESIN,SEASHELLS,9999.0,1
590000,Paris,Charlie,RAINFOREST_RESIN,SEASHELLS,10008.0,1
590100,Penelope,Charlie,RAINFOREST_RESIN,SEASHELLS,10008.0,4
590500,Charlie,Pablo,RAINFOREST_RESIN,SEASHELLS,9992.0,4
590700,Pablo,Charlie,RAINFOREST_RESIN,SEASHELLS,10008.0,6
591500,Penelope,Charlie,RAINFOREST_RESIN,SEASHELLS,10008.0,4
592700,Charlie,Paris,RAINFOREST_RESIN,SEASHELLS,9999.0,1
593000,Pablo,Charlie,RAINFOREST_RESIN,SEASHELLS,10008.0,4
593000,Paris,Charlie,RAINFOREST_RESIN,SEASHELLS,10001.0,1
593400,Pablo,Charlie,RAINFOREST_RESIN,SEASHELLS,10008.0,4
593800,Charlie,Pablo,RAINFOREST_RESIN,SEASHELLS,9992.0,6
593900,Charlie,Paris,RAINFOREST_RESIN,SEASHELLS,9999.0,1
594100,Paris,Charlie,RAINFOREST_RESIN,SEASHELLS,10008.0,2
594200,Paris,Charlie,RAINFOREST_RESIN,SEASHELLS,10008.0,2
594400,Charlie,Pablo,RAINFOREST_RESIN,SEASHELLS,9998.0,4
594900,Charlie,Paris,RAINFOREST_RESIN,SEASHELLS,9992.0,2
595400,Paris,Charlie,RAINFOREST_RESIN,SEASHELLS,10008.0,2
595500,Charlie,Paris,RAINFOREST_RESIN,SEASHELLS,9999.0,1
595700,Penelope,Charlie,RAINFOREST_RESIN,SEASHELLS,10008.0,5
595800,Charlie,Paris,RAINFOREST_RESIN,SEASHELLS,9999.0,1
596200,Charlie,Paris,RAINFOREST_RESIN,SEASHELLS,9992.0,2
596300,Charlie,Pablo,RAINFOREST_RESIN,SEASHELLS,9998.0,5
596700,Charlie,Paris,RAINFOREST_RESIN,SEASHELLS,9999.0,1
597200,Charlie,Paris,RAINFOREST_RESIN,SEASHELLS,9999.0,1
597500,Charlie,Paris,RAINFOREST_RESIN,SEASHELLS,9992.0,1
598500,Charlie,Pablo,RAINFOREST_RESIN,SEASHELLS,9998.0,3
600100,Paris,Paris,RAINFOREST_RESIN,SEASHELLS,10001.0,1
600300,Paris,Charlie,RAINFOREST_RESIN,SEASHELLS,10001.0,1
601200,Penelope,Charlie,RAINFOREST_RESIN,SEASHELLS,10008.0,6
601600,Paris,Charlie,RAINFOREST_RESIN,SEASHELLS,10008.0,2
601800,Penelope,Charlie,RAINFOREST_RESIN,SEASHELLS,10008.0,4
602000,Paris,Charlie,RAINFOREST_RESIN,SEASHELLS,10008.0,1
604000,Charlie,Pablo,RAINFOREST_RESIN,SEASHELLS,9998.0,3
604100,Penelope,Charlie,RAINFOREST_RESIN,SEASHELLS,10008.0,6
604900,Caesar,Pablo,RAINFOREST_RESIN,SEASHELLS,9998.0,4
605900,Penelope,Charlie,RAINFOREST_RESIN,SEASHELLS,10008.0,7
606000,Paris,Charlie,RAINFOREST_RESIN,SEASHELLS,10008.0,1
606500,Paris,Caesar,RAINFOREST_RESIN,SEASHELLS,10001.0,1
607000,Pablo,Caesar,RAINFOREST_RESIN,SEASHELLS,10002.0,3
607600,Charlie,Paris,RAINFOREST_RESIN,SEASHELLS,9999.0,1
608200,Paris,Paris,RAINFOREST_RESIN,SEASHELLS,10001.0,1
608300,Pablo,Charlie,RAINFOREST_RESIN,SEASHELLS,10008.0,4
609000,Pablo,Charlie,RAINFOREST_RESIN,SEASHELLS,10002.0,4
609300,Charlie,Penelope,RAINFOREST_RESIN,SEASHELLS,9992.0,5
609500,Charlie,Penelope,RAINFOREST_RESIN,SEASHELLS,9992.0,6
610100,Charlie,Pablo,RAINFOREST_RESIN,SEASHELLS,9992.0,6
611200,Charlie,Paris,RAINFOREST_RESIN,SEASHELLS,9999.0,1
611500,Charlie,Gina,RAINFOREST_RESIN,SEASHELLS,9997.0,9
612900,Charlie,Pablo,RAINFOREST_RESIN,SEASHELLS,9992.0,4
613100,Gary,Charlie,RAINFOREST_RESIN,SEASHELLS,10008.0,10
614300,Penelope,Charlie,RAINFOREST_RESIN,SEASHELLS,10008.0,6
614300,Paris,Charlie,RAINFOREST_RESIN,SEASHELLS,10001.0,1
614900,Penelope,Paris,RAINFOREST_RESIN,SEASHELLS,9999.0,1
615400,Charlie,Penelope,RAINFOREST_RESIN,SEASHELLS,9992.0,8
615700,Paris,Charlie,RAINFOREST_RESIN,SEASHELLS,10008.0,1
615900,Charlie,Pablo,RAINFOREST_RESIN,SEASHELLS,9998.0,3
617200,Caesar,Paris,RAINFOREST_RESIN,SEASHELLS,9999.0,1
617300,Charlie,Penelope,RAINFOREST_RESIN,SEASHELLS,9992.0,4
617700,Camilla,Penelope,RAINFOREST_RESIN,SEASHELLS,9997.0,7
617800,Charlie,Paris,RAINFOREST_RESIN,SEASHELLS,9992.0,2
618900,Paris,Caesar,RAINFOREST_RESIN,SEASHELLS,10001.0,1
619100,Charlie,Paris,RAINFOREST_RESIN,SEASHELLS,9999.0,1
620000,Paris,Charlie,RAINFOREST_RESIN,SEASHELLS,10008.0,1
620400,Gary,Charlie,RAINFOREST_RESIN,SEASHELLS,10008.0,9
620400,Paris,Charlie,RAINFOREST_RESIN,SEASHELLS,10008.0,1
620400,Paris,Charlie,RAINFOREST_RESIN,SEASHELLS,10001.0,1
620800,Charlie,Gary,RAINFOREST_RESIN,SEASHELLS,9992.0,7
621000,Pablo,Charlie,RAINFOREST_RESIN,SEASHELLS,10008.0,4
621900,Gina,Charlie,RAINFOREST_RESIN,SEASHELLS,10003.0,7
622200,Penelope,Paris,RAINFOREST_RESIN,SEASHELLS,9999.0,1
623900,Pablo,Charlie,RAINFOREST_RESIN,SEASHELLS,10002.0,5
624000,Pablo,Caesar,RAINFOREST_RESIN,SEASHELLS,10002.0,4
626500,Penelope,Camilla,RAINFOREST_RESIN,SEASHELLS,10003.0,6
626900,Charlie,Penelope,RAINFOREST_RESIN,SEASHELLS,9992.0,4
627200,Charlie,Penelope,RAINFOREST_RESIN,SEASHELLS,9992.0,8
627200,Charlie,Pablo,RAINFOREST_RESIN,SEASHELLS,9998.0,5
627300,Charlie,Pablo,RAINFOREST_RESIN,SEASHELLS,9998.0,5
627400,Caesar,Pablo,RAINFOREST_RESIN,SEASHELLS,9998.0,2
628400,Charlie,Paris,RAINFOREST_RESIN,SEASHELLS,9992.0,2
629100,Charlie,Gina,RAINFOREST_RESIN,SEASHELLS,9997.0,8
629300,Caesar,Paris,RAINFOREST_RESIN,SEASHELLS,9999.0,1
631200,Charlie,Paris,RAINFOREST_RESIN,SEASHELLS,9992.0,1
631600,Penelope,Charlie,RAINFOREST_RESIN,SEASHELLS,10008.0,8
632400,Gina,Pablo,RAINFOREST_RESIN,SEASHELLS,9998.0,3
632400,Gina,Charlie,RAINFOREST_RESIN,SEASHELLS,10003.0,3
633100,Charlie,Paris,RAINFOREST_RESIN,SEASHELLS,9992.0,1
634300,Paris,Charlie,RAINFOREST_RESIN,SEASHELLS,10008.0,2
634500,Paris,Charlie,RAINFOREST_RESIN,SEASHELLS,10008.0,1
634800,Paris,Charlie,RAINFOREST_RESIN,SEASHELLS,10008.0,1
634900,Camilla,Paris,RAINFOREST_RESIN,SEASHELLS,9997.0,1
635100,Paris,Penelope,RAINFOREST_RESIN,SEASHELLS,10001.0,1
637200,Charlie,Paris,RAINFOREST_RESIN,SEASHELLS,9992.0,2
637500,Pablo,Caesar,RAINFOREST_RESIN,SEASHELLS,10002.0,5
638800,Paris,Charlie,RAINFOREST_RESIN,SEASHELLS,10008.0,1
639200,Paris,Charlie,RAINFOREST_RESIN,SEASHELLS,10001.0,1
639400,Charlie,Paris,RAINFOREST_RESIN,SEASHELLS,9992.0,2
639600,Charlie,Gary,RAINFOREST_RESIN,SEASHELLS,9992.0,6
641400,Charlie,Paris,RAINFOREST_RESIN,SEASHELLS,9992.0,1
641900,Charlie,Pablo,RAINFOREST_RESIN,SEASHELLS,9992.0,5
642300,Pablo,Charlie,RAINFOREST_RESIN,SEASHELLS,10008.0,5
642700,Paris,Charlie,RAINFOREST_RESIN,SEASHELLS,10008.0,2
643600,Paris,Charlie,RAINFOREST_RESIN,SEASHELLS,10008.0,2
643800,Charlie,Penelope,RAINFOREST_RESIN,SEASHELLS,9992.0,5
645200,Charlie,Pablo,RAINFOREST_RESIN,SEASHELLS,9992.0,6
645800,Charlie,Paris,RAINFOREST_RESIN,SEASHELLS,9992.0,1
646400,Paris,Caesar,RAINFOREST_RESIN,SEASHELLS,10001.0,1
646500,Penelope,Charlie,RAINFOREST_RESIN,SEASHELLS,10008.0,4
647100,Charlie,Paris,RAINFOREST_RESIN,SEASHELLS,9992.0,1
647200,Paris,Caesar,RAINFOREST_RESIN,SEASHELLS,10001.0,1
647800,Charlie,Paris,RAINFOREST_RESIN,SEASHELLS,9999.0,1
648200,Charlie,Paris,RAINFOREST_RESIN,SEASHELLS,9999.0,1
648600,Charlie,Paris,RAINFOREST_RESIN,SEASHELLS,9992.0,1
649500,Charlie,Gary,RAINFOREST_RESIN,SEASHELLS,9992.0,6
651400,Charlie,Paris,RAINFOREST_RESIN,SEASHELLS,9992.0,1
651800,Gary,Charlie,RAINFOREST_RESIN,SEASHELLS,10008.0,10
651900,Penelope,Charlie,RAINFOREST_RESIN,SEASHELLS,10008.0,8
652600,Paris,Charlie,RAINFOREST_RESIN,SEASHELLS,10008.0,1
653600,Camilla,Paris,RAINFOREST_RESIN,SEASHELLS,9997.0,2
653700,Gina,Pablo,RAINFOREST_RESIN,SEASHELLS,9998.0,3
653700,Gina,Charlie,RAINFOREST_RESIN,SEASHELLS,10003.0,9
654600,Camilla,Paris,RAINFOREST_RESIN,SEASHELLS,9997.0,2
655300,Gary,Charlie,RAINFOREST_RESIN,SEASHELLS,10008.0,10
655700,Caesar,Paris,RAINFOREST_RESIN,SEASHELLS,9999.0,1
656500,Paris,Charlie,RAINFOREST_RESIN,SEASHELLS,10008.0,2
656600,Charlie,Paris,RAINFOREST_RESIN,SEASHELLS,9999.0,1
657300,Paris,Charlie,RAINFOREST_RESIN,SEASHELLS,10001.0,1
658800,Charlie,Paris,RAINFOREST_RESIN,SEASHELLS,9999.0,1
659300,Pablo,Charlie,RAINFOREST_RESIN,SEASHELLS,10002.0,5
659400,Charlie,Gina,RAINFOREST_RESIN,SEASHELLS,9997.0,8
660000,Charlie,Penelope,RAINFOREST_RESIN,SEASHELLS,9992.0,6
661300,Pablo,Paris,RAINFOREST_RESIN,SEASHELLS,10002.0,1
661500,Paris,Charlie,RAINFOREST_RESIN,SEASHELLS,10008.0,2
661900,Charlie,Penelope,RAINFOREST_RESIN,SEASHELLS,9992.0,8
662300,Pablo,Charlie,RAINFOREST_RESIN,SEASHELLS,10002.0,4
663500,Charlie,Penelope,RAINFOREST_RESIN,SEASHELLS,9992.0,5
663600,Paris,Charlie,RAINFOREST_RESIN,SEASHELLS,10008.0,2
664200,Charlie,Gary,RAINFOREST_RESIN,SEASHELLS,9992.0,10
664200,Charlie,Paris,RAINFOREST_RESIN,SEASHELLS,9992.0,1
665700,Charlie,Paris,RAINFOREST_RESIN,SEASHELLS,9992.0,2
666600,Charlie,Penelope,RAINFOREST_RESIN,SEASHELLS,9992.0,5
667000,Paris,Charlie,RAINFOREST_RESIN,SEASHELLS,10001.0,1
667500,Paris,Charlie,RAINFOREST_RESIN,SEASHELLS,10008.0,1
669600,Charlie,Pablo,RAINFOREST_RESIN,SEASHELLS,9998.0,4
670200,Charlie,Paris,RAINFOREST_RESIN,SEASHELLS,9999.0,1
671200,Pablo,Charlie,RAINFOREST_RESIN,SEASHELLS,10008.0,5
671700,Penelope,Charlie,RAINFOREST_RESIN,SEASHELLS,10008.0,7
671800,Pablo,Charlie,RAINFOREST_RESIN,SEASHELLS,10008.0,5
672300,Penelope,Charlie,RAINFOREST_RESIN,SEASHELLS,10008.0,8
672800,Paris,Charlie,RAINFOREST_RESIN,SEASHELLS,10001.0,1
673100,Charlie,Pablo,RAINFOREST_RESIN,SEASHELLS,9998.0,5
673600,Paris,Charlie,RAINFOREST_RESIN,SEASHELLS,10001.0,1
674400,Paris,Gina,RAINFOREST_RESIN,SEASHELLS,10001.0,1
674400,Camilla,Gina,RAINFOREST_RESIN,SEASHELLS,9997.0,3
674400,Charlie,Gina,RAINFOREST_RESIN,SEASHELLS,9997.0,3
674900,Gary,Charlie,RAINFOREST_RESIN,SEASHELLS,10008.0,10
674900,Penelope,Charlie,RAINFOREST_RESIN,SEASHELLS,10008.0,7
675400,Paris,Charlie,RAINFOREST_RESIN,SEASHELLS,10001.0,1
675500,Paris,Caesar,RAINFOREST_RESIN,SEASHELLS,10001.0,1
675800,Charlie,Paris,RAINFOREST_RESIN,SEASHELLS,9992.0,2
676200,Charlie,Gary,RAINFOREST_RESIN,SEASHELLS,9992.0,9
677200,Charlie,Pablo,RAINFOREST_RESIN,SEASHELLS,9998.0,5
677800,Paris,Charlie,RAINFOREST_RESIN,SEASHELLS,10008.0,1
677900,Charlie,Paris,RAINFOREST_RESIN,SEASHELLS,9992.0,1
678000,Charlie,Pablo,RAINFOREST_RESIN,SEASHELLS,9998.0,5
678400,Penelope,Charlie,RAINFOREST_RESIN,SEASHELLS,10008.0,8
678700,Pablo,Charlie,RAINFOREST_RESIN,SEASHELLS,10002.0,3
679000,Paris,Gina,RAINFOREST_RESIN,SEASHELLS,10001.0,1
679000,Charlie,Gina,RAINFOREST_RESIN,SEASHELLS,9997.0,10
679200,Caesar,Gina,RAINFOREST_RESIN,SEASHELLS,9997.0,8
680000,Charlie,Penelope,RAINFOREST_RESIN,SEASHELLS,9992.0,4
680500,Paris,Charlie,RAINFOREST_RESIN,SEASHELLS,10001.0,1
681700,Charlie,Pablo,RAINFOREST_RESIN,SEASHELLS,9998.0,3
682100,Caesar,Paris,RAINFOREST_RESIN,SEASHELLS,9999.0,1
682200,Gina,Paris,RAINFOREST_RESIN,SEASHELLS,9999.0,1
682200,Gina,Caesar,RAINFOREST_RESIN,SEASHELLS,10003.0,3
682200,Gina,Penelope,RAINFOREST_RESIN,SEASHELLS,10003.0,7
682600,Charlie,Paris,RAINFOREST_RESIN,SEASHELLS,9999.0,1
683600,Charlie,Paris,RAINFOREST_RESIN,SEASHELLS,9992.0,1
684100,Caesar,Paris,RAINFOREST_RESIN,SEASHELLS,9999.0,1
685100,Charlie,Paris,RAINFOREST_RESIN,SEASHELLS,9992.0,1
685300,Charlie,Pablo,RAINFOREST_RESIN,SEASHELLS,9992.0,4
685400,Penelope,Paris,RAINFOREST_RESIN,SEASHELLS,9999.0,1
685500,Charlie,Pablo,RAINFOREST_RESIN,SEASHELLS,9998.0,4
685800,Gary,Charlie,RAINFOREST_RESIN,SEASHELLS,10008.0,9
687300,Paris,Pablo,RAINFOREST_RESIN,SEASHELLS,9998.0,1
687400,Penelope,Charlie,RAINFOREST_RESIN,SEASHELLS,10008.0,7
688800,Charlie,Pablo,RAINFOREST_RESIN,SEASHELLS,9998.0,5
689100,Charlie,Penelope,RAINFOREST_RESIN,SEASHELLS,9992.0,5
689200,Charlie,Penelope,RAINFOREST_RESIN,SEASHELLS,9992.0,8
689600,Charlie,Pablo,RAINFOREST_RESIN,SEASHELLS,9992.0,4
689800,Charlie,Paris,RAINFOREST_RESIN,SEASHELLS,9992.0,2
690300,Pablo,Gina,RAINFOREST_RESIN,SEASHELLS,10002.0,4
690300,Camilla,Gina,RAINFOREST_RESIN,SEASHELLS,9997.0,2
692000,Gary,Charlie,RAINFOREST_RESIN,SEASHELLS,10008.0,7
692400,Charlie,Penelope,RAINFOREST_RESIN,SEASHELLS,9992.0,8
693000,Paris,Caesar,RAINFOREST_RESIN,SEASHELLS,10001.0,1
693100,Pablo,Charlie,RAINFOREST_RESIN,SEASHELLS,10002.0,3
693100,Paris,Charlie,RAINFOREST_RESIN,SEASHELLS,10001.0,1
693400,Charlie,Pablo,RAINFOREST_RESIN,SEASHELLS,9992.0,4
693500,Paris,Charlie,RAINFOREST_RESIN,SEASHELLS,10008.0,1
693900,Paris,Camilla,RAINFOREST_RESIN,SEASHELLS,10003.0,1
694300,Penelope,Charlie,RAINFOREST_RESIN,SEASHELLS,10008.0,5
694400,Pablo,Caesar,RAINFOREST_RESIN,SEASHELLS,10002.0,3
695300,Charlie,Penelope,RAINFOREST_RESIN,SEASHELLS,9992.0,5
695700,Charlie,Paris,RAINFOREST_RESIN,SEASHELLS,9992.0,2
697100,Penelope,Charlie,RAINFOREST_RESIN,SEASHELLS,10008.0,7
697100,Pablo,Paris,RAINFOREST_RESIN,SEASHELLS,10002.0,2
697500,Paris,Charlie,RAINFOREST_RESIN,SEASHELLS,10008.0,1
698200,Charlie,Paris,RAINFOREST_RESIN,SEASHELLS,9992.0,2
698400,Paris,Charlie,RAINFOREST_RESIN,SEASHELLS,10008.0,1
699100,Charlie,Penelope,RAINFOREST_RESIN,SEASHELLS,9992.0,5
699700,Charlie,Pablo,RAINFOREST_RESIN,SEASHELLS,9992.0,6
699800,Caesar,Pablo,RAINFOREST_RESIN,SEASHELLS,9998.0,5
701200,Paris,Charlie,RAINFOREST_RESIN,SEASHELLS,10008.0,1
701300,Paris,Charlie,RAINFOREST_RESIN,SEASHELLS,10001.0,1
701800,Charlie,Paris,RAINFOREST_RESIN,SEASHELLS,9992.0,2
702100,Charlie,Paris,RAINFOREST_RESIN,SEASHELLS,9992.0,1
703600,Pablo,Charlie,RAINFOREST_RESIN,SEASHELLS,10008.0,4
704200,Charlie,Penelope,RAINFOREST_RESIN,SEASHELLS,9992.0,6
705000,Penelope,Charlie,RAINFOREST_RESIN,SEASHELLS,10008.0,7
705000,Pablo,Charlie,RAINFOREST_RESIN,SEASHELLS,10002.0,5
705200,Paris,Charlie,RAINFOREST_RESIN,SEASHELLS,10001.0,1
705400,Paris,Charlie,RAINFOREST_RESIN,SEASHELLS,10008.0,2
706500,Charlie,Paris,RAINFOREST_RESIN,SEASHELLS,9992.0,2
706800,Paris,Charlie,RAINFOREST_RESIN,SEASHELLS,10008.0,1
707200,Charlie,Paris,RAINFOREST_RESIN,SEASHELLS,9992.0,1
707600,Paris,Charlie,RAINFOREST_RESIN,SEASHELLS,10008.0,1
707700,Charlie,Paris,RAINFOREST_RESIN,SEASHELLS,9992.0,1
707700,Charlie,Paris,RAINFOREST_RESIN,SEASHELLS,9999.0,1
708200,Gary,Camilla,RAINFOREST_RESIN,SEASHELLS,10003.0,8
708800,Paris,Charlie,RAINFOREST_RESIN,SEASHELLS,10001.0,1
709700,Paris,Charlie,RAINFOREST_RESIN,SEASHELLS,10008.0,2
709700,Paris,Caesar,RAINFOREST_RESIN,SEASHELLS,10001.0,1
709800,Charlie,Paris,RAINFOREST_RESIN,SEASHELLS,9999.0,1
709900,Paris,Charlie,RAINFOREST_RESIN,SEASHELLS,10008.0,1
710500,Penelope,Charlie,RAINFOREST_RESIN,SEASHELLS,10008.0,4
710900,Paris,Charlie,RAINFOREST_RESIN,SEASHELLS,10008.0,1
712200,Charlie,Paris,RAINFOREST_RESIN,SEASHELLS,9992.0,2
712800,Paris,Caesar,RAINFOREST_RESIN,SEASHELLS,10001.0,1
713400,Charlie,Penelope,RAINFOREST_RESIN,SEASHELLS,9992.0,6
713900,Charlie,Paris,RAINFOREST_RESIN,SEASHELLS,9999.0,1
715000,Paris,Caesar,RAINFOREST_RESIN,SEASHELLS,10000.0,1
715300,Charlie,Paris,RAINFOREST_RESIN,SEASHELLS,9992.0,2
715300,Charlie,Pablo,RAINFOREST_RESIN,SEASHELLS,9998.0,3
715400,Charlie,Penelope,RAINFOREST_RESIN,SEASHELLS,9992.0,5
716300,Gina,Charlie,RAINFOREST_RESIN,SEASHELLS,10003.0,8
716500,Charlie,Paris,RAINFOREST_RESIN,SEASHELLS,9992.0,2
716700,Penelope,Camilla,RAINFOREST_RESIN,SEASHELLS,10003.0,2
716700,Penelope,Paris,RAINFOREST_RESIN,SEASHELLS,10003.0,1
716900,Paris,Charlie,RAINFOREST_RESIN,SEASHELLS,10001.0,1
717100,Paris,Penelope,RAINFOREST_RESIN,SEASHELLS,10001.0,1
717300,Gina,Charlie,RAINFOREST_RESIN,SEASHELLS,10003.0,9
717600,Charlie,Paris,RAINFOREST_RESIN,SEASHELLS,9992.0,1
717700,Paris,Charlie,RAINFOREST_RESIN,SEASHELLS,10001.0,1
718000,Paris,Caesar,RAINFOREST_RESIN,SEASHELLS,10001.0,1
718500,Paris,Charlie,RAINFOREST_RESIN,SEASHELLS,10001.0,1
718800,Paris,Caesar,RAINFOREST_RESIN,SEASHELLS,10001.0,1
719100,Pablo,Caesar,RAINFOREST_RESIN,SEASHELLS,10002.0,5
720100,Camilla,Gina,RAINFOREST_RESIN,SEASHELLS,9997.0,5
720100,Penelope,Gina,RAINFOREST_RESIN,SEASHELLS,9997.0,3
720400,Charlie,Pablo,RAINFOREST_RESIN,SEASHELLS,9992.0,4
721900,Charlie,Paris,RAINFOREST_RESIN,SEASHELLS,9999.0,1
722000,Pablo,Charlie,RAINFOREST_RESIN,SEASHELLS,10008.0,4
722200,Paris,Charlie,RAINFOREST_RESIN,SEASHELLS,10008.0,1
722400,Charlie,Pablo,RAINFOREST_RESIN,SEASHELLS,9992.0,6
724000,Paris,Charlie,RAINFOREST_RESIN,SEASHELLS,10008.0,1
724100,Penelope,Charlie,RAINFOREST_RESIN,SEASHELLS,10008.0,6
726500,Charlie,Paris,RAINFOREST_RESIN,SEASHELLS,9992.0,1
726500,Charlie,Gina,RAINFOREST_RESIN,SEASHELLS,9997.0,9
726700,Charlie,Pablo,RAINFOREST_RESIN,SEASHELLS,9998.0,4
727100,Charlie,Paris,RAINFOREST_RESIN,SEASHELLS,9992.0,2
727100,Charlie,Pablo,RAINFOREST_RESIN,SEASHELLS,9998.0,5
727400,Charlie,Pablo,RAINFOREST_RESIN,SEASHELLS,9998.0,4
727800,Paris,Camilla,RAINFOREST_RESIN,SEASHELLS,10003.0,2
728100,Gina,Charlie,RAINFOREST_RESIN,SEASHELLS,10003.0,9
728200,Charlie,Paris,RAINFOREST_RESIN,SEASHELLS,9999.0,1
728400,Charlie,Gary,RAINFOREST_RESIN,SEASHELLS,9992.0,7
728700,Pablo,Charlie,RAINFOREST_RESIN,SEASHELLS,10008.0,6
728900,Paris,Pablo,RAINFOREST_RESIN,SEASHELLS,9998.0,1
729000,Charlie,Paris,RAINFOREST_RESIN,SEASHELLS,9992.0,2
730500,Pablo,Paris,RAINFOREST_RESIN,SEASHELLS,10002.0,1
730900,Pablo,Paris,RAINFOREST_RESIN,SEASHELLS,9999.0,1
731600,Charlie,Pablo,RAINFOREST_RESIN,SEASHELLS,9992.0,4
732100,Charlie,Paris,RAINFOREST_RESIN,SEASHELLS,9992.0,2
733100,Charlie,Paris,RAINFOREST_RESIN,SEASHELLS,9999.0,1
733300,Pablo,Charlie,RAINFOREST_RESIN,SEASHELLS,10002.0,4
734500,Charlie,Paris,RAINFOREST_RESIN,SEASHELLS,9992.0,1
734600,Charlie,Penelope,RAINFOREST_RESIN,SEASHELLS,9992.0,4
735100,Caesar,Penelope,RAINFOREST_RESIN,SEASHELLS,10000.0,3
736000,Penelope,Charlie,RAINFOREST_RESIN,SEASHELLS,10008.0,7
736300,Charlie,Paris,RAINFOREST_RESIN,SEASHELLS,9999.0,1
736900,Paris,Charlie,RAINFOREST_RESIN,SEASHELLS,10001.0,1
737400,Charlie,Paris,RAINFOREST_RESIN,SEASHELLS,9999.0,1
737800,Charlie,Paris,RAINFOREST_RESIN,SEASHELLS,9999.0,1
738100,Pablo,Paris,RAINFOREST_RESIN,SEASHELLS,10002.0,2
738100,Pablo,Charlie,RAINFOREST_RESIN,SEASHELLS,10002.0,3
738200,Pablo,Charlie,RAINFOREST_RESIN,SEASHELLS,10008.0,6
738400,Penelope,Charlie,RAINFOREST_RESIN,SEASHELLS,10008.0,7
738400,Paris,Charlie,RAINFOREST_RESIN,SEASHELLS,10001.0,1
738500,Penelope,Camilla,RAINFOREST_RESIN,SEASHELLS,10003.0,5
739100,Gina,Charlie,RAINFOREST_RESIN,SEASHELLS,10003.0,10
740300,Charlie,Paris,RAINFOREST_RESIN,SEASHELLS,9992.0,2
740500,Penelope,Charlie,RAINFOREST_RESIN,SEASHELLS,10008.0,7
740600,Charlie,Paris,RAINFOREST_RESIN,SEASHELLS,9999.0,1
741900,Charlie,Paris,RAINFOREST_RESIN,SEASHELLS,9992.0,1
742200,Charlie,Penelope,RAINFOREST_RESIN,SEASHELLS,9992.0,8
742300,Pablo,Charlie,RAINFOREST_RESIN,SEASHELLS,10008.0,4
743200,Caesar,Paris,RAINFOREST_RESIN,SEASHELLS,9999.0,1
743300,Charlie,Penelope,RAINFOREST_RESIN,SEASHELLS,9992.0,7
743600,Paris,Paris,RAINFOREST_RESIN,SEASHELLS,10001.0,1
743900,Paris,Paris,RAINFOREST_RESIN,SEASHELLS,10001.0,1
744000,Paris,Charlie,RAINFOREST_RESIN,SEASHELLS,10008.0,1
744300,Pablo,Charlie,RAINFOREST_RESIN,SEASHELLS,10008.0,4
744300,Paris,Charlie,RAINFOREST_RESIN,SEASHELLS,10001.0,1
744500,Paris,Charlie,RAINFOREST_RESIN,SEASHELLS,10001.0,1
744900,Penelope,Charlie,RAINFOREST_RESIN,SEASHELLS,10008.0,8
746200,Charlie,Penelope,RAINFOREST_RESIN,SEASHELLS,9992.0,4
746900,Charlie,Gina,RAINFOREST_RESIN,SEASHELLS,9997.0,6
747000,Paris,Caesar,RAINFOREST_RESIN,SEASHELLS,10001.0,1
747400,Paris,Charlie,RAINFOREST_RESIN,SEASHELLS,10001.0,1
747500,Paris,Charlie,RAINFOREST_RESIN,SEASHELLS,10008.0,2
747900,Penelope,Camilla,RAINFOREST_RESIN,SEASHELLS,10003.0,2
748800,Gary,Charlie,RAINFOREST_RESIN,SEASHELLS,10008.0,7
749000,Charlie,Paris,RAINFOREST_RESIN,SEASHELLS,9999.0,1
749300,Paris,Charlie,RAINFOREST_RESIN,SEASHELLS,10001.0,1
751200,Paris,Charlie,RAINFOREST_RESIN,SEASHELLS,10008.0,1
751600,Paris,Charlie,RAINFOREST_RESIN,SEASHELLS,10001.0,1
751700,Gary,Charlie,RAINFOREST_RESIN,SEASHELLS,10008.0,7
752000,Pablo,Charlie,RAINFOREST_RESIN,SEASHELLS,10008.0,5
752400,Penelope,Camilla,RAINFOREST_RESIN,SEASHELLS,10003.0,4
752400,Paris,Charlie,RAINFOREST_RESIN,SEASHELLS,10001.0,1
752700,Charlie,Paris,RAINFOREST_RESIN,SEASHELLS,9992.0,1
752800,Penelope,Charlie,RAINFOREST_RESIN,SEASHELLS,10008.0,6
754900,Charlie,Paris,RAINFOREST_RESIN,SEASHELLS,9992.0,2
755700,Paris,Charlie,RAINFOREST_RESIN,SEASHELLS,10008.0,2
755900,Caesar,Pablo,RAINFOREST_RESIN,SEASHELLS,10000.0,5
756600,Gary,Charlie,RAINFOREST_RESIN,SEASHELLS,10008.0,7
756700,Charlie,Paris,RAINFOREST_RESIN,SEASHELLS,9992.0,1
758300,Charlie,Paris,RAINFOREST_RESIN,SEASHELLS,9992.0,2
759300,Charlie,Gina,RAINFOREST_RESIN,SEASHELLS,9997.0,10
759600,Paris,Charlie,RAINFOREST_RESIN,SEASHELLS,10001.0,1
759700,Charlie,Paris,RAINFOREST_RESIN,SEASHELLS,9999.0,1
760100,Paris,Charlie,RAINFOREST_RESIN,SEASHELLS,10008.0,1
761200,Charlie,Pablo,RAINFOREST_RESIN,SEASHELLS,9992.0,5
761400,Charlie,Pablo,RAINFOREST_RESIN,SEASHELLS,9992.0,4
761900,Charlie,Pablo,RAINFOREST_RESIN,SEASHELLS,9998.0,4
762500,Pablo,Charlie,RAINFOREST_RESIN,SEASHELLS,10002.0,3
763000,Caesar,Gary,RAINFOREST_RESIN,SEASHELLS,10000.0,3
763800,Paris,Charlie,RAINFOREST_RESIN,SEASHELLS,10008.0,1
764500,Pablo,Charlie,RAINFOREST_RESIN,SEASHELLS,10008.0,5
764900,Penelope,Charlie,RAINFOREST_RESIN,SEASHELLS,10008.0,4
766100,Paris,Charlie,RAINFOREST_RESIN,SEASHELLS,10001.0,1
766300,Charlie,Pablo,RAINFOREST_RESIN,SEASHELLS,9992.0,5
767200,Charlie,Pablo,RAINFOREST_RESIN,SEASHELLS,9992.0,6
767400,Charlie,Paris,RAINFOREST_RESIN,SEASHELLS,9992.0,2
767400,Charlie,Pablo,RAINFOREST_RESIN,SEASHELLS,9998.0,5
768300,Paris,Caesar,RAINFOREST_RESIN,SEASHELLS,10001.0,1
769200,Charlie,Paris,RAINFOREST_RESIN,SEASHELLS,9999.0,1
769400,Charlie,Pablo,RAINFOREST_RESIN,SEASHELLS,9992.0,5
769700,Charlie,Paris,RAINFOREST_RESIN,SEASHELLS,9992.0,1
769900,Charlie,Paris,RAINFOREST_RESIN,SEASHELLS,9992.0,1
770200,Paris,Charlie,RAINFOREST_RESIN,SEASHELLS,10001.0,1
770400,Pablo,Paris,RAINFOREST_RESIN,SEASHELLS,9999.0,1
770500,Charlie,Paris,RAINFOREST_RESIN,SEASHELLS,9999.0,1
771200,Paris,Charlie,RAINFOREST_RESIN,SEASHELLS,10008.0,1
771600,Charlie,Paris,RAINFOREST_RESIN,SEASHELLS,9999.0,1
771800,Charlie,Pablo,RAINFOREST_RESIN,SEASHELLS,9998.0,4
773200,Charlie,Gary,RAINFOREST_RESIN,SEASHELLS,9992.0,7
773200,Charlie,Paris,RAINFOREST_RESIN,SEASHELLS,9992.0,2
774400,Charlie,Penelope,RAINFOREST_RESIN,SEASHELLS,9992.0,5
775700,Charlie,Pablo,RAINFOREST_RESIN,SEASHELLS,9998.0,4
777200,Charlie,Paris,RAINFOREST_RESIN,SEASHELLS,9999.0,1
777800,Penelope,Charlie,RAINFOREST_RESIN,SEASHELLS,10008.0,7
778000,Penelope,Charlie,RAINFOREST_RESIN,SEASHELLS,10008.0,5
778500,Charlie,Paris,RAINFOREST_RESIN,SEASHELLS,9992.0,1
778700,Penelope,Charlie,RAINFOREST_RESIN,SEASHELLS,10008.0,4
780200,Gary,Charlie,RAINFOREST_RESIN,SEASHELLS,10008.0,6
780200,Paris,Charlie,RAINFOREST_RESIN,SEASHELLS,10001.0,1
780500,Charlie,Penelope,RAINFOREST_RESIN,SEASHELLS,9992.0,6
782600,Charlie,Paris,RAINFOREST_RESIN,SEASHELLS,9992.0,1
783000,Pablo,Caesar,RAINFOREST_RESIN,SEASHELLS,10002.0,4
783100,Paris,Charlie,RAINFOREST_RESIN,SEASHELLS,10008.0,1
783400,Pablo,Charlie,RAINFOREST_RESIN,SEASHELLS,10008.0,5
784500,Charlie,Paris,RAINFOREST_RESIN,SEASHELLS,9992.0,1
784500,Charlie,Pablo,RAINFOREST_RESIN,SEASHELLS,9998.0,3
784900,Charlie,Pablo,RAINFOREST_RESIN,SEASHELLS,9998.0,5
785200,Gary,Charlie,RAINFOREST_RESIN,SEASHELLS,10008.0,9
785900,Paris,Charlie,RAINFOREST_RESIN,SEASHELLS,10001.0,1
787200,Gary,Charlie,RAINFOREST_RESIN,SEASHELLS,10008.0,8
787600,Pablo,Caesar,RAINFOREST_RESIN,SEASHELLS,10002.0,5
788000,Charlie,Penelope,RAINFOREST_RESIN,SEASHELLS,9992.0,7
789200,Charlie,Paris,RAINFOREST_RESIN,SEASHELLS,9992.0,1
789700,Paris,Charlie,RAINFOREST_RESIN,SEASHELLS,10001.0,1
790000,Paris,Charlie,RAINFOREST_RESIN,SEASHELLS,10008.0,2
792600,Charlie,Pablo,RAINFOREST_RESIN,SEASHELLS,9992.0,5
792900,Charlie,Pablo,RAINFOREST_RESIN,SEASHELLS,9998.0,3
793400,Charlie,Pablo,RAINFOREST_RESIN,SEASHELLS,9992.0,4
794900,Paris,Caesar,RAINFOREST_RESIN,SEASHELLS,10001.0,1
795200,Paris,Charlie,RAINFOREST_RESIN,SEASHELLS,10008.0,1
795500,Pablo,Camilla,RAINFOREST_RESIN,SEASHELLS,10003.0,6
795600,Penelope,Charlie,RAINFOREST_RESIN,SEASHELLS,10008.0,4
796200,Charlie,Paris,RAINFOREST_RESIN,SEASHELLS,9992.0,1
796300,Pablo,Charlie,RAINFOREST_RESIN,SEASHELLS,10008.0,6
796300,Paris,Charlie,RAINFOREST_RESIN,SEASHELLS,10008.0,1
797500,Charlie,Gary,RAINFOREST_RESIN,SEASHELLS,9992.0,9
798400,Charlie,Paris,RAINFOREST_RESIN,SEASHELLS,9999.0,1
798900,Caesar,Paris,RAINFOREST_RESIN,SEASHELLS,9999.0,1
799300,Charlie,Penelope,RAINFOREST_RESIN,SEASHELLS,9992.0,5
799400,Charlie,Penelope,RAINFOREST_RESIN,SEASHELLS,9992.0,7
799600,Charlie,Penelope,RAINFOREST_RESIN,SEASHELLS,9992.0,8
800700,Charlie,Paris,RAINFOREST_RESIN,SEASHELLS,9992.0,2
801100,Charlie,Penelope,RAINFOREST_RESIN,SEASHELLS,9992.0,8
802100,Charlie,Paris,RAINFOREST_RESIN,SEASHELLS,9992.0,1
803500,Paris,Camilla,RAINFOREST_RESIN,SEASHELLS,10003.0,2
804300,Paris,Caesar,RAINFOREST_RESIN,SEASHELLS,10001.0,1
804700,Penelope,Charlie,RAINFOREST_RESIN,SEASHELLS,10008.0,6
806400,Pablo,Charlie,RAINFOREST_RESIN,SEASHELLS,10002.0,3
806500,Charlie,Paris,RAINFOREST_RESIN,SEASHELLS,9999.0,1
807500,Charlie,Gary,RAINFOREST_RESIN,SEASHELLS,9992.0,9
808200,Charlie,Paris,RAINFOREST_RESIN,SEASHELLS,9999.0,1
808400,Charlie,Gary,RAINFOREST_RESIN,SEASHELLS,9992.0,9
808600,Charlie,Penelope,RAINFOREST_RESIN,SEASHELLS,9992.0,5
809500,Charlie,Paris,RAINFOREST_RESIN,SEASHELLS,9992.0,2
809600,Camilla,Paris,RAINFOREST_RESIN,SEASHELLS,9997.0,1
809700,Charlie,Pablo,RAINFOREST_RESIN,SEASHELLS,9998.0,3
810500,Gary,Charlie,RAINFOREST_RESIN,SEASHELLS,10008.0,7
810500,Pablo,Charlie,RAINFOREST_RESIN,SEASHELLS,10002.0,5
810800,Paris,Charlie,RAINFOREST_RESIN,SEASHELLS,10008.0,2
811000,Charlie,Pablo,RAINFOREST_RESIN,SEASHELLS,9998.0,5
811400,Pablo,Paris,RAINFOREST_RESIN,SEASHELLS,9999.0,1
812100,Charlie,Pablo,RAINFOREST_RESIN,SEASHELLS,9998.0,4
812700,Gary,Charlie,RAINFOREST_RESIN,SEASHELLS,10008.0,6
812800,Penelope,Charlie,RAINFOREST_RESIN,SEASHELLS,10008.0,5
813600,Paris,Charlie,RAINFOREST_RESIN,SEASHELLS,10008.0,2
814100,Charlie,Penelope,RAINFOREST_RESIN,SEASHELLS,9992.0,6
814400,Paris,Charlie,RAINFOREST_RESIN,SEASHELLS,10008.0,2
815200,Gary,Charlie,RAINFOREST_RESIN,SEASHELLS,10008.0,6
815700,Charlie,Paris,RAINFOREST_RESIN,SEASHELLS,9992.0,1
815800,Paris,Charlie,RAINFOREST_RESIN,SEASHELLS,10008.0,2
815900,Charlie,Penelope,RAINFOREST_RESIN,SEASHELLS,9992.0,4
816400,Camilla,Penelope,RAINFOREST_RESIN,SEASHELLS,9997.0,8
816600,Gary,Charlie,RAINFOREST_RESIN,SEASHELLS,10008.0,7
817000,Charlie,Paris,RAINFOREST_RESIN,SEASHELLS,9992.0,2
817300,Charlie,Pablo,RAINFOREST_RESIN,SEASHELLS,9998.0,3
818100,Charlie,Paris,RAINFOREST_RESIN,SEASHELLS,9999.0,1
819000,Paris,Charlie,RAINFOREST_RESIN,SEASHELLS,10001.0,1
819300,Camilla,Pablo,RAINFOREST_RESIN,SEASHELLS,9997.0,5
819800,Penelope,Charlie,RAINFOREST_RESIN,SEASHELLS,10008.0,6
820200,Paris,Charlie,RAINFOREST_RESIN,SEASHELLS,10001.0,1
820300,Paris,Charlie,RAINFOREST_RESIN,SEASHELLS,10001.0,1
820800,Pablo,Paris,RAINFOREST_RESIN,SEASHELLS,10002.0,1
820800,Pablo,Gina,RAINFOREST_RESIN,SEASHELLS,10002.0,2
821400,Paris,Paris,RAINFOREST_RESIN,SEASHELLS,9999.0,1
822300,Charlie,Pablo,RAINFOREST_RESIN,SEASHELLS,9998.0,5
822400,Paris,Charlie,RAINFOREST_RESIN,SEASHELLS,10008.0,1
822500,Charlie,Gary,RAINFOREST_RESIN,SEASHELLS,9992.0,8
822900,Charlie,Paris,RAINFOREST_RESIN,SEASHELLS,9992.0,1
823400,Paris,Charlie,RAINFOREST_RESIN,SEASHELLS,10001.0,1
825700,Charlie,Paris,RAINFOREST_RESIN,SEASHELLS,9992.0,1
826000,Charlie,Paris,RAINFOREST_RESIN,SEASHELLS,9992.0,2
826900,Charlie,Penelope,RAINFOREST_RESIN,SEASHELLS,9992.0,7
827500,Charlie,Pablo,RAINFOREST_RESIN,SEASHELLS,9992.0,6
828000,Gary,Charlie,RAINFOREST_RESIN,SEASHELLS,10008.0,10
829300,Paris,Charlie,RAINFOREST_RESIN,SEASHELLS,10001.0,1
829400,Paris,Charlie,RAINFOREST_RESIN,SEASHELLS,10008.0,2
830100,Paris,Charlie,RAINFOREST_RESIN,SEASHELLS,10008.0,1
830200,Penelope,Charlie,RAINFOREST_RESIN,SEASHELLS,10008.0,5
830500,Gina,Paris,RAINFOREST_RESIN,SEASHELLS,10003.0,1
830800,Paris,Charlie,RAINFOREST_RESIN,SEASHELLS,10001.0,1
830900,Charlie,Pablo,RAINFOREST_RESIN,SEASHELLS,9998.0,4
831200,Charlie,Gina,RAINFOREST_RESIN,SEASHELLS,9997.0,7
832500,Paris,Camilla,RAINFOREST_RESIN,SEASHELLS,10003.0,2
834200,Gary,Charlie,RAINFOREST_RESIN,SEASHELLS,10008.0,9
834800,Penelope,Charlie,RAINFOREST_RESIN,SEASHELLS,10008.0,5
835000,Paris,Charlie,RAINFOREST_RESIN,SEASHELLS,10008.0,1
835100,Charlie,Paris,RAINFOREST_RESIN,SEASHELLS,9999.0,1
835700,Paris,Caesar,RAINFOREST_RESIN,SEASHELLS,10001.0,1
836500,Charlie,Paris,RAINFOREST_RESIN,SEASHELLS,9992.0,1
837000,Pablo,Charlie,RAINFOREST_RESIN,SEASHELLS,10002.0,3
837000,Paris,Charlie,RAINFOREST_RESIN,SEASHELLS,10001.0,1
839200,Charlie,Paris,RAINFOREST_RESIN,SEASHELLS,9992.0,2
839300,Gary,Charlie,RAINFOREST_RESIN,SEASHELLS,10008.0,6
839300,Charlie,Paris,RAINFOREST_RESIN,SEASHELLS,9992.0,2
840100,Charlie,Paris,RAINFOREST_RESIN,SEASHELLS,9999.0,1
840800,Penelope,Camilla,RAINFOREST_RESIN,SEASHELLS,10003.0,3
840800,Penelope,Charlie,RAINFOREST_RESIN,SEASHELLS,10003.0,5
840900,Charlie,Paris,RAINFOREST_RESIN,SEASHELLS,9999.0,1
841100,Paris,Charlie,RAINFOREST_RESIN,SEASHELLS,10008.0,2
842800,Charlie,Pablo,RAINFOREST_RESIN,SEASHELLS,9992.0,5
843000,Caesar,Pablo,RAINFOREST_RESIN,SEASHELLS,9998.0,5
843100,Charlie,Penelope,RAINFOREST_RESIN,SEASHELLS,9992.0,8
843200,Charlie,Paris,RAINFOREST_RESIN,SEASHELLS,9992.0,1
843800,Paris,Charlie,RAINFOREST_RESIN,SEASHELLS,10008.0,2
843900,Charlie,Paris,RAINFOREST_RESIN,SEASHELLS,9992.0,1
844400,Paris,Paris,RAINFOREST_RESIN,SEASHELLS,9999.0,1
844500,Paris,Charlie,RAINFOREST_RESIN,SEASHELLS,10008.0,2
844600,Caesar,Pablo,RAINFOREST_RESIN,SEASHELLS,9998.0,2
845400,Charlie,Paris,RAINFOREST_RESIN,SEASHELLS,9999.0,1
846000,Paris,Charlie,RAINFOREST_RESIN,SEASHELLS,10008.0,1
846300,Paris,Charlie,RAINFOREST_RESIN,SEASHELLS,10008.0,1
846400,Paris,Charlie,RAINFOREST_RESIN,SEASHELLS,10001.0,1
847600,Charlie,Paris,RAINFOREST_RESIN,SEASHELLS,9992.0,2
848700,Caesar,Pablo,RAINFOREST_RESIN,SEASHELLS,9998.0,4
850500,Charlie,Gary,RAINFOREST_RESIN,SEASHELLS,9992.0,7
850600,Charlie,Paris,RAINFOREST_RESIN,SEASHELLS,9992.0,2
851000,Charlie,Penelope,RAINFOREST_RESIN,SEASHELLS,9992.0,4
851500,Paris,Charlie,RAINFOREST_RESIN,SEASHELLS,10001.0,1
852300,Charlie,Paris,RAINFOREST_RESIN,SEASHELLS,9992.0,1
852700,Pablo,Charlie,RAINFOREST_RESIN,SEASHELLS,10008.0,4
853500,Gary,Camilla,RAINFOREST_RESIN,SEASHELLS,10003.0,6
853800,Paris,Charlie,RAINFOREST_RESIN,SEASHELLS,10001.0,1
855900,Charlie,Paris,RAINFOREST_RESIN,SEASHELLS,9999.0,1
856100,Charlie,Pablo,RAINFOREST_RESIN,SEASHELLS,9992.0,4
856700,Caesar,Paris,RAINFOREST_RESIN,SEASHELLS,9999.0,1
857000,Charlie,Paris,RAINFOREST_RESIN,SEASHELLS,9992.0,1
857100,Gary,Charlie,RAINFOREST_RESIN,SEASHELLS,10008.0,9
858100,Pablo,Charlie,RAINFOREST_RESIN,SEASHELLS,10008.0,6
858300,Pablo,Gary,RAINFOREST_RESIN,SEASHELLS,10002.0,4
858400,Penelope,Charlie,RAINFOREST_RESIN,SEASHELLS,10008.0,7
859600,Charlie,Paris,RAINFOREST_RESIN,SEASHELLS,9992.0,2
860200,Pablo,Charlie,RAINFOREST_RESIN,SEASHELLS,10002.0,4
860400,Pablo,Charlie,RAINFOREST_RESIN,SEASHELLS,10008.0,4
860600,Penelope,Charlie,RAINFOREST_RESIN,SEASHELLS,10008.0,7
860800,Caesar,Paris,RAINFOREST_RESIN,SEASHELLS,9999.0,1
861300,Caesar,Gina,RAINFOREST_RESIN,SEASHELLS,9997.0,12
861500,Charlie,Penelope,RAINFOREST_RESIN,SEASHELLS,9992.0,5
862100,Charlie,Paris,RAINFOREST_RESIN,SEASHELLS,9992.0,1
862100,Charlie,Gina,RAINFOREST_RESIN,SEASHELLS,9997.0,10
862300,Paris,Charlie,RAINFOREST_RESIN,SEASHELLS,10001.0,1
862500,Pablo,Pablo,RAINFOREST_RESIN,SEASHELLS,10002.0,4
862600,Paris,Charlie,RAINFOREST_RESIN,SEASHELLS,10008.0,1
863600,Paris,Charlie,RAINFOREST_RESIN,SEASHELLS,10001.0,1
864100,Paris,Charlie,RAINFOREST_RESIN,SEASHELLS,10001.0,1
864400,Camilla,Paris,RAINFOREST_RESIN,SEASHELLS,9997.0,2
864600,Charlie,Gina,RAINFOREST_RESIN,SEASHELLS,9997.0,6
864900,Pablo,Charlie,RAINFOREST_RESIN,SEASHELLS,10008.0,4
865200,Charlie,Penelope,RAINFOREST_RESIN,SEASHELLS,9992.0,5
865200,Charlie,Paris,RAINFOREST_RESIN,SEASHELLS,9999.0,1
865300,Penelope,Charlie,RAINFOREST_RESIN,SEASHELLS,10008.0,5
865500,Camilla,Pablo,RAINFOREST_RESIN,SEASHELLS,9997.0,2
865600,Charlie,Paris,RAINFOREST_RESIN,SEASHELLS,9992.0,2
866200,Charlie,Paris,RAINFOREST_RESIN,SEASHELLS,9992.0,2
867100,Charlie,Pablo,RAINFOREST_RESIN,SEASHELLS,9998.0,5
867200,Penelope,Charlie,RAINFOREST_RESIN,SEASHELLS,10008.0,6
867200,Paris,Charlie,RAINFOREST_RESIN,SEASHELLS,10001.0,1
867300,Charlie,Paris,RAINFOREST_RESIN,SEASHELLS,9999.0,1
868200,Charlie,Paris,RAINFOREST_RESIN,SEASHELLS,9992.0,1
868900,Pablo,Charlie,RAINFOREST_RESIN,SEASHELLS,10008.0,6
868900,Paris,Charlie,RAINFOREST_RESIN,SEASHELLS,10001.0,1
869000,Charlie,Penelope,RAINFOREST_RESIN,SEASHELLS,9992.0,4
869700,Paris,Charlie,RAINFOREST_RESIN,SEASHELLS,10008.0,2
870000,Penelope,Charlie,RAINFOREST_RESIN,SEASHELLS,10008.0,6
870500,Paris,Charlie,RAINFOREST_RESIN,SEASHELLS,10001.0,1
871100,Charlie,Pablo,RAINFOREST_RESIN,SEASHELLS,9998.0,5
871400,Gary,Charlie,RAINFOREST_RESIN,SEASHELLS,10008.0,7
871500,Paris,Charlie,RAINFOREST_RESIN,SEASHELLS,10008.0,1
871700,Charlie,Paris,RAINFOREST_RESIN,SEASHELLS,9992.0,1
872300,Paris,Charlie,RAINFOREST_RESIN,SEASHELLS,10001.0,1
872400,Charlie,Paris,RAINFOREST_RESIN,SEASHELLS,9992.0,2
873600,Pablo,Charlie,RAINFOREST_RESIN,SEASHELLS,10002.0,3
874600,Paris,Charlie,RAINFOREST_RESIN,SEASHELLS,10001.0,1
874800,Paris,Caesar,RAINFOREST_RESIN,SEASHELLS,10001.0,1
875400,Charlie,Paris,RAINFOREST_RESIN,SEASHELLS,9992.0,1
875800,Gary,Charlie,RAINFOREST_RESIN,SEASHELLS,10008.0,10
877500,Charlie,Paris,RAINFOREST_RESIN,SEASHELLS,9992.0,1
877700,Pablo,Charlie,RAINFOREST_RESIN,SEASHELLS,10008.0,6
878900,Paris,Caesar,RAINFOREST_RESIN,SEASHELLS,10001.0,1
879400,Charlie,Pablo,RAINFOREST_RESIN,SEASHELLS,9998.0,4
880200,Pablo,Charlie,RAINFOREST_RESIN,SEASHELLS,10008.0,4
880500,Charlie,Penelope,RAINFOREST_RESIN,SEASHELLS,9992.0,4
880800,Paris,Charlie,RAINFOREST_RESIN,SEASHELLS,10008.0,1
880900,Charlie,Paris,RAINFOREST_RESIN,SEASHELLS,9999.0,1
881000,Paris,Charlie,RAINFOREST_RESIN,SEASHELLS,10008.0,2
881600,Pablo,Charlie,RAINFOREST_RESIN,SEASHELLS,10008.0,5
882700,Charlie,Pablo,RAINFOREST_RESIN,SEASHELLS,9992.0,4
884800,Pablo,Charlie,RAINFOREST_RESIN,SEASHELLS,10002.0,5
886300,Caesar,Pablo,RAINFOREST_RESIN,SEASHELLS,9998.0,5
886800,Charlie,Penelope,RAINFOREST_RESIN,SEASHELLS,9992.0,7
887000,Charlie,Paris,RAINFOREST_RESIN,SEASHELLS,9999.0,1
887100,Penelope,Charlie,RAINFOREST_RESIN,SEASHELLS,10008.0,5
887600,Charlie,Penelope,RAINFOREST_RESIN,SEASHELLS,9992.0,5
888100,Charlie,Pablo,RAINFOREST_RESIN,SEASHELLS,9992.0,4
888200,Charlie,Penelope,RAINFOREST_RESIN,SEASHELLS,9992.0,7
888500,Charlie,Penelope,RAINFOREST_RESIN,SEASHELLS,9992.0,7
889200,Penelope,Charlie,RAINFOREST_RESIN,SEASHELLS,10008.0,8
890600,Charlie,Paris,RAINFOREST_RESIN,SEASHELLS,9992.0,2
891000,Pablo,Charlie,RAINFOREST_RESIN,SEASHELLS,10002.0,4
891300,Caesar,Pablo,RAINFOREST_RESIN,SEASHELLS,9998.0,4
892600,Paris,Charlie,RAINFOREST_RESIN,SEASHELLS,10008.0,2
894400,Camilla,Penelope,RAINFOREST_RESIN,SEASHELLS,9997.0,4
894900,Gina,Charlie,RAINFOREST_RESIN,SEASHELLS,10003.0,10
896500,Charlie,Gary,RAINFOREST_RESIN,SEASHELLS,9992.0,7
896800,Charlie,Paris,RAINFOREST_RESIN,SEASHELLS,9999.0,1
896900,Charlie,Penelope,RAINFOREST_RESIN,SEASHELLS,9992.0,8
898800,Penelope,Caesar,RAINFOREST_RESIN,SEASHELLS,10000.0,5
899600,Charlie,Paris,RAINFOREST_RESIN,SEASHELLS,9992.0,2
900100,Charlie,Pablo,RAINFOREST_RESIN,SEASHELLS,9998.0,5
900800,Charlie,Gary,RAINFOREST_RESIN,SEASHELLS,9992.0,7
901900,Paris,Charlie,RAINFOREST_RESIN,SEASHELLS,10008.0,1
902400,Charlie,Paris,RAINFOREST_RESIN,SEASHELLS,9992.0,2
903400,Charlie,Pablo,RAINFOREST_RESIN,SEASHELLS,9992.0,6
903400,Penelope,Charlie,RAINFOREST_RESIN,SEASHELLS,10008.0,4
903600,Charlie,Penelope,RAINFOREST_RESIN,SEASHELLS,9992.0,8
904600,Charlie,Penelope,RAINFOREST_RESIN,SEASHELLS,9992.0,5
905100,Charlie,Penelope,RAINFOREST_RESIN,SEASHELLS,9992.0,5
905100,Charlie,Paris,RAINFOREST_RESIN,SEASHELLS,9999.0,1
907000,Charlie,Paris,RAINFOREST_RESIN,SEASHELLS,9992.0,2
907600,Paris,Caesar,RAINFOREST_RESIN,SEASHELLS,10001.0,1
908600,Paris,Gary,RAINFOREST_RESIN,SEASHELLS,10001.0,1
910800,Charlie,Pablo,RAINFOREST_RESIN,SEASHELLS,9992.0,6
912800,Caesar,Paris,RAINFOREST_RESIN,SEASHELLS,9999.0,1
912900,Charlie,Penelope,RAINFOREST_RESIN,SEASHELLS,9992.0,6
913900,Pablo,Charlie,RAINFOREST_RESIN,SEASHELLS,10008.0,6
913900,Charlie,Penelope,RAINFOREST_RESIN,SEASHELLS,9992.0,6
914100,Charlie,Paris,RAINFOREST_RESIN,SEASHELLS,9999.0,1
914200,Paris,Caesar,RAINFOREST_RESIN,SEASHELLS,10001.0,1
914300,Charlie,Pablo,RAINFOREST_RESIN,SEASHELLS,9998.0,3
915000,Charlie,Paris,RAINFOREST_RESIN,SEASHELLS,9999.0,1
915700,Paris,Charlie,RAINFOREST_RESIN,SEASHELLS,10001.0,1
915800,Charlie,Paris,RAINFOREST_RESIN,SEASHELLS,9999.0,1
916000,Paris,Charlie,RAINFOREST_RESIN,SEASHELLS,10008.0,2
916100,Penelope,Charlie,RAINFOREST_RESIN,SEASHELLS,10008.0,4
918300,Charlie,Paris,RAINFOREST_RESIN,SEASHELLS,9999.0,1
918500,Paris,Charlie,RAINFOREST_RESIN,SEASHELLS,10008.0,1
919500,Charlie,Penelope,RAINFOREST_RESIN,SEASHELLS,9992.0,5
920600,Caesar,Pablo,RAINFOREST_RESIN,SEASHELLS,9998.0,5
920800,Charlie,Paris,RAINFOREST_RESIN,SEASHELLS,9992.0,2
921700,Charlie,Pablo,RAINFOREST_RESIN,SEASHELLS,9998.0,5
923600,Penelope,Charlie,RAINFOREST_RESIN,SEASHELLS,10008.0,5
924000,Paris,Charlie,RAINFOREST_RESIN,SEASHELLS,10008.0,1
924700,Paris,Charlie,RAINFOREST_RESIN,SEASHELLS,10008.0,2
924900,Caesar,Pablo,RAINFOREST_RESIN,SEASHELLS,9998.0,3
925700,Pablo,Charlie,RAINFOREST_RESIN,SEASHELLS,10002.0,4
926300,Charlie,Paris,RAINFOREST_RESIN,SEASHELLS,9999.0,1
926700,Charlie,Pablo,RAINFOREST_RESIN,SEASHELLS,9992.0,4
928300,Paris,Charlie,RAINFOREST_RESIN,SEASHELLS,10008.0,1
928600,Paris,Charlie,RAINFOREST_RESIN,SEASHELLS,10001.0,1
929800,Pablo,Charlie,RAINFOREST_RESIN,SEASHELLS,10002.0,3
931300,Pablo,Caesar,RAINFOREST_RESIN,SEASHELLS,10002.0,4
931500,Pablo,Charlie,RAINFOREST_RESIN,SEASHELLS,10008.0,5
932400,Pablo,Charlie,RAINFOREST_RESIN,SEASHELLS,10002.0,4
932900,Charlie,Pablo,RAINFOREST_RESIN,SEASHELLS,9998.0,5
933700,Pablo,Charlie,RAINFOREST_RESIN,SEASHELLS,10002.0,5
933700,Paris,Charlie,RAINFOREST_RESIN,SEASHELLS,10001.0,1
933800,Gary,Charlie,RAINFOREST_RESIN,SEASHELLS,10008.0,7
935300,Penelope,Charlie,RAINFOREST_RESIN,SEASHELLS,10008.0,6
935300,Paris,Paris,RAINFOREST_RESIN,SEASHELLS,10001.0,1
935800,Charlie,Paris,RAINFOREST_RESIN,SEASHELLS,9992.0,2
936100,Paris,Charlie,RAINFOREST_RESIN,SEASHELLS,10001.0,1
936300,Paris,Charlie,RAINFOREST_RESIN,SEASHELLS,10008.0,2
