day,timestamp,product,bid_price_1,bid_volume_1,bid_price_2,bid_volume_2,bid_price_3,bid_volume_3,ask_price_1,ask_volume_1,ask_price_2,ask_volume_2,ask_price_3,ask_volume_3,mid_price,profit_and_loss
2,0,RAINFOREST_RESIN,9992.0,35.0,,,,,10008.0,35.0,,,,,10000.0,0.0
2,100,RAINFOREST_RESIN,9992.0,27.0,,,,,9999.0,1.0,10008.0,27.0,,,9995.5,0.0
2,200,RAINFOREST_RESIN,9992.0,35.0,,,,,10008.0,35.0,,,,,10000.0,0.0
2,300,RAINFOREST_RESIN,9992.0,35.0,,,,,10008.0,35.0,,,,,10000.0,0.0
2,400,RAINFOREST_RESIN,9992.0,33.0,,,,,10008.0,33.0,,,,,10000.0,0.0
2,500,RAINFOREST_RESIN,9992.0,25.0,,,,,10008.0,25.0,,,,,10000.0,0.0
2,600,RAINFOREST_RESIN,9992.0,30.0,,,,,10008.0,30.0,,,,,10000.0,0.0
2,700,RAINFOREST_RESIN,9992.0,30.0,,,,,9997.0,9.0,10008.0,30.0,,,9994.5,0.0
2,800,RAINFOREST_RESIN,9992.0,35.0,,,,,10008.0,35.0,,,,,10000.0,0.0
2,900,RAINFOREST_RESIN,9992.0,32.0,,,,,9998.0,4.0,10008.0,32.0,,,9995.0,0.0
2,1000,RAINFOREST_RESIN,9992.0,35.0,,,,,10008.0,35.0,,,,,10000.0,0.0
2,1100,RAINFOREST_RESIN,9992.0,26.0,,,,,10008.0,26.0,,,,,10000.0,0.0
2,1200,RAINFOREST_RESIN,9992.0,25.0,,,,,10008.0,25.0,,,,,10000.0,0.0
2,1300,RAINFOREST_RESIN,9992.0,28.0,,,,,10003.0,5.0,10008.0,28.0,,,9997.5,0.0
2,1400,RAINFOREST_RESIN,9992.0,28.0,,,,,10008.0,28.0,,,,,10000.0,0.0
2,1500,RAINFOREST_RESIN,9992.0,28.0,,,,,10008.0,28.0,,,,,10000.0,0.0
2,1600,RAINFOREST_RESIN,9992.0,31.0,,,,,10008.0,31.0,,,,,10000.0,0.0
2,1700,RAINFOREST_RESIN,9992.0,25.0,,,,,10008.0,25.0,,,,,10000.0,0.0
2,1800,RAINFOREST_RESIN,9992.0,28.0,,,,,10008.0,28.0,,,,,10000.0,0.0
2,1900,RAINFOREST_RESIN,9992.0,30.0,,,,,10008.0,30.0,,,,,10000.0,0.0
2,2000,RAINFOREST_RESIN,9992.0,30.0,,,,,10008.0,30.0,,,,,10000.0,0.0
2,2100,RAINFOREST_RESIN,9992.0,30.0,,,,,10008.0,30.0,,,,,10000.0,0.0
2,2200,RAINFOREST_RESIN,9992.0,32.0,,,,,10008.0,32.0,,,,,10000.0,0.0
2,2300,RAINFOREST_RESIN,9992.0,28.0,,,,,10008.0,28.0,,,,,10000.0,0.0
2,2400,RAINFOREST_RESIN,9992.0,32.0,,,,,10008.0,32.0,,,,,10000.0,0.0
2,2500,RAINFOREST_RESIN,9992.0,29.0,,,,,10008.0,29.0,,,,,10000.0,0.0
2,2600,RAINFOREST_RESIN,9992.0,35.0,,,,,10008.0,35.0,,,,,10000.0,0.0
2,2700,RAINFOREST_RESIN,9992.0,32.0,,,,,10008.0,32.0,,,,,10000.0,0.0
2,2800,RAINFOREST_RESIN,9992.0,25.0,,,,,10008.0,25.0,,,,,10000.0,0.0
2,2900,RAINFOREST_RESIN,9992.0,33.0,,,,,10008.0,33.0,,,,,10000.0,0.0
2,3000,RAINFOREST_RESIN,9992.0,30.0,,,,,10008.0,30.0,,,,,10000.0,0.0
2,3100,RAINFOREST_RESIN,9992.0,34.0,,,,,10008.0,34.0,,,,,10000.0,0.0
2,3200,RAINFOREST_RESIN,9992.0,34.0,,,,,10008.0,34.0,,,,,10000.0,0.0
2,3300,RAINFOREST_RESIN,9992.0,28.0,,,,,10008.0,28.0,,,,,10000.0,0.0
2,3400,RAINFOREST_RESIN,9997.0,8.0,9992.0,34.0,,,10008.0,34.0,,,,,10002.5,0.0
2,3500,RAINFOREST_RESIN,9992.0,35.0,,,,,10008.0,35.0,,,,,10000.0,0.0
2,3600,RAINFOREST_RESIN,9992.0,33.0,,,,,10008.0,33.0,,,,,10000.0,0.0
2,3700,RAINFOREST_RESIN,9997.0,5.0,9992.0,35.0,,,10008.0,35.0,,,,,10002.5,0.0
2,3800,RAINFOREST_RESIN,9992.0,31.0,,,,,10008.0,31.0,,,,,10000.0,0.0
2,3900,RAINFOREST_RESIN,9992.0,34.0,,,,,10008.0,34.0,,,,,10000.0,0.0
2,4000,RAINFOREST_RESIN,9992.0,33.0,,,,,10008.0,33.0,,,,,10000.0,0.0
2,4100,RAINFOREST_RESIN,9992.0,34.0,,,,,10008.0,34.0,,,,,10000.0,0.0
2,4200,RAINFOREST_RESIN,9992.0,26.0,,,,,9999.0,1.0,10008.0,26.0,,,9995.5,0.0
2,4300,RAINFOREST_RESIN,9992.0,35.0,,,,,10008.0,35.0,,,,,10000.0,0.0
2,4400,RAINFOREST_RESIN,9992.0,30.0,,,,,10008.0,30.0,,,,,10000.0,0.0
2,4500,RAINFOREST_RESIN,9992.0,33.0,,,,,9998.0,3.0,10008.0,33.0,,,9995.0,0.0
2,4600,RAINFOREST_RESIN,9992.0,31.0,,,,,10008.0,31.0,,,,,10000.0,0.0
2,4700,RAINFOREST_RESIN,9992.0,25.0,,,,,10008.0,25.0,,,,,10000.0,0.0
2,4800,RAINFOREST_RESIN,9992.0,35.0,,,,,10008.0,35.0,,,,,10000.0,0.0
2,4900,RAINFOREST_RESIN,9992.0,26.0,,,,,10008.0,26.0,,,,,10000.0,0.0
2,5000,RAINFOREST_RESIN,9992.0,25.0,,,,,10008.0,25.0,,,,,10000.0,0.0
2,5100,RAINFOREST_RESIN,9992.0,28.0,,,,,10003.0,8.0,10008.0,28.0,,,9997.5,0.0
2,5200,RAINFOREST_RESIN,9997.0,5.0,9992.0,26.0,,,10008.0,26.0,,,,,10002.5,0.0
2,5300,RAINFOREST_RESIN,9992.0,35.0,,,,,10008.0,35.0,,,,,10000.0,0.0
2,5400,RAINFOREST_RESIN,10001.0,1.0,9992.0,28.0,,,10008.0,28.0,,,,,10004.5,0.0
2,5500,RAINFOREST_RESIN,9992.0,31.0,,,,,10008.0,31.0,,,,,10000.0,0.0
2,5600,RAINFOREST_RESIN,9992.0,32.0,,,,,10008.0,32.0,,,,,10000.0,0.0
2,5700,RAINFOREST_RESIN,9997.0,5.0,9992.0,31.0,,,10008.0,31.0,,,,,10002.5,0.0
2,5800,RAINFOREST_RESIN,9992.0,28.0,,,,,10003.0,4.0,10008.0,28.0,,,9997.5,0.0
2,5900,RAINFOREST_RESIN,9992.0,30.0,,,,,10008.0,30.0,,,,,10000.0,0.0
2,6000,RAINFOREST_RESIN,9997.0,6.0,9992.0,34.0,,,10008.0,34.0,,,,,10002.5,0.0
2,6100,RAINFOREST_RESIN,10003.0,11.0,9997.0,7.0,9992.0,31.0,10008.0,31.0,,,,,10005.5,0.0
2,6200,RAINFOREST_RESIN,10001.0,1.0,9997.0,5.0,9992.0,29.0,10008.0,29.0,,,,,10004.5,0.0
2,6300,RAINFOREST_RESIN,10001.0,1.0,9992.0,34.0,,,10003.0,3.0,10008.0,34.0,,,10002.0,0.0
2,6400,RAINFOREST_RESIN,10001.0,1.0,9992.0,31.0,,,10008.0,31.0,,,,,10004.5,0.0
2,6500,RAINFOREST_RESIN,9992.0,32.0,,,,,9998.0,3.0,10008.0,32.0,,,9995.0,0.0
2,6600,RAINFOREST_RESIN,9997.0,7.0,9992.0,26.0,,,9999.0,1.0,10008.0,26.0,,,9998.0,0.0
2,6700,RAINFOREST_RESIN,9992.0,32.0,,,,,10008.0,32.0,,,,,10000.0,0.0
2,6800,RAINFOREST_RESIN,9992.0,32.0,,,,,10008.0,32.0,,,,,10000.0,0.0
2,6900,RAINFOREST_RESIN,9992.0,28.0,,,,,10008.0,28.0,,,,,10000.0,0.0
2,7000,RAINFOREST_RESIN,9992.0,30.0,,,,,10008.0,30.0,,,,,10000.0,0.0
2,7100,RAINFOREST_RESIN,9992.0,34.0,,,,,10008.0,34.0,,,,,10000.0,0.0
2,7200,RAINFOREST_RESIN,9992.0,34.0,,,,,10008.0,34.0,,,,,10000.0,0.0
2,7300,RAINFOREST_RESIN,10001.0,1.0,9992.0,30.0,,,10008.0,30.0,,,,,10004.5,0.0
2,7400,RAINFOREST_RESIN,9992.0,28.0,,,,,9999.0,1.0,10008.0,28.0,,,9995.5,0.0
2,7500,RAINFOREST_RESIN,9992.0,32.0,,,,,10008.0,32.0,,,,,10000.0,0.0
2,7600,RAINFOREST_RESIN,9992.0,34.0,,,,,10008.0,34.0,,,,,10000.0,0.0
2,7700,RAINFOREST_RESIN,9992.0,35.0,,,,,10003.0,7.0,10008.0,35.0,,,9997.5,0.0
2,7800,RAINFOREST_RESIN,9992.0,31.0,,,,,10008.0,31.0,,,,,10000.0,0.0
2,7900,RAINFOREST_RESIN,9992.0,30.0,,,,,10008.0,30.0,,,,,10000.0,0.0
2,8000,RAINFOREST_RESIN,10000.0,2.0,9992.0,25.0,,,10008.0,25.0,,,,,10004.0,0.0
2,8100,RAINFOREST_RESIN,9992.0,32.0,,,,,10008.0,32.0,,,,,10000.0,0.0
2,8200,RAINFOREST_RESIN,9992.0,27.0,,,,,10008.0,27.0,,,,,10000.0,0.0
2,8300,RAINFOREST_RESIN,9992.0,34.0,,,,,10008.0,34.0,,,,,10000.0,0.0
2,8400,RAINFOREST_RESIN,9992.0,33.0,,,,,10008.0,33.0,,,,,10000.0,0.0
2,8500,RAINFOREST_RESIN,9992.0,35.0,,,,,10008.0,35.0,,,,,10000.0,0.0
2,8600,RAINFOREST_RESIN,9992.0,26.0,,,,,10008.0,26.0,,,,,10000.0,0.0
2,8700,RAINFOREST_RESIN,9992.0,27.0,,,,,10008.0,27.0,,,,,10000.0,0.0
2,8800,RAINFOREST_RESIN,9992.0,31.0,,,,,10003.0,4.0,10008.0,31.0,,,9997.5,0.0
2,8900,RAINFOREST_RESIN,9992.0,32.0,,,,,10008.0,32.0,,,,,10000.0,0.0
2,9000,RAINFOREST_RESIN,9992.0,34.0,,,,,10003.0,8.0,10008.0,34.0,,,9997.5,0.0
2,9100,RAINFOREST_RESIN,9997.0,6.0,9992.0,27.0,,,10008.0,27.0,,,,,10002.5,0.0
2,9200,RAINFOREST_RESIN,9992.0,33.0,,,,,10008.0,33.0,,,,,10000.0,0.0
2,9300,RAINFOREST_RESIN,9992.0,30.0,,,,,10008.0,30.0,,,,,10000.0,0.0
2,9400,RAINFOREST_RESIN,9992.0,35.0,,,,,10008.0,35.0,,,,,10000.0,0.0
2,9500,RAINFOREST_RESIN,10001.0,1.0,9992.0,34.0,,,10003.0,8.0,10008.0,34.0,,,10002.0,0.0
2,9600,RAINFOREST_RESIN,9992.0,26.0,,,,,10008.0,26.0,,,,,10000.0,0.0
2,9700,RAINFOREST_RESIN,9992.0,33.0,,,,,10008.0,33.0,,,,,10000.0,0.0
2,9800,RAINFOREST_RESIN,9992.0,27.0,,,,,10008.0,27.0,,,,,10000.0,0.0
2,9900,RAINFOREST_RESIN,9992.0,31.0,,,,,10008.0,31.0,,,,,10000.0,0.0
2,10000,RAINFOREST_RESIN,9997.0,6.0,9992.0,26.0,,,10008.0,26.0,,,,,10002.5,0.0
2,10100,RAINFOREST_RESIN,10000.0,4.0,9992.0,28.0,,,10008.0,28.0,,,,,10004.0,0.0
2,10200,RAINFOREST_RESIN,9997.0,8.0,9992.0,26.0,,,10008.0,26.0,,,,,10002.5,0.0
2,10300,RAINFOREST_RESIN,9992.0,28.0,,,,,9998.0,5.0,10008.0,28.0,,,9995.0,0.0
2,10400,RAINFOREST_RESIN,9992.0,33.0,,,,,10008.0,33.0,,,,,10000.0,0.0
2,10500,RAINFOREST_RESIN,9992.0,33.0,,,,,10008.0,33.0,,,,,10000.0,0.0
2,10600,RAINFOREST_RESIN,9992.0,34.0,,,,,10008.0,34.0,,,,,10000.0,0.0
2,10700,RAINFOREST_RESIN,9992.0,30.0,,,,,10008.0,30.0,,,,,10000.0,0.0
2,10800,RAINFOREST_RESIN,9992.0,33.0,,,,,10008.0,33.0,,,,,10000.0,0.0
2,10900,RAINFOREST_RESIN,9992.0,33.0,,,,,10008.0,33.0,,,,,10000.0,0.0
2,11000,RAINFOREST_RESIN,9992.0,31.0,,,,,10008.0,31.0,,,,,10000.0,0.0
2,11100,RAINFOREST_RESIN,9992.0,30.0,,,,,10008.0,30.0,,,,,10000.0,0.0
2,11200,RAINFOREST_RESIN,9992.0,27.0,,,,,10008.0,27.0,,,,,10000.0,0.0
2,11300,RAINFOREST_RESIN,9992.0,35.0,,,,,10008.0,35.0,,,,,10000.0,0.0
2,11400,RAINFOREST_RESIN,9992.0,31.0,,,,,10008.0,31.0,,,,,10000.0,0.0
2,11500,RAINFOREST_RESIN,9992.0,27.0,,,,,10008.0,27.0,,,,,10000.0,0.0
2,11600,RAINFOREST_RESIN,9992.0,28.0,,,,,10008.0,28.0,,,,,10000.0,0.0
2,11700,RAINFOREST_RESIN,9992.0,34.0,,,,,10008.0,34.0,,,,,10000.0,0.0
2,11800,RAINFOREST_RESIN,9992.0,29.0,,,,,10008.0,29.0,,,,,10000.0,0.0
2,11900,RAINFOREST_RESIN,9992.0,33.0,,,,,10008.0,33.0,,,,,10000.0,0.0
2,12000,RAINFOREST_RESIN,9992.0,29.0,,,,,10008.0,29.0,,,,,10000.0,0.0
2,12100,RAINFOREST_RESIN,9992.0,26.0,,,,,10008.0,26.0,,,,,10000.0,0.0
2,12200,RAINFOREST_RESIN,10002.0,3.0,9992.0,30.0,,,10008.0,30.0,,,,,10005.0,0.0
2,12300,RAINFOREST_RESIN,9992.0,26.0,,,,,10008.0,26.0,,,,,10000.0,0.0
2,12400,RAINFOREST_RESIN,9992.0,30.0,,,,,10008.0,30.0,,,,,10000.0,0.0
2,12500,RAINFOREST_RESIN,9992.0,34.0,,,,,10008.0,34.0,,,,,10000.0,0.0
2,12600,RAINFOREST_RESIN,9992.0,27.0,,,,,10008.0,27.0,,,,,10000.0,0.0
2,12700,RAINFOREST_RESIN,9992.0,28.0,,,,,10008.0,28.0,,,,,10000.0,0.0
2,12800,RAINFOREST_RESIN,10002.0,5.0,9992.0,30.0,,,10008.0,30.0,,,,,10005.0,0.0
2,12900,RAINFOREST_RESIN,9992.0,31.0,,,,,10008.0,31.0,,,,,10000.0,0.0
2,13000,RAINFOREST_RESIN,9992.0,35.0,,,,,10008.0,35.0,,,,,10000.0,0.0
2,13100,RAINFOREST_RESIN,9992.0,31.0,,,,,9998.0,3.0,10008.0,31.0,,,9995.0,0.0
2,13200,RAINFOREST_RESIN,9992.0,29.0,,,,,10008.0,29.0,,,,,10000.0,0.0
2,13300,RAINFOREST_RESIN,9992.0,31.0,,,,,10008.0,31.0,,,,,10000.0,0.0
2,13400,RAINFOREST_RESIN,9992.0,33.0,,,,,10008.0,33.0,,,,,10000.0,0.0
2,13500,RAINFOREST_RESIN,9992.0,30.0,,,,,10008.0,30.0,,,,,10000.0,0.0
2,13600,RAINFOREST_RESIN,9997.0,6.0,9992.0,31.0,,,10008.0,31.0,,,,,10002.5,0.0
2,13700,RAINFOREST_RESIN,9992.0,32.0,,,,,10008.0,32.0,,,,,10000.0,0.0
2,13800,RAINFOREST_RESIN,9992.0,25.0,,,,,9999.0,1.0,10003.0,5.0,10008.0,25.0,9995.5,0.0
2,13900,RAINFOREST_RESIN,9992.0,32.0,,,,,10008.0,32.0,,,,,10000.0,0.0
2,14000,RAINFOREST_RESIN,9992.0,34.0,,,,,10008.0,34.0,,,,,10000.0,0.0
2,14100,RAINFOREST_RESIN,9992.0,25.0,,,,,10003.0,6.0,10008.0,25.0,,,9997.5,0.0
2,14200,RAINFOREST_RESIN,9992.0,29.0,,,,,10008.0,29.0,,,,,10000.0,0.0
2,14300,RAINFOREST_RESIN,9992.0,28.0,,,,,10008.0,28.0,,,,,10000.0,0.0
2,14400,RAINFOREST_RESIN,9992.0,25.0,,,,,10008.0,25.0,,,,,10000.0,0.0
2,14500,RAINFOREST_RESIN,9992.0,29.0,,,,,9997.0,9.0,10003.0,2.0,10008.0,29.0,9994.5,0.0
2,14600,RAINFOREST_RESIN,9992.0,30.0,,,,,10008.0,30.0,,,,,10000.0,0.0
2,14700,RAINFOREST_RESIN,9992.0,31.0,,,,,10008.0,31.0,,,,,10000.0,0.0
2,14800,RAINFOREST_RESIN,9992.0,33.0,,,,,10008.0,33.0,,,,,10000.0,0.0
2,14900,RAINFOREST_RESIN,10002.0,3.0,9992.0,32.0,,,10008.0,32.0,,,,,10005.0,0.0
2,15000,RAINFOREST_RESIN,9992.0,30.0,,,,,10008.0,30.0,,,,,10000.0,0.0
2,15100,RAINFOREST_RESIN,9992.0,30.0,,,,,10008.0,30.0,,,,,10000.0,0.0
2,15200,RAINFOREST_RESIN,9992.0,33.0,,,,,10008.0,33.0,,,,,10000.0,0.0
2,15300,RAINFOREST_RESIN,10000.0,3.0,9992.0,34.0,,,10003.0,8.0,10008.0,34.0,,,10001.5,0.0
2,15400,RAINFOREST_RESIN,9992.0,30.0,,,,,10008.0,30.0,,,,,10000.0,0.0
2,15500,RAINFOREST_RESIN,9992.0,31.0,,,,,10008.0,31.0,,,,,10000.0,0.0
2,15600,RAINFOREST_RESIN,9992.0,28.0,,,,,10008.0,28.0,,,,,10000.0,0.0
2,15700,RAINFOREST_RESIN,9992.0,29.0,,,,,10000.0,5.0,10003.0,4.0,10008.0,29.0,9996.0,0.0
2,15800,RAINFOREST_RESIN,9992.0,30.0,,,,,10008.0,30.0,,,,,10000.0,0.0
2,15900,RAINFOREST_RESIN,9992.0,27.0,,,,,10008.0,27.0,,,,,10000.0,0.0
2,16000,RAINFOREST_RESIN,9992.0,28.0,,,,,10003.0,5.0,10008.0,28.0,,,9997.5,0.0
2,16100,RAINFOREST_RESIN,9997.0,2.0,9992.0,28.0,,,10008.0,28.0,,,,,10002.5,0.0
2,16200,RAINFOREST_RESIN,9992.0,27.0,,,,,10003.0,5.0,10008.0,27.0,,,9997.5,0.0
2,16300,RAINFOREST_RESIN,9992.0,25.0,,,,,10008.0,25.0,,,,,10000.0,0.0
2,16400,RAINFOREST_RESIN,9992.0,32.0,,,,,10000.0,2.0,10008.0,32.0,,,9996.0,0.0
2,16500,RAINFOREST_RESIN,9992.0,28.0,,,,,10008.0,28.0,,,,,10000.0,0.0
2,16600,RAINFOREST_RESIN,10001.0,1.0,9992.0,26.0,,,10008.0,26.0,,,,,10004.5,0.0
2,16700,RAINFOREST_RESIN,9992.0,34.0,,,,,10008.0,34.0,,,,,10000.0,0.0
2,16800,RAINFOREST_RESIN,9992.0,34.0,,,,,10008.0,34.0,,,,,10000.0,0.0
2,16900,RAINFOREST_RESIN,9992.0,28.0,,,,,10008.0,28.0,,,,,10000.0,0.0
2,17000,RAINFOREST_RESIN,10003.0,8.0,9992.0,31.0,,,10008.0,31.0,,,,,10005.5,0.0
2,17100,RAINFOREST_RESIN,10001.0,1.0,9992.0,33.0,,,10008.0,33.0,,,,,10004.5,0.0
2,17200,RAINFOREST_RESIN,9992.0,32.0,,,,,10008.0,32.0,,,,,10000.0,0.0
2,17300,RAINFOREST_RESIN,9992.0,32.0,,,,,10008.0,32.0,,,,,10000.0,0.0
2,17400,RAINFOREST_RESIN,9992.0,32.0,,,,,10008.0,32.0,,,,,10000.0,0.0
2,17500,RAINFOREST_RESIN,9992.0,33.0,,,,,10008.0,33.0,,,,,10000.0,0.0
2,17600,RAINFOREST_RESIN,9992.0,26.0,,,,,10008.0,26.0,,,,,10000.0,0.0
2,17700,RAINFOREST_RESIN,9992.0,35.0,,,,,10008.0,35.0,,,,,10000.0,0.0
2,17800,RAINFOREST_RESIN,9992.0,26.0,,,,,10003.0,2.0,10008.0,26.0,,,9997.5,0.0
2,17900,RAINFOREST_RESIN,9992.0,35.0,,,,,10008.0,35.0,,,,,10000.0,0.0
2,18000,RAINFOREST_RESIN,9992.0,25.0,,,,,10008.0,25.0,,,,,10000.0,0.0
2,18100,RAINFOREST_RESIN,9992.0,29.0,,,,,10008.0,29.0,,,,,10000.0,0.0
2,18200,RAINFOREST_RESIN,10001.0,1.0,9992.0,27.0,,,10008.0,27.0,,,,,10004.5,0.0
2,18300,RAINFOREST_RESIN,9992.0,29.0,,,,,10008.0,29.0,,,,,10000.0,0.0
2,18400,RAINFOREST_RESIN,9992.0,31.0,,,,,10008.0,31.0,,,,,10000.0,0.0
2,18500,RAINFOREST_RESIN,9992.0,33.0,,,,,9998.0,3.0,10008.0,33.0,,,9995.0,0.0
2,18600,RAINFOREST_RESIN,9992.0,32.0,,,,,10008.0,32.0,,,,,10000.0,0.0
2,18700,RAINFOREST_RESIN,9992.0,35.0,,,,,10008.0,35.0,,,,,10000.0,0.0
2,18800,RAINFOREST_RESIN,9997.0,7.0,9992.0,30.0,,,10008.0,30.0,,,,,10002.5,0.0
2,18900,RAINFOREST_RESIN,10001.0,1.0,9992.0,31.0,,,10008.0,31.0,,,,,10004.5,0.0
2,19000,RAINFOREST_RESIN,9992.0,28.0,,,,,10008.0,28.0,,,,,10000.0,0.0
2,19100,RAINFOREST_RESIN,9992.0,34.0,,,,,10008.0,34.0,,,,,10000.0,0.0
2,19200,RAINFOREST_RESIN,9992.0,25.0,,,,,10008.0,25.0,,,,,10000.0,0.0
2,19300,RAINFOREST_RESIN,9992.0,34.0,,,,,10008.0,34.0,,,,,10000.0,0.0
2,19400,RAINFOREST_RESIN,10001.0,1.0,9992.0,26.0,,,10008.0,26.0,,,,,10004.5,0.0
2,19500,RAINFOREST_RESIN,9992.0,28.0,,,,,10008.0,28.0,,,,,10000.0,0.0
2,19600,RAINFOREST_RESIN,9992.0,29.0,,,,,10008.0,29.0,,,,,10000.0,0.0
2,19700,RAINFOREST_RESIN,9992.0,35.0,,,,,9999.0,1.0,10008.0,35.0,,,9995.5,0.0
2,19800,RAINFOREST_RESIN,9992.0,28.0,,,,,10008.0,28.0,,,,,10000.0,0.0
2,19900,RAINFOREST_RESIN,9992.0,35.0,,,,,9998.0,3.0,10008.0,35.0,,,9995.0,0.0
2,20000,RAINFOREST_RESIN,9992.0,30.0,,,,,10008.0,30.0,,,,,10000.0,0.0
2,20100,RAINFOREST_RESIN,9992.0,31.0,,,,,10008.0,31.0,,,,,10000.0,0.0
2,20200,RAINFOREST_RESIN,9992.0,25.0,,,,,10008.0,25.0,,,,,10000.0,0.0
2,20300,RAINFOREST_RESIN,9992.0,30.0,,,,,10000.0,2.0,10008.0,30.0,,,9996.0,0.0
2,20400,RAINFOREST_RESIN,9992.0,31.0,,,,,10008.0,31.0,,,,,10000.0,0.0
2,20500,RAINFOREST_RESIN,9992.0,29.0,,,,,10000.0,5.0,10008.0,29.0,,,9996.0,0.0
2,20600,RAINFOREST_RESIN,9992.0,26.0,,,,,10008.0,26.0,,,,,10000.0,0.0
2,20700,RAINFOREST_RESIN,10001.0,1.0,9997.0,5.0,9992.0,29.0,10008.0,29.0,,,,,10004.5,0.0
2,20800,RAINFOREST_RESIN,9992.0,32.0,,,,,10008.0,32.0,,,,,10000.0,0.0
2,20900,RAINFOREST_RESIN,9992.0,34.0,,,,,10008.0,34.0,,,,,10000.0,0.0
2,21000,RAINFOREST_RESIN,9992.0,29.0,,,,,10008.0,29.0,,,,,10000.0,0.0
2,21100,RAINFOREST_RESIN,9992.0,35.0,,,,,10008.0,35.0,,,,,10000.0,0.0
2,21200,RAINFOREST_RESIN,9992.0,32.0,,,,,9999.0,1.0,10008.0,32.0,,,9995.5,0.0
2,21300,RAINFOREST_RESIN,9992.0,30.0,,,,,9999.0,1.0,10003.0,5.0,10008.0,30.0,9995.5,0.0
2,21400,RAINFOREST_RESIN,9992.0,35.0,,,,,10008.0,35.0,,,,,10000.0,0.0
2,21500,RAINFOREST_RESIN,9992.0,30.0,,,,,10008.0,30.0,,,,,10000.0,0.0
2,21600,RAINFOREST_RESIN,9997.0,8.0,9992.0,33.0,,,10008.0,33.0,,,,,10002.5,0.0
2,21700,RAINFOREST_RESIN,9992.0,25.0,,,,,10008.0,25.0,,,,,10000.0,0.0
2,21800,RAINFOREST_RESIN,9992.0,32.0,,,,,10008.0,32.0,,,,,10000.0,0.0
2,21900,RAINFOREST_RESIN,9997.0,3.0,9992.0,29.0,,,10008.0,29.0,,,,,10002.5,0.0
2,22000,RAINFOREST_RESIN,9997.0,7.0,9992.0,35.0,,,10008.0,35.0,,,,,10002.5,0.0
2,22100,RAINFOREST_RESIN,9992.0,35.0,,,,,10008.0,35.0,,,,,10000.0,0.0
2,22200,RAINFOREST_RESIN,9992.0,32.0,,,,,9999.0,1.0,10008.0,32.0,,,9995.5,0.0
2,22300,RAINFOREST_RESIN,9992.0,27.0,,,,,10008.0,27.0,,,,,10000.0,0.0
2,22400,RAINFOREST_RESIN,9992.0,26.0,,,,,10008.0,26.0,,,,,10000.0,0.0
2,22500,RAINFOREST_RESIN,9992.0,28.0,,,,,10008.0,28.0,,,,,10000.0,0.0
2,22600,RAINFOREST_RESIN,9992.0,32.0,,,,,10008.0,32.0,,,,,10000.0,0.0
2,22700,RAINFOREST_RESIN,9992.0,32.0,,,,,9998.0,4.0,9999.0,1.0,10008.0,32.0,9995.0,0.0
2,22800,RAINFOREST_RESIN,9992.0,34.0,,,,,10008.0,34.0,,,,,10000.0,0.0
2,22900,RAINFOREST_RESIN,9992.0,29.0,,,,,10008.0,29.0,,,,,10000.0,0.0
2,23000,RAINFOREST_RESIN,9992.0,35.0,,,,,10008.0,35.0,,,,,10000.0,0.0
2,23100,RAINFOREST_RESIN,9992.0,28.0,,,,,10008.0,28.0,,,,,10000.0,0.0
2,23200,RAINFOREST_RESIN,9992.0,29.0,,,,,10008.0,29.0,,,,,10000.0,0.0
2,23300,RAINFOREST_RESIN,10000.0,3.0,9992.0,33.0,,,10008.0,33.0,,,,,10004.0,0.0
2,23400,RAINFOREST_RESIN,9992.0,32.0,,,,,10008.0,32.0,,,,,10000.0,0.0
2,23500,RAINFOREST_RESIN,9992.0,33.0,,,,,10008.0,33.0,,,,,10000.0,0.0
2,23600,RAINFOREST_RESIN,9992.0,28.0,,,,,10008.0,28.0,,,,,10000.0,0.0
2,23700,RAINFOREST_RESIN,10001.0,1.0,9992.0,35.0,,,10008.0,35.0,,,,,10004.5,0.0
2,23800,RAINFOREST_RESIN,9992.0,33.0,,,,,10008.0,33.0,,,,,10000.0,0.0
2,23900,RAINFOREST_RESIN,9997.0,8.0,9992.0,30.0,,,10008.0,30.0,,,,,10002.5,0.0
2,24000,RAINFOREST_RESIN,9992.0,34.0,,,,,10008.0,34.0,,,,,10000.0,0.0
2,24100,RAINFOREST_RESIN,9992.0,29.0,,,,,10008.0,29.0,,,,,10000.0,0.0
2,24200,RAINFOREST_RESIN,9992.0,35.0,,,,,10008.0,35.0,,,,,10000.0,0.0
2,24300,RAINFOREST_RESIN,9992.0,31.0,,,,,10008.0,31.0,,,,,10000.0,0.0
2,24400,RAINFOREST_RESIN,9992.0,25.0,,,,,10008.0,25.0,,,,,10000.0,0.0
2,24500,RAINFOREST_RESIN,9992.0,25.0,,,,,10008.0,25.0,,,,,10000.0,0.0
2,24600,RAINFOREST_RESIN,9992.0,28.0,,,,,10008.0,28.0,,,,,10000.0,0.0
2,24700,RAINFOREST_RESIN,9992.0,29.0,,,,,10008.0,29.0,,,,,10000.0,0.0
2,24800,RAINFOREST_RESIN,9992.0,30.0,,,,,10008.0,30.0,,,,,10000.0,0.0
2,24900,RAINFOREST_RESIN,9992.0,34.0,,,,,10008.0,34.0,,,,,10000.0,0.0
2,25000,RAINFOREST_RESIN,9992.0,30.0,,,,,10008.0,30.0,,,,,10000.0,0.0
2,25100,RAINFOREST_RESIN,9992.0,35.0,,,,,10008.0,35.0,,,,,10000.0,0.0
2,25200,RAINFOREST_RESIN,9992.0,27.0,,,,,10008.0,27.0,,,,,10000.0,0.0
2,25300,RAINFOREST_RESIN,9992.0,30.0,,,,,10008.0,30.0,,,,,10000.0,0.0
2,25400,RAINFOREST_RESIN,9992.0,32.0,,,,,10008.0,32.0,,,,,10000.0,0.0
2,25500,RAINFOREST_RESIN,9992.0,30.0,,,,,10008.0,30.0,,,,,10000.0,0.0
2,25600,RAINFOREST_RESIN,9992.0,32.0,,,,,10008.0,32.0,,,,,10000.0,0.0
2,25700,RAINFOREST_RESIN,9992.0,27.0,,,,,10008.0,27.0,,,,,10000.0,0.0
2,25800,RAINFOREST_RESIN,9992.0,27.0,,,,,10008.0,27.0,,,,,10000.0,0.0
2,25900,RAINFOREST_RESIN,9992.0,33.0,,,,,10008.0,33.0,,,,,10000.0,0.0
2,26000,RAINFOREST_RESIN,9992.0,29.0,,,,,10008.0,29.0,,,,,10000.0,0.0
2,26100,RAINFOREST_RESIN,9992.0,27.0,,,,,9998.0,4.0,9999.0,1.0,10008.0,27.0,9995.0,0.0
2,26200,RAINFOREST_RESIN,9997.0,2.0,9992.0,27.0,,,10008.0,27.0,,,,,10002.5,0.0
2,26300,RAINFOREST_RESIN,9992.0,32.0,,,,,9999.0,1.0,10008.0,32.0,,,9995.5,0.0
2,26400,RAINFOREST_RESIN,9992.0,31.0,,,,,10008.0,31.0,,,,,10000.0,0.0
2,26500,RAINFOREST_RESIN,9997.0,5.0,9992.0,35.0,,,10008.0,35.0,,,,,10002.5,0.0
2,26600,RAINFOREST_RESIN,9992.0,35.0,,,,,10008.0,35.0,,,,,10000.0,0.0
2,26700,RAINFOREST_RESIN,9992.0,33.0,,,,,10008.0,33.0,,,,,10000.0,0.0
2,26800,RAINFOREST_RESIN,9992.0,31.0,,,,,10008.0,31.0,,,,,10000.0,0.0
2,26900,RAINFOREST_RESIN,9992.0,28.0,,,,,10008.0,28.0,,,,,10000.0,0.0
2,27000,RAINFOREST_RESIN,9992.0,29.0,,,,,9999.0,1.0,10008.0,29.0,,,9995.5,0.0
2,27100,RAINFOREST_RESIN,9997.0,5.0,9992.0,32.0,,,10008.0,32.0,,,,,10002.5,0.0
2,27200,RAINFOREST_RESIN,9992.0,29.0,,,,,10008.0,29.0,,,,,10000.0,0.0
2,27300,RAINFOREST_RESIN,9997.0,8.0,9992.0,27.0,,,10008.0,27.0,,,,,10002.5,0.0
2,27400,RAINFOREST_RESIN,9992.0,29.0,,,,,10008.0,29.0,,,,,10000.0,0.0
2,27500,RAINFOREST_RESIN,10001.0,1.0,9992.0,29.0,,,10003.0,6.0,10008.0,29.0,,,10002.0,0.0
2,27600,RAINFOREST_RESIN,9992.0,30.0,,,,,10008.0,30.0,,,,,10000.0,0.0
2,27700,RAINFOREST_RESIN,9997.0,5.0,9992.0,31.0,,,10008.0,31.0,,,,,10002.5,0.0
2,27800,RAINFOREST_RESIN,9992.0,32.0,,,,,10008.0,32.0,,,,,10000.0,0.0
2,27900,RAINFOREST_RESIN,9992.0,31.0,,,,,10008.0,31.0,,,,,10000.0,0.0
2,28000,RAINFOREST_RESIN,9992.0,29.0,,,,,10008.0,29.0,,,,,10000.0,0.0
2,28100,RAINFOREST_RESIN,9992.0,35.0,,,,,10008.0,35.0,,,,,10000.0,0.0
2,28200,RAINFOREST_RESIN,9992.0,26.0,,,,,10003.0,4.0,10008.0,26.0,,,9997.5,0.0
2,28300,RAINFOREST_RESIN,9992.0,35.0,,,,,10008.0,35.0,,,,,10000.0,0.0
2,28400,RAINFOREST_RESIN,9992.0,32.0,,,,,10008.0,32.0,,,,,10000.0,0.0
2,28500,RAINFOREST_RESIN,10003.0,7.0,10000.0,3.0,9992.0,25.0,10008.0,25.0,,,,,10005.5,0.0
2,28600,RAINFOREST_RESIN,9992.0,26.0,,,,,10008.0,26.0,,,,,10000.0,0.0
2,28700,RAINFOREST_RESIN,9992.0,28.0,,,,,9998.0,5.0,10008.0,28.0,,,9995.0,0.0
2,28800,RAINFOREST_RESIN,9992.0,34.0,,,,,10008.0,34.0,,,,,10000.0,0.0
2,28900,RAINFOREST_RESIN,9992.0,29.0,,,,,10008.0,29.0,,,,,10000.0,0.0
2,29000,RAINFOREST_RESIN,9992.0,31.0,,,,,10008.0,31.0,,,,,10000.0,0.0
2,29100,RAINFOREST_RESIN,9997.0,5.0,9992.0,26.0,,,10000.0,2.0,10008.0,26.0,,,9998.5,0.0
2,29200,RAINFOREST_RESIN,9992.0,34.0,,,,,10008.0,34.0,,,,,10000.0,0.0
2,29300,RAINFOREST_RESIN,9992.0,33.0,,,,,10003.0,3.0,10008.0,33.0,,,9997.5,0.0
2,29400,RAINFOREST_RESIN,9992.0,34.0,,,,,10008.0,34.0,,,,,10000.0,0.0
2,29500,RAINFOREST_RESIN,9992.0,27.0,,,,,10008.0,27.0,,,,,10000.0,0.0
2,29600,RAINFOREST_RESIN,9992.0,26.0,,,,,10003.0,3.0,10008.0,26.0,,,9997.5,0.0
2,29700,RAINFOREST_RESIN,10001.0,1.0,9992.0,34.0,,,10003.0,8.0,10008.0,34.0,,,10002.0,0.0
2,29800,RAINFOREST_RESIN,9992.0,29.0,,,,,10008.0,29.0,,,,,10000.0,0.0
2,29900,RAINFOREST_RESIN,9992.0,28.0,,,,,10003.0,4.0,10008.0,28.0,,,9997.5,0.0
2,30000,RAINFOREST_RESIN,9992.0,34.0,,,,,10008.0,34.0,,,,,10000.0,0.0
2,30100,RAINFOREST_RESIN,9992.0,31.0,,,,,10008.0,31.0,,,,,10000.0,0.0
2,30200,RAINFOREST_RESIN,9992.0,35.0,,,,,10008.0,35.0,,,,,10000.0,0.0
2,30300,RAINFOREST_RESIN,9992.0,31.0,,,,,10008.0,31.0,,,,,10000.0,0.0
2,30400,RAINFOREST_RESIN,9992.0,28.0,,,,,10008.0,28.0,,,,,10000.0,0.0
2,30500,RAINFOREST_RESIN,9992.0,33.0,,,,,10008.0,33.0,,,,,10000.0,0.0
2,30600,RAINFOREST_RESIN,9992.0,25.0,,,,,10008.0,25.0,,,,,10000.0,0.0
2,30700,RAINFOREST_RESIN,9992.0,26.0,,,,,10008.0,26.0,,,,,10000.0,0.0
2,30800,RAINFOREST_RESIN,10003.0,11.0,9997.0,5.0,9992.0,35.0,10008.0,35.0,,,,,10005.5,0.0
2,30900,RAINFOREST_RESIN,9997.0,2.0,9992.0,27.0,,,10008.0,27.0,,,,,10002.5,0.0
2,31000,RAINFOREST_RESIN,9992.0,34.0,,,,,10008.0,34.0,,,,,10000.0,0.0
2,31100,RAINFOREST_RESIN,9992.0,30.0,,,,,10008.0,30.0,,,,,10000.0,0.0
2,31200,RAINFOREST_RESIN,9992.0,31.0,,,,,10008.0,31.0,,,,,10000.0,0.0
2,31300,RAINFOREST_RESIN,9997.0,4.0,9992.0,31.0,,,10008.0,31.0,,,,,10002.5,0.0
2,31400,RAINFOREST_RESIN,9997.0,2.0,9992.0,25.0,,,10008.0,25.0,,,,,10002.5,0.0
2,31500,RAINFOREST_RESIN,9992.0,34.0,,,,,10008.0,34.0,,,,,10000.0,0.0
2,31600,RAINFOREST_RESIN,9992.0,33.0,,,,,10008.0,33.0,,,,,10000.0,0.0
2,31700,RAINFOREST_RESIN,9992.0,26.0,,,,,10008.0,26.0,,,,,10000.0,0.0
2,31800,RAINFOREST_RESIN,9992.0,31.0,,,,,10008.0,31.0,,,,,10000.0,0.0
2,31900,RAINFOREST_RESIN,9992.0,34.0,,,,,10008.0,34.0,,,,,10000.0,0.0
2,32000,RAINFOREST_RESIN,9992.0,30.0,,,,,10008.0,30.0,,,,,10000.0,0.0
2,32100,RAINFOREST_RESIN,9992.0,31.0,,,,,10008.0,31.0,,,,,10000.0,0.0
2,32200,RAINFOREST_RESIN,9992.0,28.0,,,,,9999.0,1.0,10008.0,28.0,,,9995.5,0.0
2,32300,RAINFOREST_RESIN,9992.0,35.0,,,,,10008.0,35.0,,,,,10000.0,0.0
2,32400,RAINFOREST_RESIN,9992.0,31.0,,,,,10008.0,31.0,,,,,10000.0,0.0
2,32500,RAINFOREST_RESIN,10002.0,5.0,9992.0,26.0,,,10008.0,26.0,,,,,10005.0,0.0
2,32600,RAINFOREST_RESIN,9992.0,31.0,,,,,10008.0,31.0,,,,,10000.0,0.0
2,32700,RAINFOREST_RESIN,10001.0,1.0,9992.0,31.0,,,10008.0,31.0,,,,,10004.5,0.0
2,32800,RAINFOREST_RESIN,9992.0,35.0,,,,,10008.0,35.0,,,,,10000.0,0.0
2,32900,RAINFOREST_RESIN,9992.0,35.0,,,,,10008.0,35.0,,,,,10000.0,0.0
2,33000,RAINFOREST_RESIN,9992.0,26.0,,,,,10008.0,26.0,,,,,10000.0,0.0
2,33100,RAINFOREST_RESIN,9992.0,34.0,,,,,10008.0,34.0,,,,,10000.0,0.0
2,33200,RAINFOREST_RESIN,9997.0,3.0,9992.0,26.0,,,10008.0,26.0,,,,,10002.5,0.0
2,33300,RAINFOREST_RESIN,9992.0,33.0,,,,,10008.0,33.0,,,,,10000.0,0.0
2,33400,RAINFOREST_RESIN,9992.0,32.0,,,,,10008.0,32.0,,,,,10000.0,0.0
2,33500,RAINFOREST_RESIN,10001.0,1.0,9992.0,28.0,,,10008.0,28.0,,,,,10004.5,0.0
2,33600,RAINFOREST_RESIN,9992.0,33.0,,,,,10008.0,33.0,,,,,10000.0,0.0
2,33700,RAINFOREST_RESIN,9992.0,25.0,,,,,10008.0,25.0,,,,,10000.0,0.0
2,33800,RAINFOREST_RESIN,9992.0,31.0,,,,,10008.0,31.0,,,,,10000.0,0.0
2,33900,RAINFOREST_RESIN,9992.0,34.0,,,,,10008.0,34.0,,,,,10000.0,0.0
2,34000,RAINFOREST_RESIN,9992.0,32.0,,,,,10008.0,32.0,,,,,10000.0,0.0
2,34100,RAINFOREST_RESIN,9992.0,31.0,,,,,9999.0,1.0,10003.0,7.0,10008.0,31.0,9995.5,0.0
2,34200,RAINFOREST_RESIN,9992.0,30.0,,,,,10008.0,30.0,,,,,10000.0,0.0
2,34300,RAINFOREST_RESIN,9992.0,29.0,,,,,10008.0,29.0,,,,,10000.0,0.0
2,34400,RAINFOREST_RESIN,9992.0,25.0,,,,,9999.0,1.0,10008.0,25.0,,,9995.5,0.0
2,34500,RAINFOREST_RESIN,9992.0,28.0,,,,,10008.0,28.0,,,,,10000.0,0.0
2,34600,RAINFOREST_RESIN,9992.0,31.0,,,,,10008.0,31.0,,,,,10000.0,0.0
2,34700,RAINFOREST_RESIN,9992.0,27.0,,,,,9999.0,1.0,10008.0,27.0,,,9995.5,0.0
2,34800,RAINFOREST_RESIN,9992.0,29.0,,,,,10008.0,29.0,,,,,10000.0,0.0
2,34900,RAINFOREST_RESIN,9992.0,25.0,,,,,10008.0,25.0,,,,,10000.0,0.0
2,35000,RAINFOREST_RESIN,9992.0,34.0,,,,,10008.0,34.0,,,,,10000.0,0.0
2,35100,RAINFOREST_RESIN,9992.0,35.0,,,,,10008.0,35.0,,,,,10000.0,0.0
2,35200,RAINFOREST_RESIN,9992.0,29.0,,,,,10008.0,29.0,,,,,10000.0,0.0
2,35300,RAINFOREST_RESIN,10001.0,1.0,9992.0,29.0,,,10008.0,29.0,,,,,10004.5,0.0
2,35400,RAINFOREST_RESIN,9992.0,31.0,,,,,9999.0,1.0,10008.0,31.0,,,9995.5,0.0
2,35500,RAINFOREST_RESIN,9992.0,34.0,,,,,10008.0,34.0,,,,,10000.0,0.0
2,35600,RAINFOREST_RESIN,9992.0,31.0,,,,,10008.0,31.0,,,,,10000.0,0.0
2,35700,RAINFOREST_RESIN,9992.0,27.0,,,,,10008.0,27.0,,,,,10000.0,0.0
2,35800,RAINFOREST_RESIN,9992.0,33.0,,,,,10008.0,33.0,,,,,10000.0,0.0
2,35900,RAINFOREST_RESIN,9992.0,31.0,,,,,10008.0,31.0,,,,,10000.0,0.0
2,36000,RAINFOREST_RESIN,9992.0,25.0,,,,,10008.0,25.0,,,,,10000.0,0.0
2,36100,RAINFOREST_RESIN,9992.0,34.0,,,,,9999.0,1.0,10003.0,2.0,10008.0,34.0,9995.5,0.0
2,36200,RAINFOREST_RESIN,10001.0,1.0,9992.0,25.0,,,10008.0,25.0,,,,,10004.5,0.0
2,36300,RAINFOREST_RESIN,9992.0,32.0,,,,,10008.0,32.0,,,,,10000.0,0.0
2,36400,RAINFOREST_RESIN,9992.0,29.0,,,,,10008.0,29.0,,,,,10000.0,0.0
2,36500,RAINFOREST_RESIN,9992.0,33.0,,,,,10003.0,2.0,10008.0,33.0,,,9997.5,0.0
2,36600,RAINFOREST_RESIN,9992.0,29.0,,,,,10008.0,29.0,,,,,10000.0,0.0
2,36700,RAINFOREST_RESIN,10001.0,1.0,9992.0,26.0,,,10008.0,26.0,,,,,10004.5,0.0
2,36800,RAINFOREST_RESIN,9992.0,34.0,,,,,10008.0,34.0,,,,,10000.0,0.0
2,36900,RAINFOREST_RESIN,9997.0,4.0,9992.0,35.0,,,10008.0,35.0,,,,,10002.5,0.0
2,37000,RAINFOREST_RESIN,9997.0,7.0,9992.0,32.0,,,10008.0,32.0,,,,,10002.5,0.0
2,37100,RAINFOREST_RESIN,9992.0,34.0,,,,,10008.0,34.0,,,,,10000.0,0.0
2,37200,RAINFOREST_RESIN,9992.0,34.0,,,,,10008.0,34.0,,,,,10000.0,0.0
2,37300,RAINFOREST_RESIN,9992.0,25.0,,,,,10008.0,25.0,,,,,10000.0,0.0
2,37400,RAINFOREST_RESIN,9992.0,30.0,,,,,10008.0,30.0,,,,,10000.0,0.0
2,37500,RAINFOREST_RESIN,9997.0,8.0,9992.0,33.0,,,10008.0,33.0,,,,,10002.5,0.0
2,37600,RAINFOREST_RESIN,9992.0,33.0,,,,,10008.0,33.0,,,,,10000.0,0.0
2,37700,RAINFOREST_RESIN,10001.0,1.0,9992.0,35.0,,,10008.0,35.0,,,,,10004.5,0.0
2,37800,RAINFOREST_RESIN,9992.0,26.0,,,,,9998.0,5.0,10008.0,26.0,,,9995.0,0.0
2,37900,RAINFOREST_RESIN,9992.0,28.0,,,,,10008.0,28.0,,,,,10000.0,0.0
2,38000,RAINFOREST_RESIN,9992.0,28.0,,,,,10008.0,28.0,,,,,10000.0,0.0
2,38100,RAINFOREST_RESIN,9992.0,28.0,,,,,9999.0,1.0,10008.0,28.0,,,9995.5,0.0
2,38200,RAINFOREST_RESIN,9992.0,31.0,,,,,10008.0,31.0,,,,,10000.0,0.0
2,38300,RAINFOREST_RESIN,9992.0,30.0,,,,,10008.0,30.0,,,,,10000.0,0.0
2,38400,RAINFOREST_RESIN,9992.0,26.0,,,,,9998.0,5.0,10008.0,26.0,,,9995.0,0.0
2,38500,RAINFOREST_RESIN,9992.0,31.0,,,,,10008.0,31.0,,,,,10000.0,0.0
2,38600,RAINFOREST_RESIN,9992.0,35.0,,,,,10008.0,35.0,,,,,10000.0,0.0
2,38700,RAINFOREST_RESIN,9992.0,27.0,,,,,10003.0,7.0,10008.0,27.0,,,9997.5,0.0
2,38800,RAINFOREST_RESIN,9992.0,25.0,,,,,10008.0,25.0,,,,,10000.0,0.0
2,38900,RAINFOREST_RESIN,9992.0,33.0,,,,,10008.0,33.0,,,,,10000.0,0.0
2,39000,RAINFOREST_RESIN,9992.0,31.0,,,,,10008.0,31.0,,,,,10000.0,0.0
2,39100,RAINFOREST_RESIN,9992.0,29.0,,,,,10003.0,5.0,10008.0,29.0,,,9997.5,0.0
2,39200,RAINFOREST_RESIN,9992.0,26.0,,,,,10008.0,26.0,,,,,10000.0,0.0
2,39300,RAINFOREST_RESIN,10001.0,1.0,9992.0,25.0,,,10008.0,25.0,,,,,10004.5,0.0
2,39400,RAINFOREST_RESIN,9992.0,25.0,,,,,10008.0,25.0,,,,,10000.0,0.0
2,39500,RAINFOREST_RESIN,9997.0,3.0,9992.0,32.0,,,10008.0,32.0,,,,,10002.5,0.0
2,39600,RAINFOREST_RESIN,9992.0,34.0,,,,,10008.0,34.0,,,,,10000.0,0.0
2,39700,RAINFOREST_RESIN,9992.0,27.0,,,,,10008.0,27.0,,,,,10000.0,0.0
2,39800,RAINFOREST_RESIN,9992.0,30.0,,,,,10008.0,30.0,,,,,10000.0,0.0
2,39900,RAINFOREST_RESIN,9992.0,32.0,,,,,10008.0,32.0,,,,,10000.0,0.0
2,40000,RAINFOREST_RESIN,9992.0,28.0,,,,,10008.0,28.0,,,,,10000.0,0.0
2,40100,RAINFOREST_RESIN,9992.0,28.0,,,,,10008.0,28.0,,,,,10000.0,0.0
2,40200,RAINFOREST_RESIN,9992.0,26.0,,,,,10008.0,26.0,,,,,10000.0,0.0
2,40300,RAINFOREST_RESIN,9992.0,35.0,,,,,10008.0,35.0,,,,,10000.0,0.0
2,40400,RAINFOREST_RESIN,9992.0,28.0,,,,,10008.0,28.0,,,,,10000.0,0.0
2,40500,RAINFOREST_RESIN,9992.0,31.0,,,,,10008.0,31.0,,,,,10000.0,0.0
2,40600,RAINFOREST_RESIN,10001.0,1.0,9992.0,29.0,,,10008.0,29.0,,,,,10004.5,0.0
2,40700,RAINFOREST_RESIN,9992.0,29.0,,,,,10008.0,29.0,,,,,10000.0,0.0
2,40800,RAINFOREST_RESIN,9992.0,28.0,,,,,10008.0,28.0,,,,,10000.0,0.0
2,40900,RAINFOREST_RESIN,9992.0,33.0,,,,,10008.0,33.0,,,,,10000.0,0.0
2,41000,RAINFOREST_RESIN,9992.0,28.0,,,,,10008.0,28.0,,,,,10000.0,0.0
2,41100,RAINFOREST_RESIN,9997.0,6.0,9992.0,27.0,,,10008.0,27.0,,,,,10002.5,0.0
2,41200,RAINFOREST_RESIN,9992.0,27.0,,,,,10008.0,27.0,,,,,10000.0,0.0
2,41300,RAINFOREST_RESIN,9997.0,6.0,9992.0,35.0,,,10008.0,35.0,,,,,10002.5,0.0
2,41400,RAINFOREST_RESIN,9992.0,25.0,,,,,10008.0,25.0,,,,,10000.0,0.0
2,41500,RAINFOREST_RESIN,9992.0,31.0,,,,,9999.0,1.0,10008.0,31.0,,,9995.5,0.0
2,41600,RAINFOREST_RESIN,10002.0,3.0,9992.0,30.0,,,10008.0,30.0,,,,,10005.0,0.0
2,41700,RAINFOREST_RESIN,9992.0,29.0,,,,,10008.0,29.0,,,,,10000.0,0.0
2,41800,RAINFOREST_RESIN,9992.0,32.0,,,,,10008.0,32.0,,,,,10000.0,0.0
2,41900,RAINFOREST_RESIN,9992.0,27.0,,,,,10003.0,4.0,10008.0,27.0,,,9997.5,0.0
2,42000,RAINFOREST_RESIN,9997.0,7.0,9992.0,31.0,,,10008.0,31.0,,,,,10002.5,0.0
2,42100,RAINFOREST_RESIN,9992.0,34.0,,,,,10008.0,34.0,,,,,10000.0,0.0
2,42200,RAINFOREST_RESIN,9992.0,27.0,,,,,9999.0,1.0,10008.0,27.0,,,9995.5,0.0
2,42300,RAINFOREST_RESIN,9992.0,33.0,,,,,10008.0,33.0,,,,,10000.0,0.0
2,42400,RAINFOREST_RESIN,9992.0,27.0,,,,,9998.0,3.0,10008.0,27.0,,,9995.0,0.0
2,42500,RAINFOREST_RESIN,9992.0,34.0,,,,,10008.0,34.0,,,,,10000.0,0.0
2,42600,RAINFOREST_RESIN,9992.0,31.0,,,,,10008.0,31.0,,,,,10000.0,0.0
2,42700,RAINFOREST_RESIN,10001.0,1.0,9992.0,29.0,,,10008.0,29.0,,,,,10004.5,0.0
2,42800,RAINFOREST_RESIN,9992.0,25.0,,,,,10008.0,25.0,,,,,10000.0,0.0
2,42900,RAINFOREST_RESIN,10001.0,1.0,9992.0,32.0,,,10008.0,32.0,,,,,10004.5,0.0
2,43000,RAINFOREST_RESIN,9992.0,34.0,,,,,10008.0,34.0,,,,,10000.0,0.0
2,43100,RAINFOREST_RESIN,9992.0,29.0,,,,,10008.0,29.0,,,,,10000.0,0.0
2,43200,RAINFOREST_RESIN,9992.0,28.0,,,,,9999.0,1.0,10008.0,28.0,,,9995.5,0.0
2,43300,RAINFOREST_RESIN,9992.0,29.0,,,,,10008.0,29.0,,,,,10000.0,0.0
2,43400,RAINFOREST_RESIN,9992.0,29.0,,,,,10008.0,29.0,,,,,10000.0,0.0
2,43500,RAINFOREST_RESIN,9992.0,30.0,,,,,10008.0,30.0,,,,,10000.0,0.0
2,43600,RAINFOREST_RESIN,9992.0,30.0,,,,,10008.0,30.0,,,,,10000.0,0.0
2,43700,RAINFOREST_RESIN,10003.0,1.0,9992.0,27.0,,,10008.0,27.0,,,,,10005.5,0.0
2,43800,RAINFOREST_RESIN,9992.0,30.0,,,,,10008.0,30.0,,,,,10000.0,0.0
2,43900,RAINFOREST_RESIN,9997.0,7.0,9992.0,25.0,,,10008.0,25.0,,,,,10002.5,0.0
2,44000,RAINFOREST_RESIN,9992.0,35.0,,,,,10008.0,35.0,,,,,10000.0,0.0
2,44100,RAINFOREST_RESIN,9992.0,30.0,,,,,10008.0,30.0,,,,,10000.0,0.0
2,44200,RAINFOREST_RESIN,10002.0,5.0,9992.0,31.0,,,10008.0,31.0,,,,,10005.0,0.0
2,44300,RAINFOREST_RESIN,9992.0,32.0,,,,,10008.0,32.0,,,,,10000.0,0.0
2,44400,RAINFOREST_RESIN,9992.0,28.0,,,,,9999.0,1.0,10003.0,4.0,10008.0,28.0,9995.5,0.0
2,44500,RAINFOREST_RESIN,9992.0,29.0,,,,,10008.0,29.0,,,,,10000.0,0.0
2,44600,RAINFOREST_RESIN,9992.0,31.0,,,,,10008.0,31.0,,,,,10000.0,0.0
2,44700,RAINFOREST_RESIN,9992.0,35.0,,,,,10008.0,35.0,,,,,10000.0,0.0
2,44800,RAINFOREST_RESIN,9992.0,30.0,,,,,10008.0,30.0,,,,,10000.0,0.0
2,44900,RAINFOREST_RESIN,9997.0,2.0,9992.0,35.0,,,10008.0,35.0,,,,,10002.5,0.0
2,45000,RAINFOREST_RESIN,9992.0,26.0,,,,,10008.0,26.0,,,,,10000.0,0.0
2,45100,RAINFOREST_RESIN,9992.0,33.0,,,,,10008.0,33.0,,,,,10000.0,0.0
2,45200,RAINFOREST_RESIN,9992.0,32.0,,,,,10008.0,32.0,,,,,10000.0,0.0
2,45300,RAINFOREST_RESIN,9992.0,29.0,,,,,10008.0,29.0,,,,,10000.0,0.0
2,45400,RAINFOREST_RESIN,9992.0,25.0,,,,,9997.0,5.0,10008.0,25.0,,,9994.5,0.0
2,45500,RAINFOREST_RESIN,9992.0,27.0,,,,,10008.0,27.0,,,,,10000.0,0.0
2,45600,RAINFOREST_RESIN,9992.0,27.0,,,,,10008.0,27.0,,,,,10000.0,0.0
2,45700,RAINFOREST_RESIN,9992.0,31.0,,,,,10008.0,31.0,,,,,10000.0,0.0
2,45800,RAINFOREST_RESIN,9992.0,25.0,,,,,10000.0,3.0,10008.0,25.0,,,9996.0,0.0
2,45900,RAINFOREST_RESIN,9992.0,26.0,,,,,10003.0,2.0,10008.0,26.0,,,9997.5,0.0
2,46000,RAINFOREST_RESIN,9992.0,32.0,,,,,10008.0,32.0,,,,,10000.0,0.0
2,46100,RAINFOREST_RESIN,9992.0,32.0,,,,,10008.0,32.0,,,,,10000.0,0.0
2,46200,RAINFOREST_RESIN,9992.0,34.0,,,,,10008.0,34.0,,,,,10000.0,0.0
2,46300,RAINFOREST_RESIN,10002.0,3.0,9992.0,28.0,,,10008.0,28.0,,,,,10005.0,0.0
2,46400,RAINFOREST_RESIN,9992.0,35.0,,,,,10008.0,35.0,,,,,10000.0,0.0
2,46500,RAINFOREST_RESIN,9992.0,29.0,,,,,10008.0,29.0,,,,,10000.0,0.0
2,46600,RAINFOREST_RESIN,9992.0,26.0,,,,,9998.0,4.0,10008.0,26.0,,,9995.0,0.0
2,46700,RAINFOREST_RESIN,9992.0,32.0,,,,,10008.0,32.0,,,,,10000.0,0.0
2,46800,RAINFOREST_RESIN,9992.0,25.0,,,,,10008.0,25.0,,,,,10000.0,0.0
2,46900,RAINFOREST_RESIN,9997.0,3.0,9992.0,35.0,,,10008.0,35.0,,,,,10002.5,0.0
2,47000,RAINFOREST_RESIN,9992.0,35.0,,,,,9998.0,4.0,10003.0,2.0,10008.0,35.0,9995.0,0.0
2,47100,RAINFOREST_RESIN,9992.0,35.0,,,,,10008.0,35.0,,,,,10000.0,0.0
2,47200,RAINFOREST_RESIN,9992.0,28.0,,,,,10008.0,28.0,,,,,10000.0,0.0
2,47300,RAINFOREST_RESIN,9992.0,28.0,,,,,10008.0,28.0,,,,,10000.0,0.0
2,47400,RAINFOREST_RESIN,9992.0,31.0,,,,,10008.0,31.0,,,,,10000.0,0.0
2,47500,RAINFOREST_RESIN,9992.0,26.0,,,,,10008.0,26.0,,,,,10000.0,0.0
2,47600,RAINFOREST_RESIN,9992.0,29.0,,,,,10008.0,29.0,,,,,10000.0,0.0
2,47700,RAINFOREST_RESIN,9992.0,30.0,,,,,10003.0,2.0,10008.0,30.0,,,9997.5,0.0
2,47800,RAINFOREST_RESIN,9992.0,31.0,,,,,9999.0,1.0,10008.0,31.0,,,9995.5,0.0
2,47900,RAINFOREST_RESIN,9992.0,26.0,,,,,10008.0,26.0,,,,,10000.0,0.0
2,48000,RAINFOREST_RESIN,9992.0,32.0,,,,,10008.0,32.0,,,,,10000.0,0.0
2,48100,RAINFOREST_RESIN,9992.0,27.0,,,,,10008.0,27.0,,,,,10000.0,0.0
2,48200,RAINFOREST_RESIN,9992.0,33.0,,,,,10008.0,33.0,,,,,10000.0,0.0
2,48300,RAINFOREST_RESIN,9992.0,25.0,,,,,10008.0,25.0,,,,,10000.0,0.0
2,48400,RAINFOREST_RESIN,10002.0,5.0,9992.0,32.0,,,10003.0,5.0,10008.0,32.0,,,10002.5,0.0
2,48500,RAINFOREST_RESIN,9992.0,34.0,,,,,9999.0,1.0,10008.0,34.0,,,9995.5,0.0
2,48600,RAINFOREST_RESIN,9992.0,31.0,,,,,10008.0,31.0,,,,,10000.0,0.0
2,48700,RAINFOREST_RESIN,9992.0,25.0,,,,,10008.0,25.0,,,,,10000.0,0.0
2,48800,RAINFOREST_RESIN,9992.0,35.0,,,,,10008.0,35.0,,,,,10000.0,0.0
2,48900,RAINFOREST_RESIN,9992.0,31.0,,,,,10008.0,31.0,,,,,10000.0,0.0
2,49000,RAINFOREST_RESIN,9992.0,29.0,,,,,10003.0,8.0,10008.0,29.0,,,9997.5,0.0
2,49100,RAINFOREST_RESIN,9992.0,35.0,,,,,10008.0,35.0,,,,,10000.0,0.0
2,49200,RAINFOREST_RESIN,9992.0,29.0,,,,,10008.0,29.0,,,,,10000.0,0.0
2,49300,RAINFOREST_RESIN,9992.0,30.0,,,,,10008.0,30.0,,,,,10000.0,0.0
2,49400,RAINFOREST_RESIN,9992.0,28.0,,,,,9999.0,1.0,10003.0,2.0,10008.0,28.0,9995.5,0.0
2,49500,RAINFOREST_RESIN,10002.0,3.0,9992.0,27.0,,,10008.0,27.0,,,,,10005.0,0.0
2,49600,RAINFOREST_RESIN,9992.0,27.0,,,,,10008.0,27.0,,,,,10000.0,0.0
2,49700,RAINFOREST_RESIN,9992.0,28.0,,,,,10008.0,28.0,,,,,10000.0,0.0
2,49800,RAINFOREST_RESIN,9992.0,28.0,,,,,10008.0,28.0,,,,,10000.0,0.0
2,49900,RAINFOREST_RESIN,9992.0,35.0,,,,,10008.0,35.0,,,,,10000.0,0.0
2,50000,RAINFOREST_RESIN,9992.0,27.0,,,,,10008.0,27.0,,,,,10000.0,0.0
2,50100,RAINFOREST_RESIN,9992.0,31.0,,,,,10008.0,31.0,,,,,10000.0,0.0
2,50200,RAINFOREST_RESIN,9992.0,26.0,,,,,10008.0,26.0,,,,,10000.0,0.0
2,50300,RAINFOREST_RESIN,9992.0,34.0,,,,,10008.0,34.0,,,,,10000.0,0.0
2,50400,RAINFOREST_RESIN,9992.0,30.0,,,,,10008.0,30.0,,,,,10000.0,0.0
2,50500,RAINFOREST_RESIN,9992.0,35.0,,,,,10008.0,35.0,,,,,10000.0,0.0
2,50600,RAINFOREST_RESIN,9992.0,27.0,,,,,10008.0,27.0,,,,,10000.0,0.0
2,50700,RAINFOREST_RESIN,9992.0,30.0,,,,,10008.0,30.0,,,,,10000.0,0.0
2,50800,RAINFOREST_RESIN,9992.0,32.0,,,,,10008.0,32.0,,,,,10000.0,0.0
2,50900,RAINFOREST_RESIN,9992.0,26.0,,,,,10008.0,26.0,,,,,10000.0,0.0
2,51000,RAINFOREST_RESIN,9992.0,29.0,,,,,10008.0,29.0,,,,,10000.0,0.0
2,51100,RAINFOREST_RESIN,9992.0,35.0,,,,,10008.0,35.0,,,,,10000.0,0.0
2,51200,RAINFOREST_RESIN,9992.0,33.0,,,,,10008.0,33.0,,,,,10000.0,0.0
2,51300,RAINFOREST_RESIN,9992.0,27.0,,,,,10008.0,27.0,,,,,10000.0,0.0
2,51400,RAINFOREST_RESIN,9992.0,32.0,,,,,10008.0,32.0,,,,,10000.0,0.0
2,51500,RAINFOREST_RESIN,9992.0,35.0,,,,,10003.0,8.0,10008.0,35.0,,,9997.5,0.0
2,51600,RAINFOREST_RESIN,9992.0,30.0,,,,,10008.0,30.0,,,,,10000.0,0.0
2,51700,RAINFOREST_RESIN,10002.0,4.0,9992.0,26.0,,,10008.0,26.0,,,,,10005.0,0.0
2,51800,RAINFOREST_RESIN,9992.0,25.0,,,,,10008.0,25.0,,,,,10000.0,0.0
2,51900,RAINFOREST_RESIN,9992.0,31.0,,,,,10008.0,31.0,,,,,10000.0,0.0
2,52000,RAINFOREST_RESIN,9992.0,32.0,,,,,10008.0,32.0,,,,,10000.0,0.0
2,52100,RAINFOREST_RESIN,9992.0,34.0,,,,,10008.0,34.0,,,,,10000.0,0.0
2,52200,RAINFOREST_RESIN,9992.0,27.0,,,,,10008.0,27.0,,,,,10000.0,0.0
2,52300,RAINFOREST_RESIN,9997.0,3.0,9992.0,30.0,,,10008.0,30.0,,,,,10002.5,0.0
2,52400,RAINFOREST_RESIN,10002.0,3.0,9992.0,25.0,,,10008.0,25.0,,,,,10005.0,0.0
2,52500,RAINFOREST_RESIN,10002.0,5.0,9992.0,26.0,,,10008.0,26.0,,,,,10005.0,0.0
2,52600,RAINFOREST_RESIN,9992.0,26.0,,,,,10008.0,26.0,,,,,10000.0,0.0
2,52700,RAINFOREST_RESIN,9992.0,26.0,,,,,10008.0,26.0,,,,,10000.0,0.0
2,52800,RAINFOREST_RESIN,9992.0,34.0,,,,,9999.0,1.0,10008.0,34.0,,,9995.5,0.0
2,52900,RAINFOREST_RESIN,9992.0,29.0,,,,,10008.0,29.0,,,,,10000.0,0.0
2,53000,RAINFOREST_RESIN,10001.0,1.0,9992.0,32.0,,,10008.0,32.0,,,,,10004.5,0.0
2,53100,RAINFOREST_RESIN,9992.0,32.0,,,,,10008.0,32.0,,,,,10000.0,0.0
2,53200,RAINFOREST_RESIN,9992.0,25.0,,,,,10008.0,25.0,,,,,10000.0,0.0
2,53300,RAINFOREST_RESIN,9992.0,26.0,,,,,10008.0,26.0,,,,,10000.0,0.0
2,53400,RAINFOREST_RESIN,9992.0,26.0,,,,,10008.0,26.0,,,,,10000.0,0.0
2,53500,RAINFOREST_RESIN,9992.0,32.0,,,,,10008.0,32.0,,,,,10000.0,0.0
2,53600,RAINFOREST_RESIN,9997.0,3.0,9992.0,30.0,,,10008.0,30.0,,,,,10002.5,0.0
2,53700,RAINFOREST_RESIN,9992.0,34.0,,,,,10008.0,34.0,,,,,10000.0,0.0
2,53800,RAINFOREST_RESIN,9992.0,32.0,,,,,10008.0,32.0,,,,,10000.0,0.0
2,53900,RAINFOREST_RESIN,9992.0,30.0,,,,,10008.0,30.0,,,,,10000.0,0.0
2,54000,RAINFOREST_RESIN,9992.0,27.0,,,,,10008.0,27.0,,,,,10000.0,0.0
2,54100,RAINFOREST_RESIN,9992.0,34.0,,,,,10008.0,34.0,,,,,10000.0,0.0
2,54200,RAINFOREST_RESIN,9992.0,28.0,,,,,10008.0,28.0,,,,,10000.0,0.0
2,54300,RAINFOREST_RESIN,9992.0,28.0,,,,,10008.0,28.0,,,,,10000.0,0.0
2,54400,RAINFOREST_RESIN,9992.0,30.0,,,,,10008.0,30.0,,,,,10000.0,0.0
2,54500,RAINFOREST_RESIN,10002.0,5.0,9992.0,25.0,,,10003.0,7.0,10008.0,25.0,,,10002.5,0.0
2,54600,RAINFOREST_RESIN,10000.0,3.0,9992.0,32.0,,,10008.0,32.0,,,,,10004.0,0.0
2,54700,RAINFOREST_RESIN,9992.0,34.0,,,,,10003.0,6.0,10008.0,34.0,,,9997.5,0.0
2,54800,RAINFOREST_RESIN,9992.0,29.0,,,,,10008.0,29.0,,,,,10000.0,0.0
2,54900,RAINFOREST_RESIN,9992.0,35.0,,,,,10008.0,35.0,,,,,10000.0,0.0
2,55000,RAINFOREST_RESIN,10000.0,4.0,9992.0,27.0,,,10008.0,27.0,,,,,10004.0,0.0
2,55100,RAINFOREST_RESIN,9992.0,32.0,,,,,9998.0,3.0,10008.0,32.0,,,9995.0,0.0
2,55200,RAINFOREST_RESIN,9992.0,29.0,,,,,10008.0,29.0,,,,,10000.0,0.0
2,55300,RAINFOREST_RESIN,10002.0,3.0,9992.0,32.0,,,10008.0,32.0,,,,,10005.0,0.0
2,55400,RAINFOREST_RESIN,9992.0,27.0,,,,,10008.0,27.0,,,,,10000.0,0.0
2,55500,RAINFOREST_RESIN,9992.0,30.0,,,,,10008.0,30.0,,,,,10000.0,0.0
2,55600,RAINFOREST_RESIN,9997.0,8.0,9992.0,29.0,,,10008.0,29.0,,,,,10002.5,0.0
2,55700,RAINFOREST_RESIN,9992.0,34.0,,,,,10008.0,34.0,,,,,10000.0,0.0
2,55800,RAINFOREST_RESIN,9992.0,29.0,,,,,10008.0,29.0,,,,,10000.0,0.0
2,55900,RAINFOREST_RESIN,9992.0,27.0,,,,,10008.0,27.0,,,,,10000.0,0.0
2,56000,RAINFOREST_RESIN,9992.0,28.0,,,,,10008.0,28.0,,,,,10000.0,0.0
2,56100,RAINFOREST_RESIN,9992.0,28.0,,,,,10003.0,5.0,10008.0,28.0,,,9997.5,0.0
2,56200,RAINFOREST_RESIN,9992.0,25.0,,,,,9999.0,1.0,10008.0,25.0,,,9995.5,0.0
2,56300,RAINFOREST_RESIN,9992.0,34.0,,,,,10008.0,34.0,,,,,10000.0,0.0
2,56400,RAINFOREST_RESIN,9992.0,25.0,,,,,10008.0,25.0,,,,,10000.0,0.0
2,56500,RAINFOREST_RESIN,9992.0,29.0,,,,,10008.0,29.0,,,,,10000.0,0.0
2,56600,RAINFOREST_RESIN,9992.0,33.0,,,,,10008.0,33.0,,,,,10000.0,0.0
2,56700,RAINFOREST_RESIN,10000.0,3.0,9992.0,25.0,,,10008.0,25.0,,,,,10004.0,0.0
2,56800,RAINFOREST_RESIN,9992.0,34.0,,,,,10008.0,34.0,,,,,10000.0,0.0
2,56900,RAINFOREST_RESIN,9992.0,33.0,,,,,10008.0,33.0,,,,,10000.0,0.0
2,57000,RAINFOREST_RESIN,9992.0,32.0,,,,,9999.0,1.0,10008.0,32.0,,,9995.5,0.0
2,57100,RAINFOREST_RESIN,9992.0,31.0,,,,,9997.0,6.0,10008.0,31.0,,,9994.5,0.0
2,57200,RAINFOREST_RESIN,10002.0,3.0,9992.0,29.0,,,10008.0,29.0,,,,,10005.0,0.0
2,57300,RAINFOREST_RESIN,9992.0,26.0,,,,,10008.0,26.0,,,,,10000.0,0.0
2,57400,RAINFOREST_RESIN,9992.0,33.0,,,,,10008.0,33.0,,,,,10000.0,0.0
2,57500,RAINFOREST_RESIN,9992.0,27.0,,,,,10008.0,27.0,,,,,10000.0,0.0
2,57600,RAINFOREST_RESIN,9992.0,34.0,,,,,9998.0,4.0,10008.0,34.0,,,9995.0,0.0
2,57700,RAINFOREST_RESIN,9992.0,32.0,,,,,9999.0,1.0,10008.0,32.0,,,9995.5,0.0
2,57800,RAINFOREST_RESIN,9992.0,33.0,,,,,10008.0,33.0,,,,,10000.0,0.0
2,57900,RAINFOREST_RESIN,9992.0,26.0,,,,,10008.0,26.0,,,,,10000.0,0.0
2,58000,RAINFOREST_RESIN,9992.0,30.0,,,,,10008.0,30.0,,,,,10000.0,0.0
2,58100,RAINFOREST_RESIN,9992.0,28.0,,,,,10008.0,28.0,,,,,10000.0,0.0
2,58200,RAINFOREST_RESIN,9992.0,32.0,,,,,10008.0,32.0,,,,,10000.0,0.0
2,58300,RAINFOREST_RESIN,9992.0,35.0,,,,,10008.0,35.0,,,,,10000.0,0.0
2,58400,RAINFOREST_RESIN,9992.0,31.0,,,,,10008.0,31.0,,,,,10000.0,0.0
2,58500,RAINFOREST_RESIN,9992.0,26.0,,,,,10008.0,26.0,,,,,10000.0,0.0
2,58600,RAINFOREST_RESIN,9992.0,25.0,,,,,10008.0,25.0,,,,,10000.0,0.0
2,58700,RAINFOREST_RESIN,9992.0,27.0,,,,,10008.0,27.0,,,,,10000.0,0.0
2,58800,RAINFOREST_RESIN,9992.0,33.0,,,,,10008.0,33.0,,,,,10000.0,0.0
2,58900,RAINFOREST_RESIN,9992.0,28.0,,,,,10008.0,28.0,,,,,10000.0,0.0
2,59000,RAINFOREST_RESIN,9992.0,35.0,,,,,10008.0,35.0,,,,,10000.0,0.0
2,59100,RAINFOREST_RESIN,9992.0,32.0,,,,,10008.0,32.0,,,,,10000.0,0.0
2,59200,RAINFOREST_RESIN,9992.0,25.0,,,,,10003.0,4.0,10008.0,25.0,,,9997.5,0.0
2,59300,RAINFOREST_RESIN,9992.0,31.0,,,,,10008.0,31.0,,,,,10000.0,0.0
2,59400,RAINFOREST_RESIN,9992.0,30.0,,,,,10008.0,30.0,,,,,10000.0,0.0
2,59500,RAINFOREST_RESIN,9992.0,27.0,,,,,10008.0,27.0,,,,,10000.0,0.0
2,59600,RAINFOREST_RESIN,9992.0,25.0,,,,,10008.0,25.0,,,,,10000.0,0.0
2,59700,RAINFOREST_RESIN,9992.0,29.0,,,,,10008.0,29.0,,,,,10000.0,0.0
2,59800,RAINFOREST_RESIN,9992.0,27.0,,,,,10008.0,27.0,,,,,10000.0,0.0
2,59900,RAINFOREST_RESIN,10001.0,1.0,9992.0,31.0,,,10008.0,31.0,,,,,10004.5,0.0
2,60000,RAINFOREST_RESIN,9992.0,34.0,,,,,10000.0,3.0,10008.0,34.0,,,9996.0,0.0
2,60100,RAINFOREST_RESIN,9992.0,29.0,,,,,10008.0,29.0,,,,,10000.0,0.0
2,60200,RAINFOREST_RESIN,9992.0,27.0,,,,,10008.0,27.0,,,,,10000.0,0.0
2,60300,RAINFOREST_RESIN,10003.0,12.0,9992.0,31.0,,,10008.0,31.0,,,,,10005.5,0.0
2,60400,RAINFOREST_RESIN,9992.0,31.0,,,,,10008.0,31.0,,,,,10000.0,0.0
2,60500,RAINFOREST_RESIN,9992.0,33.0,,,,,10008.0,33.0,,,,,10000.0,0.0
2,60600,RAINFOREST_RESIN,9992.0,29.0,,,,,10008.0,29.0,,,,,10000.0,0.0
2,60700,RAINFOREST_RESIN,9992.0,26.0,,,,,10008.0,26.0,,,,,10000.0,0.0
2,60800,RAINFOREST_RESIN,9992.0,30.0,,,,,10008.0,30.0,,,,,10000.0,0.0
2,60900,RAINFOREST_RESIN,9992.0,33.0,,,,,10008.0,33.0,,,,,10000.0,0.0
2,61000,RAINFOREST_RESIN,9992.0,33.0,,,,,10008.0,33.0,,,,,10000.0,0.0
2,61100,RAINFOREST_RESIN,9992.0,32.0,,,,,10008.0,32.0,,,,,10000.0,0.0
2,61200,RAINFOREST_RESIN,9992.0,26.0,,,,,10008.0,26.0,,,,,10000.0,0.0
2,61300,RAINFOREST_RESIN,9992.0,26.0,,,,,10008.0,26.0,,,,,10000.0,0.0
2,61400,RAINFOREST_RESIN,9992.0,30.0,,,,,10008.0,30.0,,,,,10000.0,0.0
2,61500,RAINFOREST_RESIN,9992.0,35.0,,,,,10008.0,35.0,,,,,10000.0,0.0
2,61600,RAINFOREST_RESIN,9992.0,25.0,,,,,10003.0,6.0,10008.0,25.0,,,9997.5,0.0
2,61700,RAINFOREST_RESIN,9992.0,29.0,,,,,10008.0,29.0,,,,,10000.0,0.0
2,61800,RAINFOREST_RESIN,9992.0,35.0,,,,,10008.0,35.0,,,,,10000.0,0.0
2,61900,RAINFOREST_RESIN,9992.0,29.0,,,,,10008.0,29.0,,,,,10000.0,0.0
2,62000,RAINFOREST_RESIN,9997.0,8.0,9992.0,32.0,,,10008.0,32.0,,,,,10002.5,0.0
2,62100,RAINFOREST_RESIN,9992.0,28.0,,,,,10008.0,28.0,,,,,10000.0,0.0
2,62200,RAINFOREST_RESIN,9992.0,28.0,,,,,10008.0,28.0,,,,,10000.0,0.0
2,62300,RAINFOREST_RESIN,9992.0,35.0,,,,,10008.0,35.0,,,,,10000.0,0.0
2,62400,RAINFOREST_RESIN,9992.0,27.0,,,,,10008.0,27.0,,,,,10000.0,0.0
2,62500,RAINFOREST_RESIN,9992.0,32.0,,,,,10008.0,32.0,,,,,10000.0,0.0
2,62600,RAINFOREST_RESIN,9992.0,35.0,,,,,10008.0,35.0,,,,,10000.0,0.0
2,62700,RAINFOREST_RESIN,9997.0,5.0,9992.0,32.0,,,10008.0,32.0,,,,,10002.5,0.0
2,62800,RAINFOREST_RESIN,9992.0,27.0,,,,,10008.0,27.0,,,,,10000.0,0.0
2,62900,RAINFOREST_RESIN,9992.0,25.0,,,,,10008.0,25.0,,,,,10000.0,0.0
2,63000,RAINFOREST_RESIN,9992.0,28.0,,,,,10008.0,28.0,,,,,10000.0,0.0
2,63100,RAINFOREST_RESIN,9997.0,7.0,9992.0,27.0,,,10008.0,27.0,,,,,10002.5,0.0
2,63200,RAINFOREST_RESIN,9992.0,33.0,,,,,10008.0,33.0,,,,,10000.0,0.0
2,63300,RAINFOREST_RESIN,9992.0,31.0,,,,,10008.0,31.0,,,,,10000.0,0.0
2,63400,RAINFOREST_RESIN,9992.0,26.0,,,,,10008.0,26.0,,,,,10000.0,0.0
2,63500,RAINFOREST_RESIN,9992.0,27.0,,,,,10008.0,27.0,,,,,10000.0,0.0
2,63600,RAINFOREST_RESIN,10001.0,1.0,9992.0,25.0,,,10008.0,25.0,,,,,10004.5,0.0
2,63700,RAINFOREST_RESIN,9992.0,33.0,,,,,10008.0,33.0,,,,,10000.0,0.0
2,63800,RAINFOREST_RESIN,9992.0,25.0,,,,,9999.0,1.0,10008.0,25.0,,,9995.5,0.0
2,63900,RAINFOREST_RESIN,9997.0,6.0,9992.0,28.0,,,10000.0,3.0,10008.0,28.0,,,9998.5,0.0
2,64000,RAINFOREST_RESIN,9992.0,25.0,,,,,10008.0,25.0,,,,,10000.0,0.0
2,64100,RAINFOREST_RESIN,10001.0,1.0,9992.0,30.0,,,10008.0,30.0,,,,,10004.5,0.0
2,64200,RAINFOREST_RESIN,9992.0,30.0,,,,,10008.0,30.0,,,,,10000.0,0.0
2,64300,RAINFOREST_RESIN,9992.0,33.0,,,,,10008.0,33.0,,,,,10000.0,0.0
2,64400,RAINFOREST_RESIN,9992.0,33.0,,,,,10008.0,33.0,,,,,10000.0,0.0
2,64500,RAINFOREST_RESIN,10001.0,1.0,9997.0,3.0,9992.0,28.0,10008.0,28.0,,,,,10004.5,0.0
2,64600,RAINFOREST_RESIN,9992.0,25.0,,,,,10008.0,25.0,,,,,10000.0,0.0
2,64700,RAINFOREST_RESIN,9992.0,35.0,,,,,10008.0,35.0,,,,,10000.0,0.0
2,64800,RAINFOREST_RESIN,9992.0,35.0,,,,,9999.0,1.0,10008.0,35.0,,,9995.5,0.0
2,64900,RAINFOREST_RESIN,9992.0,30.0,,,,,10003.0,4.0,10008.0,30.0,,,9997.5,0.0
2,65000,RAINFOREST_RESIN,9992.0,31.0,,,,,10008.0,31.0,,,,,10000.0,0.0
2,65100,RAINFOREST_RESIN,9992.0,28.0,,,,,10003.0,5.0,10008.0,28.0,,,9997.5,0.0
2,65200,RAINFOREST_RESIN,9992.0,26.0,,,,,10008.0,26.0,,,,,10000.0,0.0
2,65300,RAINFOREST_RESIN,9992.0,35.0,,,,,10008.0,35.0,,,,,10000.0,0.0
2,65400,RAINFOREST_RESIN,9992.0,27.0,,,,,10008.0,27.0,,,,,10000.0,0.0
2,65500,RAINFOREST_RESIN,9992.0,27.0,,,,,10008.0,27.0,,,,,10000.0,0.0
2,65600,RAINFOREST_RESIN,9992.0,27.0,,,,,10008.0,27.0,,,,,10000.0,0.0
2,65700,RAINFOREST_RESIN,9992.0,29.0,,,,,9997.0,8.0,10008.0,29.0,,,9994.5,0.0
2,65800,RAINFOREST_RESIN,9992.0,28.0,,,,,10008.0,28.0,,,,,10000.0,0.0
2,65900,RAINFOREST_RESIN,9992.0,25.0,,,,,10003.0,4.0,10008.0,25.0,,,9997.5,0.0
2,66000,RAINFOREST_RESIN,9992.0,25.0,,,,,10008.0,25.0,,,,,10000.0,0.0
2,66100,RAINFOREST_RESIN,9992.0,32.0,,,,,10008.0,32.0,,,,,10000.0,0.0
2,66200,RAINFOREST_RESIN,9992.0,27.0,,,,,10003.0,3.0,10008.0,27.0,,,9997.5,0.0
2,66300,RAINFOREST_RESIN,10001.0,1.0,9992.0,31.0,,,10008.0,31.0,,,,,10004.5,0.0
2,66400,RAINFOREST_RESIN,9992.0,28.0,,,,,10008.0,28.0,,,,,10000.0,0.0
2,66500,RAINFOREST_RESIN,9992.0,29.0,,,,,10008.0,29.0,,,,,10000.0,0.0
2,66600,RAINFOREST_RESIN,9992.0,34.0,,,,,10003.0,6.0,10008.0,34.0,,,9997.5,0.0
2,66700,RAINFOREST_RESIN,9997.0,8.0,9992.0,33.0,,,10008.0,33.0,,,,,10002.5,0.0
2,66800,RAINFOREST_RESIN,9992.0,28.0,,,,,10008.0,28.0,,,,,10000.0,0.0
2,66900,RAINFOREST_RESIN,9992.0,33.0,,,,,10008.0,33.0,,,,,10000.0,0.0
2,67000,RAINFOREST_RESIN,9992.0,26.0,,,,,10008.0,26.0,,,,,10000.0,0.0
2,67100,RAINFOREST_RESIN,9992.0,32.0,,,,,9998.0,4.0,10008.0,32.0,,,9995.0,0.0
2,67200,RAINFOREST_RESIN,9997.0,2.0,9992.0,28.0,,,9999.0,1.0,10008.0,28.0,,,9998.0,0.0
2,67300,RAINFOREST_RESIN,9992.0,27.0,,,,,10008.0,27.0,,,,,10000.0,0.0
2,67400,RAINFOREST_RESIN,9997.0,8.0,9992.0,31.0,,,10008.0,31.0,,,,,10002.5,0.0
2,67500,RAINFOREST_RESIN,9992.0,29.0,,,,,10008.0,29.0,,,,,10000.0,0.0
2,67600,RAINFOREST_RESIN,10000.0,2.0,9992.0,25.0,,,10008.0,25.0,,,,,10004.0,0.0
2,67700,RAINFOREST_RESIN,9992.0,32.0,,,,,10008.0,32.0,,,,,10000.0,0.0
2,67800,RAINFOREST_RESIN,9992.0,26.0,,,,,10008.0,26.0,,,,,10000.0,0.0
2,67900,RAINFOREST_RESIN,9992.0,31.0,,,,,10008.0,31.0,,,,,10000.0,0.0
2,68000,RAINFOREST_RESIN,10001.0,1.0,9992.0,34.0,,,10008.0,34.0,,,,,10004.5,0.0
2,68100,RAINFOREST_RESIN,10001.0,1.0,9992.0,29.0,,,10008.0,29.0,,,,,10004.5,0.0
2,68200,RAINFOREST_RESIN,9992.0,29.0,,,,,10008.0,29.0,,,,,10000.0,0.0
2,68300,RAINFOREST_RESIN,9992.0,31.0,,,,,9998.0,4.0,10008.0,31.0,,,9995.0,0.0
2,68400,RAINFOREST_RESIN,9992.0,35.0,,,,,10008.0,35.0,,,,,10000.0,0.0
2,68500,RAINFOREST_RESIN,9992.0,28.0,,,,,10008.0,28.0,,,,,10000.0,0.0
2,68600,RAINFOREST_RESIN,9992.0,28.0,,,,,10008.0,28.0,,,,,10000.0,0.0
2,68700,RAINFOREST_RESIN,9992.0,33.0,,,,,10008.0,33.0,,,,,10000.0,0.0
2,68800,RAINFOREST_RESIN,9992.0,27.0,,,,,10008.0,27.0,,,,,10000.0,0.0
2,68900,RAINFOREST_RESIN,10003.0,6.0,9992.0,31.0,,,10008.0,31.0,,,,,10005.5,0.0
2,69000,RAINFOREST_RESIN,9992.0,25.0,,,,,10008.0,25.0,,,,,10000.0,0.0
2,69100,RAINFOREST_RESIN,9992.0,26.0,,,,,10008.0,26.0,,,,,10000.0,0.0
2,69200,RAINFOREST_RESIN,9997.0,5.0,9992.0,27.0,,,10008.0,27.0,,,,,10002.5,0.0
2,69300,RAINFOREST_RESIN,9992.0,28.0,,,,,10008.0,28.0,,,,,10000.0,0.0
2,69400,RAINFOREST_RESIN,9992.0,28.0,,,,,10008.0,28.0,,,,,10000.0,0.0
2,69500,RAINFOREST_RESIN,9992.0,25.0,,,,,9999.0,1.0,10008.0,25.0,,,9995.5,0.0
2,69600,RAINFOREST_RESIN,9992.0,29.0,,,,,10008.0,29.0,,,,,10000.0,0.0
2,69700,RAINFOREST_RESIN,9992.0,29.0,,,,,10008.0,29.0,,,,,10000.0,0.0
2,69800,RAINFOREST_RESIN,9992.0,27.0,,,,,10008.0,27.0,,,,,10000.0,0.0
2,69900,RAINFOREST_RESIN,9992.0,28.0,,,,,10008.0,28.0,,,,,10000.0,0.0
2,70000,RAINFOREST_RESIN,9992.0,28.0,,,,,9998.0,5.0,10003.0,2.0,10008.0,28.0,9995.0,0.0
2,70100,RAINFOREST_RESIN,9992.0,35.0,,,,,10008.0,35.0,,,,,10000.0,0.0
2,70200,RAINFOREST_RESIN,9992.0,33.0,,,,,10008.0,33.0,,,,,10000.0,0.0
2,70300,RAINFOREST_RESIN,9992.0,29.0,,,,,10008.0,29.0,,,,,10000.0,0.0
2,70400,RAINFOREST_RESIN,9992.0,26.0,,,,,10008.0,26.0,,,,,10000.0,0.0
2,70500,RAINFOREST_RESIN,9992.0,33.0,,,,,10008.0,33.0,,,,,10000.0,0.0
2,70600,RAINFOREST_RESIN,9992.0,26.0,,,,,9998.0,3.0,10008.0,26.0,,,9995.0,0.0
2,70700,RAINFOREST_RESIN,9992.0,35.0,,,,,9999.0,1.0,10008.0,35.0,,,9995.5,0.0
2,70800,RAINFOREST_RESIN,9992.0,26.0,,,,,10008.0,26.0,,,,,10000.0,0.0
2,70900,RAINFOREST_RESIN,9992.0,30.0,,,,,10008.0,30.0,,,,,10000.0,0.0
2,71000,RAINFOREST_RESIN,9992.0,35.0,,,,,10008.0,35.0,,,,,10000.0,0.0
2,71100,RAINFOREST_RESIN,9992.0,26.0,,,,,10008.0,26.0,,,,,10000.0,0.0
2,71200,RAINFOREST_RESIN,9997.0,2.0,9992.0,30.0,,,10008.0,30.0,,,,,10002.5,0.0
2,71300,RAINFOREST_RESIN,9992.0,35.0,,,,,9998.0,5.0,10008.0,35.0,,,9995.0,0.0
2,71400,RAINFOREST_RESIN,9992.0,27.0,,,,,10008.0,27.0,,,,,10000.0,0.0
2,71500,RAINFOREST_RESIN,9992.0,25.0,,,,,10008.0,25.0,,,,,10000.0,0.0
2,71600,RAINFOREST_RESIN,9992.0,29.0,,,,,10008.0,29.0,,,,,10000.0,0.0
2,71700,RAINFOREST_RESIN,9992.0,31.0,,,,,10008.0,31.0,,,,,10000.0,0.0
2,71800,RAINFOREST_RESIN,10001.0,1.0,9992.0,25.0,,,10003.0,2.0,10008.0,25.0,,,10002.0,0.0
2,71900,RAINFOREST_RESIN,9992.0,26.0,,,,,10008.0,26.0,,,,,10000.0,0.0
2,72000,RAINFOREST_RESIN,9992.0,28.0,,,,,10008.0,28.0,,,,,10000.0,0.0
2,72100,RAINFOREST_RESIN,9992.0,26.0,,,,,10008.0,26.0,,,,,10000.0,0.0
2,72200,RAINFOREST_RESIN,9992.0,27.0,,,,,10008.0,27.0,,,,,10000.0,0.0
2,72300,RAINFOREST_RESIN,9992.0,31.0,,,,,10008.0,31.0,,,,,10000.0,0.0
2,72400,RAINFOREST_RESIN,9992.0,30.0,,,,,10008.0,30.0,,,,,10000.0,0.0
2,72500,RAINFOREST_RESIN,10001.0,1.0,9992.0,25.0,,,10008.0,25.0,,,,,10004.5,0.0
2,72600,RAINFOREST_RESIN,9992.0,32.0,,,,,10008.0,32.0,,,,,10000.0,0.0
2,72700,RAINFOREST_RESIN,9992.0,30.0,,,,,10008.0,30.0,,,,,10000.0,0.0
2,72800,RAINFOREST_RESIN,9992.0,28.0,,,,,10008.0,28.0,,,,,10000.0,0.0
2,72900,RAINFOREST_RESIN,9997.0,3.0,9992.0,35.0,,,10008.0,35.0,,,,,10002.5,0.0
2,73000,RAINFOREST_RESIN,9992.0,27.0,,,,,10000.0,3.0,10008.0,27.0,,,9996.0,0.0
2,73100,RAINFOREST_RESIN,9992.0,32.0,,,,,10008.0,32.0,,,,,10000.0,0.0
2,73200,RAINFOREST_RESIN,9992.0,31.0,,,,,10008.0,31.0,,,,,10000.0,0.0
2,73300,RAINFOREST_RESIN,9992.0,27.0,,,,,10008.0,27.0,,,,,10000.0,0.0
2,73400,RAINFOREST_RESIN,9992.0,35.0,,,,,10008.0,35.0,,,,,10000.0,0.0
2,73500,RAINFOREST_RESIN,9992.0,35.0,,,,,10008.0,35.0,,,,,10000.0,0.0
2,73600,RAINFOREST_RESIN,10001.0,1.0,9992.0,33.0,,,10008.0,33.0,,,,,10004.5,0.0
2,73700,RAINFOREST_RESIN,10002.0,3.0,9992.0,34.0,,,10008.0,34.0,,,,,10005.0,0.0
2,73800,RAINFOREST_RESIN,9992.0,32.0,,,,,10008.0,32.0,,,,,10000.0,0.0
2,73900,RAINFOREST_RESIN,9992.0,35.0,,,,,9999.0,1.0,10008.0,35.0,,,9995.5,0.0
2,74000,RAINFOREST_RESIN,9992.0,35.0,,,,,10008.0,35.0,,,,,10000.0,0.0
2,74100,RAINFOREST_RESIN,9992.0,25.0,,,,,10008.0,25.0,,,,,10000.0,0.0
2,74200,RAINFOREST_RESIN,9992.0,33.0,,,,,10008.0,33.0,,,,,10000.0,0.0
2,74300,RAINFOREST_RESIN,9992.0,31.0,,,,,10008.0,31.0,,,,,10000.0,0.0
2,74400,RAINFOREST_RESIN,9992.0,32.0,,,,,10008.0,32.0,,,,,10000.0,0.0
2,74500,RAINFOREST_RESIN,9992.0,27.0,,,,,10008.0,27.0,,,,,10000.0,0.0
2,74600,RAINFOREST_RESIN,9992.0,31.0,,,,,10008.0,31.0,,,,,10000.0,0.0
2,74700,RAINFOREST_RESIN,9992.0,29.0,,,,,10008.0,29.0,,,,,10000.0,0.0
2,74800,RAINFOREST_RESIN,10001.0,1.0,9992.0,35.0,,,10008.0,35.0,,,,,10004.5,0.0
2,74900,RAINFOREST_RESIN,9992.0,31.0,,,,,10008.0,31.0,,,,,10000.0,0.0
2,75000,RAINFOREST_RESIN,9992.0,29.0,,,,,10008.0,29.0,,,,,10000.0,0.0
2,75100,RAINFOREST_RESIN,9992.0,34.0,,,,,10008.0,34.0,,,,,10000.0,0.0
2,75200,RAINFOREST_RESIN,9992.0,26.0,,,,,10008.0,26.0,,,,,10000.0,0.0
2,75300,RAINFOREST_RESIN,9992.0,29.0,,,,,10008.0,29.0,,,,,10000.0,0.0
2,75400,RAINFOREST_RESIN,9992.0,29.0,,,,,10008.0,29.0,,,,,10000.0,0.0
2,75500,RAINFOREST_RESIN,9992.0,30.0,,,,,10008.0,30.0,,,,,10000.0,0.0
2,75600,RAINFOREST_RESIN,9992.0,27.0,,,,,10008.0,27.0,,,,,10000.0,0.0
2,75700,RAINFOREST_RESIN,9992.0,28.0,,,,,10008.0,28.0,,,,,10000.0,0.0
2,75800,RAINFOREST_RESIN,9992.0,32.0,,,,,10003.0,5.0,10008.0,32.0,,,9997.5,0.0
2,75900,RAINFOREST_RESIN,9992.0,31.0,,,,,10008.0,31.0,,,,,10000.0,0.0
2,76000,RAINFOREST_RESIN,9992.0,35.0,,,,,10008.0,35.0,,,,,10000.0,0.0
2,76100,RAINFOREST_RESIN,9992.0,34.0,,,,,10008.0,34.0,,,,,10000.0,0.0
2,76200,RAINFOREST_RESIN,9992.0,30.0,,,,,10008.0,30.0,,,,,10000.0,0.0
2,76300,RAINFOREST_RESIN,9997.0,6.0,9992.0,35.0,,,10008.0,35.0,,,,,10002.5,0.0
2,76400,RAINFOREST_RESIN,9992.0,31.0,,,,,10003.0,5.0,10008.0,31.0,,,9997.5,0.0
2,76500,RAINFOREST_RESIN,9992.0,30.0,,,,,10008.0,30.0,,,,,10000.0,0.0
2,76600,RAINFOREST_RESIN,9992.0,30.0,,,,,10008.0,30.0,,,,,10000.0,0.0
2,76700,RAINFOREST_RESIN,10002.0,4.0,9992.0,27.0,,,10008.0,27.0,,,,,10005.0,0.0
2,76800,RAINFOREST_RESIN,9992.0,30.0,,,,,10008.0,30.0,,,,,10000.0,0.0
2,76900,RAINFOREST_RESIN,9992.0,32.0,,,,,10008.0,32.0,,,,,10000.0,0.0
2,77000,RAINFOREST_RESIN,9992.0,35.0,,,,,10008.0,35.0,,,,,10000.0,0.0
2,77100,RAINFOREST_RESIN,9997.0,7.0,9992.0,32.0,,,10008.0,32.0,,,,,10002.5,0.0
2,77200,RAINFOREST_RESIN,9992.0,31.0,,,,,10008.0,31.0,,,,,10000.0,0.0
2,77300,RAINFOREST_RESIN,9992.0,34.0,,,,,10008.0,34.0,,,,,10000.0,0.0
2,77400,RAINFOREST_RESIN,9992.0,28.0,,,,,10008.0,28.0,,,,,10000.0,0.0
2,77500,RAINFOREST_RESIN,9992.0,27.0,,,,,9999.0,1.0,10008.0,27.0,,,9995.5,0.0
2,77600,RAINFOREST_RESIN,9992.0,32.0,,,,,10008.0,32.0,,,,,10000.0,0.0
2,77700,RAINFOREST_RESIN,9992.0,30.0,,,,,10003.0,2.0,10008.0,30.0,,,9997.5,0.0
2,77800,RAINFOREST_RESIN,10000.0,1.0,9997.0,3.0,9992.0,28.0,10008.0,28.0,,,,,10004.0,0.0
2,77900,RAINFOREST_RESIN,9992.0,32.0,,,,,10008.0,32.0,,,,,10000.0,0.0
2,78000,RAINFOREST_RESIN,9992.0,30.0,,,,,10008.0,30.0,,,,,10000.0,0.0
2,78100,RAINFOREST_RESIN,9997.0,3.0,9992.0,34.0,,,10008.0,34.0,,,,,10002.5,0.0
2,78200,RAINFOREST_RESIN,9992.0,27.0,,,,,10008.0,27.0,,,,,10000.0,0.0
2,78300,RAINFOREST_RESIN,9992.0,34.0,,,,,10008.0,34.0,,,,,10000.0,0.0
2,78400,RAINFOREST_RESIN,9992.0,25.0,,,,,10008.0,25.0,,,,,10000.0,0.0
2,78500,RAINFOREST_RESIN,9992.0,31.0,,,,,10008.0,31.0,,,,,10000.0,0.0
2,78600,RAINFOREST_RESIN,9992.0,32.0,,,,,10008.0,32.0,,,,,10000.0,0.0
2,78700,RAINFOREST_RESIN,9992.0,26.0,,,,,10008.0,26.0,,,,,10000.0,0.0
2,78800,RAINFOREST_RESIN,9992.0,35.0,,,,,9999.0,1.0,10008.0,35.0,,,9995.5,0.0
2,78900,RAINFOREST_RESIN,9997.0,2.0,9992.0,25.0,,,10008.0,25.0,,,,,10002.5,0.0
2,79000,RAINFOREST_RESIN,9992.0,34.0,,,,,10008.0,34.0,,,,,10000.0,0.0
2,79100,RAINFOREST_RESIN,9992.0,33.0,,,,,10008.0,33.0,,,,,10000.0,0.0
2,79200,RAINFOREST_RESIN,9992.0,29.0,,,,,10008.0,29.0,,,,,10000.0,0.0
2,79300,RAINFOREST_RESIN,9992.0,26.0,,,,,10008.0,26.0,,,,,10000.0,0.0
2,79400,RAINFOREST_RESIN,9992.0,26.0,,,,,10008.0,26.0,,,,,10000.0,0.0
2,79500,RAINFOREST_RESIN,9992.0,26.0,,,,,10008.0,26.0,,,,,10000.0,0.0
2,79600,RAINFOREST_RESIN,9992.0,29.0,,,,,10008.0,29.0,,,,,10000.0,0.0
2,79700,RAINFOREST_RESIN,9992.0,34.0,,,,,10008.0,34.0,,,,,10000.0,0.0
2,79800,RAINFOREST_RESIN,9992.0,26.0,,,,,10008.0,26.0,,,,,10000.0,0.0
2,79900,RAINFOREST_RESIN,9992.0,30.0,,,,,10008.0,30.0,,,,,10000.0,0.0
2,80000,RAINFOREST_RESIN,9992.0,35.0,,,,,10008.0,35.0,,,,,10000.0,0.0
2,80100,RAINFOREST_RESIN,9992.0,25.0,,,,,10008.0,25.0,,,,,10000.0,0.0
2,80200,RAINFOREST_RESIN,9992.0,25.0,,,,,10008.0,25.0,,,,,10000.0,0.0
2,80300,RAINFOREST_RESIN,9992.0,26.0,,,,,10008.0,26.0,,,,,10000.0,0.0
2,80400,RAINFOREST_RESIN,9992.0,31.0,,,,,10008.0,31.0,,,,,10000.0,0.0
2,80500,RAINFOREST_RESIN,9997.0,3.0,9992.0,31.0,,,10008.0,31.0,,,,,10002.5,0.0
2,80600,RAINFOREST_RESIN,9992.0,31.0,,,,,10008.0,31.0,,,,,10000.0,0.0
2,80700,RAINFOREST_RESIN,10002.0,4.0,9992.0,28.0,,,10008.0,28.0,,,,,10005.0,0.0
2,80800,RAINFOREST_RESIN,9992.0,31.0,,,,,9999.0,1.0,10008.0,31.0,,,9995.5,0.0
2,80900,RAINFOREST_RESIN,9992.0,32.0,,,,,10008.0,32.0,,,,,10000.0,0.0
2,81000,RAINFOREST_RESIN,9992.0,34.0,,,,,10008.0,34.0,,,,,10000.0,0.0
2,81100,RAINFOREST_RESIN,9992.0,34.0,,,,,10008.0,34.0,,,,,10000.0,0.0
2,81200,RAINFOREST_RESIN,9992.0,30.0,,,,,10008.0,30.0,,,,,10000.0,0.0
2,81300,RAINFOREST_RESIN,9992.0,25.0,,,,,10008.0,25.0,,,,,10000.0,0.0
2,81400,RAINFOREST_RESIN,9992.0,35.0,,,,,10008.0,35.0,,,,,10000.0,0.0
2,81500,RAINFOREST_RESIN,10001.0,1.0,9992.0,25.0,,,10008.0,25.0,,,,,10004.5,0.0
2,81600,RAINFOREST_RESIN,9992.0,32.0,,,,,10003.0,3.0,10008.0,32.0,,,9997.5,0.0
2,81700,RAINFOREST_RESIN,9992.0,35.0,,,,,9998.0,3.0,10008.0,35.0,,,9995.0,0.0
2,81800,RAINFOREST_RESIN,9992.0,29.0,,,,,10008.0,29.0,,,,,10000.0,0.0
2,81900,RAINFOREST_RESIN,10001.0,1.0,9992.0,28.0,,,10008.0,28.0,,,,,10004.5,0.0
2,82000,RAINFOREST_RESIN,9992.0,34.0,,,,,10008.0,34.0,,,,,10000.0,0.0
2,82100,RAINFOREST_RESIN,9992.0,28.0,,,,,10008.0,28.0,,,,,10000.0,0.0
2,82200,RAINFOREST_RESIN,9992.0,25.0,,,,,10008.0,25.0,,,,,10000.0,0.0
2,82300,RAINFOREST_RESIN,10002.0,3.0,9992.0,33.0,,,10008.0,33.0,,,,,10005.0,0.0
2,82400,RAINFOREST_RESIN,9992.0,34.0,,,,,10008.0,34.0,,,,,10000.0,0.0
2,82500,RAINFOREST_RESIN,9992.0,27.0,,,,,10008.0,27.0,,,,,10000.0,0.0
2,82600,RAINFOREST_RESIN,9992.0,30.0,,,,,10008.0,30.0,,,,,10000.0,0.0
2,82700,RAINFOREST_RESIN,9992.0,26.0,,,,,10003.0,8.0,10008.0,26.0,,,9997.5,0.0
2,82800,RAINFOREST_RESIN,9992.0,32.0,,,,,10008.0,32.0,,,,,10000.0,0.0
2,82900,RAINFOREST_RESIN,9992.0,25.0,,,,,9998.0,3.0,10008.0,25.0,,,9995.0,0.0
2,83000,RAINFOREST_RESIN,9992.0,25.0,,,,,10008.0,25.0,,,,,10000.0,0.0
2,83100,RAINFOREST_RESIN,9992.0,28.0,,,,,10008.0,28.0,,,,,10000.0,0.0
2,83200,RAINFOREST_RESIN,9992.0,34.0,,,,,10008.0,34.0,,,,,10000.0,0.0
2,83300,RAINFOREST_RESIN,9992.0,32.0,,,,,10008.0,32.0,,,,,10000.0,0.0
2,83400,RAINFOREST_RESIN,9992.0,27.0,,,,,10008.0,27.0,,,,,10000.0,0.0
2,83500,RAINFOREST_RESIN,9997.0,8.0,9992.0,28.0,,,10008.0,28.0,,,,,10002.5,0.0
2,83600,RAINFOREST_RESIN,9992.0,34.0,,,,,10008.0,34.0,,,,,10000.0,0.0
2,83700,RAINFOREST_RESIN,9992.0,30.0,,,,,10008.0,30.0,,,,,10000.0,0.0
2,83800,RAINFOREST_RESIN,10001.0,1.0,9992.0,28.0,,,10008.0,28.0,,,,,10004.5,0.0
2,83900,RAINFOREST_RESIN,10001.0,1.0,9992.0,31.0,,,10008.0,31.0,,,,,10004.5,0.0
2,84000,RAINFOREST_RESIN,9992.0,34.0,,,,,10008.0,34.0,,,,,10000.0,0.0
2,84100,RAINFOREST_RESIN,9992.0,35.0,,,,,10008.0,35.0,,,,,10000.0,0.0
2,84200,RAINFOREST_RESIN,9992.0,26.0,,,,,10008.0,26.0,,,,,10000.0,0.0
2,84300,RAINFOREST_RESIN,9992.0,34.0,,,,,9999.0,1.0,10008.0,34.0,,,9995.5,0.0
2,84400,RAINFOREST_RESIN,9992.0,31.0,,,,,10008.0,31.0,,,,,10000.0,0.0
2,84500,RAINFOREST_RESIN,9992.0,30.0,,,,,10008.0,30.0,,,,,10000.0,0.0
2,84600,RAINFOREST_RESIN,9992.0,27.0,,,,,10008.0,27.0,,,,,10000.0,0.0
2,84700,RAINFOREST_RESIN,9992.0,32.0,,,,,10008.0,32.0,,,,,10000.0,0.0
2,84800,RAINFOREST_RESIN,9992.0,25.0,,,,,10008.0,25.0,,,,,10000.0,0.0
2,84900,RAINFOREST_RESIN,9992.0,34.0,,,,,10008.0,34.0,,,,,10000.0,0.0
2,85000,RAINFOREST_RESIN,9992.0,30.0,,,,,9998.0,4.0,10008.0,30.0,,,9995.0,0.0
2,85100,RAINFOREST_RESIN,9992.0,28.0,,,,,10008.0,28.0,,,,,10000.0,0.0
2,85200,RAINFOREST_RESIN,9992.0,35.0,,,,,10008.0,35.0,,,,,10000.0,0.0
2,85300,RAINFOREST_RESIN,9992.0,26.0,,,,,10008.0,26.0,,,,,10000.0,0.0
2,85400,RAINFOREST_RESIN,10001.0,1.0,9992.0,25.0,,,10008.0,25.0,,,,,10004.5,0.0
2,85500,RAINFOREST_RESIN,9992.0,32.0,,,,,10008.0,32.0,,,,,10000.0,0.0
2,85600,RAINFOREST_RESIN,9992.0,25.0,,,,,10008.0,25.0,,,,,10000.0,0.0
2,85700,RAINFOREST_RESIN,9992.0,30.0,,,,,10008.0,30.0,,,,,10000.0,0.0
2,85800,RAINFOREST_RESIN,9992.0,31.0,,,,,10008.0,31.0,,,,,10000.0,0.0
2,85900,RAINFOREST_RESIN,9992.0,32.0,,,,,10008.0,32.0,,,,,10000.0,0.0
2,86000,RAINFOREST_RESIN,9992.0,27.0,,,,,10008.0,27.0,,,,,10000.0,0.0
2,86100,RAINFOREST_RESIN,9992.0,27.0,,,,,9998.0,4.0,9999.0,1.0,10008.0,27.0,9995.0,0.0
2,86200,RAINFOREST_RESIN,9992.0,25.0,,,,,10008.0,25.0,,,,,10000.0,0.0
2,86300,RAINFOREST_RESIN,9992.0,30.0,,,,,10008.0,30.0,,,,,10000.0,0.0
2,86400,RAINFOREST_RESIN,9992.0,30.0,,,,,10008.0,30.0,,,,,10000.0,0.0
2,86500,RAINFOREST_RESIN,9992.0,32.0,,,,,10008.0,32.0,,,,,10000.0,0.0
2,86600,RAINFOREST_RESIN,9992.0,27.0,,,,,10008.0,27.0,,,,,10000.0,0.0
2,86700,RAINFOREST_RESIN,9992.0,31.0,,,,,10008.0,31.0,,,,,10000.0,0.0
2,86800,RAINFOREST_RESIN,9992.0,35.0,,,,,10008.0,35.0,,,,,10000.0,0.0
2,86900,RAINFOREST_RESIN,9992.0,28.0,,,,,10008.0,28.0,,,,,10000.0,0.0
2,87000,RAINFOREST_RESIN,9997.0,8.0,9992.0,34.0,,,10008.0,34.0,,,,,10002.5,0.0
2,87100,RAINFOREST_RESIN,10002.0,3.0,9992.0,29.0,,,10008.0,29.0,,,,,10005.0,0.0
2,87200,RAINFOREST_RESIN,9992.0,29.0,,,,,10008.0,29.0,,,,,10000.0,0.0
2,87300,RAINFOREST_RESIN,9992.0,31.0,,,,,10008.0,31.0,,,,,10000.0,0.0
2,87400,RAINFOREST_RESIN,9992.0,33.0,,,,,10008.0,33.0,,,,,10000.0,0.0
2,87500,RAINFOREST_RESIN,9992.0,26.0,,,,,10008.0,26.0,,,,,10000.0,0.0
2,87600,RAINFOREST_RESIN,10001.0,1.0,9992.0,27.0,,,10008.0,27.0,,,,,10004.5,0.0
2,87700,RAINFOREST_RESIN,9992.0,35.0,,,,,10008.0,35.0,,,,,10000.0,0.0
2,87800,RAINFOREST_RESIN,9992.0,28.0,,,,,10008.0,28.0,,,,,10000.0,0.0
2,87900,RAINFOREST_RESIN,9992.0,28.0,,,,,10008.0,28.0,,,,,10000.0,0.0
2,88000,RAINFOREST_RESIN,9992.0,31.0,,,,,10008.0,31.0,,,,,10000.0,0.0
2,88100,RAINFOREST_RESIN,9992.0,33.0,,,,,9999.0,1.0,10008.0,33.0,,,9995.5,0.0
2,88200,RAINFOREST_RESIN,9992.0,25.0,,,,,10003.0,3.0,10008.0,25.0,,,9997.5,0.0
2,88300,RAINFOREST_RESIN,9992.0,27.0,,,,,10008.0,27.0,,,,,10000.0,0.0
2,88400,RAINFOREST_RESIN,9992.0,31.0,,,,,9999.0,1.0,10008.0,31.0,,,9995.5,0.0
2,88500,RAINFOREST_RESIN,9992.0,29.0,,,,,10008.0,29.0,,,,,10000.0,0.0
2,88600,RAINFOREST_RESIN,9992.0,31.0,,,,,10008.0,31.0,,,,,10000.0,0.0
2,88700,RAINFOREST_RESIN,9992.0,28.0,,,,,10008.0,28.0,,,,,10000.0,0.0
2,88800,RAINFOREST_RESIN,9992.0,31.0,,,,,10008.0,31.0,,,,,10000.0,0.0
2,88900,RAINFOREST_RESIN,9992.0,35.0,,,,,10008.0,35.0,,,,,10000.0,0.0
2,89000,RAINFOREST_RESIN,9992.0,27.0,,,,,10008.0,27.0,,,,,10000.0,0.0
2,89100,RAINFOREST_RESIN,9992.0,33.0,,,,,9999.0,1.0,10008.0,33.0,,,9995.5,0.0
2,89200,RAINFOREST_RESIN,10001.0,1.0,9992.0,26.0,,,10003.0,6.0,10008.0,26.0,,,10002.0,0.0
2,89300,RAINFOREST_RESIN,10001.0,1.0,9992.0,31.0,,,10008.0,31.0,,,,,10004.5,0.0
2,89400,RAINFOREST_RESIN,9992.0,31.0,,,,,10008.0,31.0,,,,,10000.0,0.0
2,89500,RAINFOREST_RESIN,9992.0,32.0,,,,,10008.0,32.0,,,,,10000.0,0.0
2,89600,RAINFOREST_RESIN,9992.0,30.0,,,,,10008.0,30.0,,,,,10000.0,0.0
2,89700,RAINFOREST_RESIN,9992.0,33.0,,,,,10008.0,33.0,,,,,10000.0,0.0
2,89800,RAINFOREST_RESIN,9992.0,35.0,,,,,10008.0,35.0,,,,,10000.0,0.0
2,89900,RAINFOREST_RESIN,9992.0,30.0,,,,,10008.0,30.0,,,,,10000.0,0.0
2,90000,RAINFOREST_RESIN,10000.0,2.0,9992.0,27.0,,,10008.0,27.0,,,,,10004.0,0.0
2,90100,RAINFOREST_RESIN,9992.0,30.0,,,,,10008.0,30.0,,,,,10000.0,0.0
2,90200,RAINFOREST_RESIN,9992.0,27.0,,,,,10008.0,27.0,,,,,10000.0,0.0
2,90300,RAINFOREST_RESIN,9997.0,6.0,9992.0,31.0,,,10008.0,31.0,,,,,10002.5,0.0
2,90400,RAINFOREST_RESIN,9992.0,32.0,,,,,10008.0,32.0,,,,,10000.0,0.0
2,90500,RAINFOREST_RESIN,9992.0,27.0,,,,,10008.0,27.0,,,,,10000.0,0.0
2,90600,RAINFOREST_RESIN,9992.0,29.0,,,,,10008.0,29.0,,,,,10000.0,0.0
2,90700,RAINFOREST_RESIN,9992.0,30.0,,,,,10008.0,30.0,,,,,10000.0,0.0
2,90800,RAINFOREST_RESIN,9992.0,27.0,,,,,10008.0,27.0,,,,,10000.0,0.0
2,90900,RAINFOREST_RESIN,9992.0,31.0,,,,,10003.0,6.0,10008.0,31.0,,,9997.5,0.0
2,91000,RAINFOREST_RESIN,9992.0,32.0,,,,,10003.0,3.0,10008.0,32.0,,,9997.5,0.0
2,91100,RAINFOREST_RESIN,10001.0,1.0,9992.0,25.0,,,10008.0,25.0,,,,,10004.5,0.0
2,91200,RAINFOREST_RESIN,9992.0,33.0,,,,,10008.0,33.0,,,,,10000.0,0.0
2,91300,RAINFOREST_RESIN,9992.0,32.0,,,,,10008.0,32.0,,,,,10000.0,0.0
2,91400,RAINFOREST_RESIN,9992.0,33.0,,,,,10008.0,33.0,,,,,10000.0,0.0
2,91500,RAINFOREST_RESIN,9992.0,34.0,,,,,10008.0,34.0,,,,,10000.0,0.0
2,91600,RAINFOREST_RESIN,9992.0,32.0,,,,,10008.0,32.0,,,,,10000.0,0.0
2,91700,RAINFOREST_RESIN,9992.0,31.0,,,,,10008.0,31.0,,,,,10000.0,0.0
2,91800,RAINFOREST_RESIN,9992.0,29.0,,,,,9999.0,1.0,10003.0,5.0,10008.0,29.0,9995.5,0.0
2,91900,RAINFOREST_RESIN,9992.0,31.0,,,,,10008.0,31.0,,,,,10000.0,0.0
2,92000,RAINFOREST_RESIN,9992.0,28.0,,,,,10008.0,28.0,,,,,10000.0,0.0
2,92100,RAINFOREST_RESIN,9992.0,25.0,,,,,10008.0,25.0,,,,,10000.0,0.0
2,92200,RAINFOREST_RESIN,9992.0,27.0,,,,,10008.0,27.0,,,,,10000.0,0.0
2,92300,RAINFOREST_RESIN,9992.0,25.0,,,,,10008.0,25.0,,,,,10000.0,0.0
2,92400,RAINFOREST_RESIN,9992.0,30.0,,,,,10008.0,30.0,,,,,10000.0,0.0
2,92500,RAINFOREST_RESIN,9992.0,32.0,,,,,9999.0,1.0,10008.0,32.0,,,9995.5,0.0
2,92600,RAINFOREST_RESIN,9992.0,32.0,,,,,10008.0,32.0,,,,,10000.0,0.0
2,92700,RAINFOREST_RESIN,9992.0,29.0,,,,,10008.0,29.0,,,,,10000.0,0.0
2,92800,RAINFOREST_RESIN,9992.0,33.0,,,,,10008.0,33.0,,,,,10000.0,0.0
2,92900,RAINFOREST_RESIN,9992.0,26.0,,,,,10008.0,26.0,,,,,10000.0,0.0
2,93000,RAINFOREST_RESIN,9992.0,34.0,,,,,10003.0,8.0,10008.0,34.0,,,9997.5,0.0
2,93100,RAINFOREST_RESIN,9992.0,25.0,,,,,10008.0,25.0,,,,,10000.0,0.0
2,93200,RAINFOREST_RESIN,10000.0,5.0,9992.0,35.0,,,10008.0,35.0,,,,,10004.0,0.0
2,93300,RAINFOREST_RESIN,9992.0,35.0,,,,,10008.0,35.0,,,,,10000.0,0.0
2,93400,RAINFOREST_RESIN,10002.0,5.0,9992.0,34.0,,,10008.0,34.0,,,,,10005.0,0.0
2,93500,RAINFOREST_RESIN,9992.0,34.0,,,,,10008.0,34.0,,,,,10000.0,0.0
2,93600,RAINFOREST_RESIN,10002.0,4.0,9992.0,26.0,,,10008.0,26.0,,,,,10005.0,0.0
2,93700,RAINFOREST_RESIN,9992.0,35.0,,,,,9999.0,1.0,10008.0,35.0,,,9995.5,0.0
2,93800,RAINFOREST_RESIN,9992.0,29.0,,,,,9998.0,5.0,10008.0,29.0,,,9995.0,0.0
2,93900,RAINFOREST_RESIN,9992.0,26.0,,,,,10008.0,26.0,,,,,10000.0,0.0
2,94000,RAINFOREST_RESIN,9992.0,26.0,,,,,10008.0,26.0,,,,,10000.0,0.0
2,94100,RAINFOREST_RESIN,9992.0,30.0,,,,,10008.0,30.0,,,,,10000.0,0.0
2,94200,RAINFOREST_RESIN,9992.0,34.0,,,,,10008.0,34.0,,,,,10000.0,0.0
2,94300,RAINFOREST_RESIN,10001.0,1.0,9992.0,33.0,,,10008.0,33.0,,,,,10004.5,0.0
2,94400,RAINFOREST_RESIN,9992.0,33.0,,,,,10008.0,33.0,,,,,10000.0,0.0
2,94500,RAINFOREST_RESIN,9992.0,27.0,,,,,10008.0,27.0,,,,,10000.0,0.0
2,94600,RAINFOREST_RESIN,9992.0,26.0,,,,,10000.0,3.0,10008.0,26.0,,,9996.0,0.0
2,94700,RAINFOREST_RESIN,9992.0,34.0,,,,,10008.0,34.0,,,,,10000.0,0.0
2,94800,RAINFOREST_RESIN,9992.0,28.0,,,,,10008.0,28.0,,,,,10000.0,0.0
2,94900,RAINFOREST_RESIN,9997.0,2.0,9992.0,27.0,,,10000.0,5.0,10008.0,27.0,,,9998.5,0.0
2,95000,RAINFOREST_RESIN,10001.0,1.0,9992.0,32.0,,,10008.0,32.0,,,,,10004.5,0.0
2,95100,RAINFOREST_RESIN,9992.0,29.0,,,,,10008.0,29.0,,,,,10000.0,0.0
2,95200,RAINFOREST_RESIN,9992.0,28.0,,,,,10008.0,28.0,,,,,10000.0,0.0
2,95300,RAINFOREST_RESIN,9992.0,32.0,,,,,10008.0,32.0,,,,,10000.0,0.0
2,95400,RAINFOREST_RESIN,9992.0,35.0,,,,,10008.0,35.0,,,,,10000.0,0.0
2,95500,RAINFOREST_RESIN,9992.0,34.0,,,,,10008.0,34.0,,,,,10000.0,0.0
2,95600,RAINFOREST_RESIN,9992.0,25.0,,,,,10008.0,25.0,,,,,10000.0,0.0
2,95700,RAINFOREST_RESIN,9992.0,25.0,,,,,10008.0,25.0,,,,,10000.0,0.0
2,95800,RAINFOREST_RESIN,9992.0,30.0,,,,,10008.0,30.0,,,,,10000.0,0.0
2,95900,RAINFOREST_RESIN,9992.0,33.0,,,,,10008.0,33.0,,,,,10000.0,0.0
2,96000,RAINFOREST_RESIN,9992.0,30.0,,,,,10008.0,30.0,,,,,10000.0,0.0
2,96100,RAINFOREST_RESIN,9992.0,33.0,,,,,10008.0,33.0,,,,,10000.0,0.0
2,96200,RAINFOREST_RESIN,9992.0,29.0,,,,,10008.0,29.0,,,,,10000.0,0.0
2,96300,RAINFOREST_RESIN,9992.0,30.0,,,,,10008.0,30.0,,,,,10000.0,0.0
2,96400,RAINFOREST_RESIN,9992.0,27.0,,,,,10008.0,27.0,,,,,10000.0,0.0
2,96500,RAINFOREST_RESIN,9992.0,35.0,,,,,9998.0,4.0,10008.0,35.0,,,9995.0,0.0
2,96600,RAINFOREST_RESIN,9997.0,6.0,9992.0,28.0,,,10008.0,28.0,,,,,10002.5,0.0
2,96700,RAINFOREST_RESIN,9992.0,30.0,,,,,10008.0,30.0,,,,,10000.0,0.0
2,96800,RAINFOREST_RESIN,9992.0,28.0,,,,,10000.0,3.0,10008.0,28.0,,,9996.0,0.0
2,96900,RAINFOREST_RESIN,9992.0,35.0,,,,,10003.0,7.0,10008.0,35.0,,,9997.5,0.0
2,97000,RAINFOREST_RESIN,9992.0,31.0,,,,,10008.0,31.0,,,,,10000.0,0.0
2,97100,RAINFOREST_RESIN,9992.0,33.0,,,,,10008.0,33.0,,,,,10000.0,0.0
2,97200,RAINFOREST_RESIN,9992.0,32.0,,,,,10008.0,32.0,,,,,10000.0,0.0
2,97300,RAINFOREST_RESIN,9992.0,34.0,,,,,10008.0,34.0,,,,,10000.0,0.0
2,97400,RAINFOREST_RESIN,10001.0,1.0,9992.0,30.0,,,10008.0,30.0,,,,,10004.5,0.0
2,97500,RAINFOREST_RESIN,9992.0,32.0,,,,,10008.0,32.0,,,,,10000.0,0.0
2,97600,RAINFOREST_RESIN,9992.0,30.0,,,,,10003.0,7.0,10008.0,30.0,,,9997.5,0.0
2,97700,RAINFOREST_RESIN,10002.0,3.0,9992.0,33.0,,,10008.0,33.0,,,,,10005.0,0.0
2,97800,RAINFOREST_RESIN,9992.0,25.0,,,,,10008.0,25.0,,,,,10000.0,0.0
2,97900,RAINFOREST_RESIN,9992.0,29.0,,,,,10008.0,29.0,,,,,10000.0,0.0
2,98000,RAINFOREST_RESIN,9992.0,35.0,,,,,10008.0,35.0,,,,,10000.0,0.0
2,98100,RAINFOREST_RESIN,9992.0,34.0,,,,,9999.0,1.0,10003.0,3.0,10008.0,34.0,9995.5,0.0
2,98200,RAINFOREST_RESIN,9992.0,28.0,,,,,10008.0,28.0,,,,,10000.0,0.0
2,98300,RAINFOREST_RESIN,9992.0,29.0,,,,,10008.0,29.0,,,,,10000.0,0.0
2,98400,RAINFOREST_RESIN,9992.0,32.0,,,,,9999.0,1.0,10008.0,32.0,,,9995.5,0.0
2,98500,RAINFOREST_RESIN,9992.0,25.0,,,,,10008.0,25.0,,,,,10000.0,0.0
2,98600,RAINFOREST_RESIN,9997.0,8.0,9992.0,30.0,,,10008.0,30.0,,,,,10002.5,0.0
2,98700,RAINFOREST_RESIN,9992.0,33.0,,,,,10008.0,33.0,,,,,10000.0,0.0
2,98800,RAINFOREST_RESIN,9992.0,26.0,,,,,10008.0,26.0,,,,,10000.0,0.0
2,98900,RAINFOREST_RESIN,9992.0,30.0,,,,,10008.0,30.0,,,,,10000.0,0.0
2,99000,RAINFOREST_RESIN,9992.0,29.0,,,,,10008.0,29.0,,,,,10000.0,0.0
2,99100,RAINFOREST_RESIN,9992.0,34.0,,,,,10008.0,34.0,,,,,10000.0,0.0
2,99200,RAINFOREST_RESIN,9992.0,28.0,,,,,10008.0,28.0,,,,,10000.0,0.0
2,99300,RAINFOREST_RESIN,9992.0,31.0,,,,,10008.0,31.0,,,,,10000.0,0.0
2,99400,RAINFOREST_RESIN,9992.0,28.0,,,,,10008.0,28.0,,,,,10000.0,0.0
2,99500,RAINFOREST_RESIN,9992.0,25.0,,,,,10008.0,25.0,,,,,10000.0,0.0
2,99600,RAINFOREST_RESIN,10002.0,4.0,9997.0,6.0,9992.0,27.0,10008.0,27.0,,,,,10005.0,0.0
2,99700,RAINFOREST_RESIN,9992.0,28.0,,,,,10008.0,28.0,,,,,10000.0,0.0
2,99800,RAINFOREST_RESIN,9992.0,27.0,,,,,10008.0,27.0,,,,,10000.0,0.0
2,99900,RAINFOREST_RESIN,9992.0,34.0,,,,,10008.0,34.0,,,,,10000.0,0.0
2,100000,RAINFOREST_RESIN,9992.0,31.0,,,,,10008.0,31.0,,,,,10000.0,0.0
2,100100,RAINFOREST_RESIN,9992.0,32.0,,,,,10008.0,32.0,,,,,10000.0,0.0
2,100200,RAINFOREST_RESIN,9997.0,7.0,9992.0,29.0,,,10008.0,29.0,,,,,10002.5,0.0
2,100300,RAINFOREST_RESIN,9992.0,29.0,,,,,10008.0,29.0,,,,,10000.0,0.0
2,100400,RAINFOREST_RESIN,9992.0,35.0,,,,,10008.0,35.0,,,,,10000.0,0.0
2,100500,RAINFOREST_RESIN,9997.0,5.0,9992.0,26.0,,,10008.0,26.0,,,,,10002.5,0.0
2,100600,RAINFOREST_RESIN,9992.0,29.0,,,,,10008.0,29.0,,,,,10000.0,0.0
2,100700,RAINFOREST_RESIN,9992.0,33.0,,,,,10008.0,33.0,,,,,10000.0,0.0
2,100800,RAINFOREST_RESIN,9997.0,5.0,9992.0,27.0,,,10008.0,27.0,,,,,10002.5,0.0
2,100900,RAINFOREST_RESIN,9992.0,33.0,,,,,10008.0,33.0,,,,,10000.0,0.0
2,101000,RAINFOREST_RESIN,9992.0,31.0,,,,,10008.0,31.0,,,,,10000.0,0.0
2,101100,RAINFOREST_RESIN,9992.0,30.0,,,,,10008.0,30.0,,,,,10000.0,0.0
2,101200,RAINFOREST_RESIN,9992.0,26.0,,,,,10008.0,26.0,,,,,10000.0,0.0
2,101300,RAINFOREST_RESIN,9992.0,33.0,,,,,10003.0,3.0,10008.0,33.0,,,9997.5,0.0
2,101400,RAINFOREST_RESIN,9992.0,25.0,,,,,9997.0,11.0,10008.0,25.0,,,9994.5,0.0
2,101500,RAINFOREST_RESIN,9992.0,25.0,,,,,10008.0,25.0,,,,,10000.0,0.0
2,101600,RAINFOREST_RESIN,9992.0,32.0,,,,,10008.0,32.0,,,,,10000.0,0.0
2,101700,RAINFOREST_RESIN,9992.0,26.0,,,,,10008.0,26.0,,,,,10000.0,0.0
2,101800,RAINFOREST_RESIN,9992.0,35.0,,,,,10008.0,35.0,,,,,10000.0,0.0
2,101900,RAINFOREST_RESIN,9992.0,32.0,,,,,10008.0,32.0,,,,,10000.0,0.0
2,102000,RAINFOREST_RESIN,9992.0,31.0,,,,,10008.0,31.0,,,,,10000.0,0.0
2,102100,RAINFOREST_RESIN,9992.0,31.0,,,,,10008.0,31.0,,,,,10000.0,0.0
2,102200,RAINFOREST_RESIN,9992.0,35.0,,,,,10000.0,2.0,10008.0,35.0,,,9996.0,0.0
2,102300,RAINFOREST_RESIN,9992.0,27.0,,,,,10003.0,6.0,10008.0,27.0,,,9997.5,0.0
2,102400,RAINFOREST_RESIN,9992.0,27.0,,,,,10008.0,27.0,,,,,10000.0,0.0
2,102500,RAINFOREST_RESIN,9992.0,27.0,,,,,10008.0,27.0,,,,,10000.0,0.0
2,102600,RAINFOREST_RESIN,9992.0,29.0,,,,,10008.0,29.0,,,,,10000.0,0.0
2,102700,RAINFOREST_RESIN,9992.0,31.0,,,,,10008.0,31.0,,,,,10000.0,0.0
2,102800,RAINFOREST_RESIN,9992.0,29.0,,,,,10008.0,29.0,,,,,10000.0,0.0
2,102900,RAINFOREST_RESIN,9992.0,34.0,,,,,10008.0,34.0,,,,,10000.0,0.0
2,103000,RAINFOREST_RESIN,9992.0,35.0,,,,,10008.0,35.0,,,,,10000.0,0.0
2,103100,RAINFOREST_RESIN,9992.0,25.0,,,,,10008.0,25.0,,,,,10000.0,0.0
2,103200,RAINFOREST_RESIN,9992.0,34.0,,,,,10008.0,34.0,,,,,10000.0,0.0
2,103300,RAINFOREST_RESIN,9992.0,34.0,,,,,10008.0,34.0,,,,,10000.0,0.0
2,103400,RAINFOREST_RESIN,9992.0,25.0,,,,,10008.0,25.0,,,,,10000.0,0.0
2,103500,RAINFOREST_RESIN,10001.0,1.0,9992.0,34.0,,,10008.0,34.0,,,,,10004.5,0.0
2,103600,RAINFOREST_RESIN,9992.0,28.0,,,,,10008.0,28.0,,,,,10000.0,0.0
2,103700,RAINFOREST_RESIN,10001.0,1.0,9992.0,26.0,,,10008.0,26.0,,,,,10004.5,0.0
2,103800,RAINFOREST_RESIN,9992.0,25.0,,,,,10008.0,25.0,,,,,10000.0,0.0
2,103900,RAINFOREST_RESIN,9997.0,2.0,9992.0,35.0,,,10008.0,35.0,,,,,10002.5,0.0
2,104000,RAINFOREST_RESIN,9997.0,8.0,9992.0,35.0,,,10008.0,35.0,,,,,10002.5,0.0
2,104100,RAINFOREST_RESIN,9997.0,5.0,9992.0,34.0,,,10008.0,34.0,,,,,10002.5,0.0
2,104200,RAINFOREST_RESIN,10001.0,1.0,9992.0,32.0,,,10008.0,32.0,,,,,10004.5,0.0
2,104300,RAINFOREST_RESIN,9992.0,31.0,,,,,10008.0,31.0,,,,,10000.0,0.0
2,104400,RAINFOREST_RESIN,10001.0,1.0,9992.0,26.0,,,10003.0,8.0,10008.0,26.0,,,10002.0,0.0
2,104500,RAINFOREST_RESIN,9992.0,35.0,,,,,10003.0,5.0,10008.0,35.0,,,9997.5,0.0
2,104600,RAINFOREST_RESIN,9992.0,28.0,,,,,10003.0,4.0,10008.0,28.0,,,9997.5,0.0
2,104700,RAINFOREST_RESIN,9992.0,25.0,,,,,10008.0,25.0,,,,,10000.0,0.0
2,104800,RAINFOREST_RESIN,9992.0,34.0,,,,,10008.0,34.0,,,,,10000.0,0.0
2,104900,RAINFOREST_RESIN,9992.0,29.0,,,,,10008.0,29.0,,,,,10000.0,0.0
2,105000,RAINFOREST_RESIN,9992.0,27.0,,,,,10008.0,27.0,,,,,10000.0,0.0
2,105100,RAINFOREST_RESIN,9992.0,25.0,,,,,10000.0,5.0,10008.0,25.0,,,9996.0,0.0
2,105200,RAINFOREST_RESIN,9992.0,29.0,,,,,10008.0,29.0,,,,,10000.0,0.0
2,105300,RAINFOREST_RESIN,9997.0,6.0,9992.0,33.0,,,10008.0,33.0,,,,,10002.5,0.0
2,105400,RAINFOREST_RESIN,9992.0,30.0,,,,,10008.0,30.0,,,,,10000.0,0.0
2,105500,RAINFOREST_RESIN,9992.0,32.0,,,,,10008.0,32.0,,,,,10000.0,0.0
2,105600,RAINFOREST_RESIN,10001.0,1.0,9992.0,32.0,,,10008.0,32.0,,,,,10004.5,0.0
2,105700,RAINFOREST_RESIN,9992.0,31.0,,,,,10008.0,31.0,,,,,10000.0,0.0
2,105800,RAINFOREST_RESIN,9992.0,26.0,,,,,10008.0,26.0,,,,,10000.0,0.0
2,105900,RAINFOREST_RESIN,10002.0,5.0,9992.0,35.0,,,10008.0,35.0,,,,,10005.0,0.0
2,106000,RAINFOREST_RESIN,9992.0,32.0,,,,,10008.0,32.0,,,,,10000.0,0.0
2,106100,RAINFOREST_RESIN,9992.0,27.0,,,,,10000.0,4.0,10008.0,27.0,,,9996.0,0.0
2,106200,RAINFOREST_RESIN,9992.0,26.0,,,,,10008.0,26.0,,,,,10000.0,0.0
2,106300,RAINFOREST_RESIN,9997.0,8.0,9992.0,29.0,,,10008.0,29.0,,,,,10002.5,0.0
2,106400,RAINFOREST_RESIN,9992.0,28.0,,,,,10008.0,28.0,,,,,10000.0,0.0
2,106500,RAINFOREST_RESIN,9992.0,33.0,,,,,10008.0,33.0,,,,,10000.0,0.0
2,106600,RAINFOREST_RESIN,9992.0,33.0,,,,,10003.0,4.0,10008.0,33.0,,,9997.5,0.0
2,106700,RAINFOREST_RESIN,9992.0,26.0,,,,,10008.0,26.0,,,,,10000.0,0.0
2,106800,RAINFOREST_RESIN,9992.0,32.0,,,,,10003.0,7.0,10008.0,32.0,,,9997.5,0.0
2,106900,RAINFOREST_RESIN,9992.0,32.0,,,,,10008.0,32.0,,,,,10000.0,0.0
2,107000,RAINFOREST_RESIN,9992.0,35.0,,,,,10008.0,35.0,,,,,10000.0,0.0
2,107100,RAINFOREST_RESIN,9992.0,26.0,,,,,10008.0,26.0,,,,,10000.0,0.0
2,107200,RAINFOREST_RESIN,9992.0,26.0,,,,,10008.0,26.0,,,,,10000.0,0.0
2,107300,RAINFOREST_RESIN,9992.0,34.0,,,,,10008.0,34.0,,,,,10000.0,0.0
2,107400,RAINFOREST_RESIN,9992.0,33.0,,,,,10008.0,33.0,,,,,10000.0,0.0
2,107500,RAINFOREST_RESIN,9992.0,34.0,,,,,10008.0,34.0,,,,,10000.0,0.0
2,107600,RAINFOREST_RESIN,9992.0,34.0,,,,,10008.0,34.0,,,,,10000.0,0.0
2,107700,RAINFOREST_RESIN,9992.0,27.0,,,,,10008.0,27.0,,,,,10000.0,0.0
2,107800,RAINFOREST_RESIN,9992.0,27.0,,,,,10008.0,27.0,,,,,10000.0,0.0
2,107900,RAINFOREST_RESIN,9992.0,33.0,,,,,10008.0,33.0,,,,,10000.0,0.0
2,108000,RAINFOREST_RESIN,9992.0,29.0,,,,,9999.0,1.0,10008.0,29.0,,,9995.5,0.0
2,108100,RAINFOREST_RESIN,9997.0,8.0,9992.0,25.0,,,10008.0,25.0,,,,,10002.5,0.0
2,108200,RAINFOREST_RESIN,9992.0,28.0,,,,,10008.0,28.0,,,,,10000.0,0.0
2,108300,RAINFOREST_RESIN,9992.0,26.0,,,,,10008.0,26.0,,,,,10000.0,0.0
2,108400,RAINFOREST_RESIN,9992.0,31.0,,,,,10008.0,31.0,,,,,10000.0,0.0
2,108500,RAINFOREST_RESIN,9992.0,26.0,,,,,10008.0,26.0,,,,,10000.0,0.0
2,108600,RAINFOREST_RESIN,9992.0,26.0,,,,,10008.0,26.0,,,,,10000.0,0.0
2,108700,RAINFOREST_RESIN,9992.0,26.0,,,,,10008.0,26.0,,,,,10000.0,0.0
2,108800,RAINFOREST_RESIN,10000.0,2.0,9992.0,28.0,,,10008.0,28.0,,,,,10004.0,0.0
2,108900,RAINFOREST_RESIN,9992.0,25.0,,,,,10008.0,25.0,,,,,10000.0,0.0
2,109000,RAINFOREST_RESIN,9992.0,25.0,,,,,10008.0,25.0,,,,,10000.0,0.0
2,109100,RAINFOREST_RESIN,9992.0,30.0,,,,,10008.0,30.0,,,,,10000.0,0.0
2,109200,RAINFOREST_RESIN,9992.0,34.0,,,,,10008.0,34.0,,,,,10000.0,0.0
2,109300,RAINFOREST_RESIN,9992.0,25.0,,,,,10008.0,25.0,,,,,10000.0,0.0
2,109400,RAINFOREST_RESIN,10002.0,5.0,9997.0,2.0,9992.0,30.0,10008.0,30.0,,,,,10005.0,0.0
2,109500,RAINFOREST_RESIN,9992.0,30.0,,,,,10000.0,2.0,10008.0,30.0,,,9996.0,0.0
2,109600,RAINFOREST_RESIN,9992.0,34.0,,,,,10003.0,5.0,10008.0,34.0,,,9997.5,0.0
2,109700,RAINFOREST_RESIN,9992.0,26.0,,,,,10008.0,26.0,,,,,10000.0,0.0
2,109800,RAINFOREST_RESIN,9992.0,26.0,,,,,10008.0,26.0,,,,,10000.0,0.0
2,109900,RAINFOREST_RESIN,9992.0,32.0,,,,,10008.0,32.0,,,,,10000.0,0.0
2,110000,RAINFOREST_RESIN,9992.0,34.0,,,,,10003.0,2.0,10008.0,34.0,,,9997.5,0.0
2,110100,RAINFOREST_RESIN,9992.0,25.0,,,,,10008.0,25.0,,,,,10000.0,0.0
2,110200,RAINFOREST_RESIN,10002.0,3.0,9992.0,33.0,,,10008.0,33.0,,,,,10005.0,0.0
2,110300,RAINFOREST_RESIN,9992.0,33.0,,,,,10008.0,33.0,,,,,10000.0,0.0
2,110400,RAINFOREST_RESIN,9997.0,8.0,9992.0,28.0,,,10008.0,28.0,,,,,10002.5,0.0
2,110500,RAINFOREST_RESIN,9992.0,35.0,,,,,10008.0,35.0,,,,,10000.0,0.0
2,110600,RAINFOREST_RESIN,9992.0,30.0,,,,,10008.0,30.0,,,,,10000.0,0.0
2,110700,RAINFOREST_RESIN,9992.0,34.0,,,,,10008.0,34.0,,,,,10000.0,0.0
2,110800,RAINFOREST_RESIN,9992.0,32.0,,,,,10008.0,32.0,,,,,10000.0,0.0
2,110900,RAINFOREST_RESIN,9992.0,31.0,,,,,10008.0,31.0,,,,,10000.0,0.0
2,111000,RAINFOREST_RESIN,9992.0,32.0,,,,,10003.0,7.0,10008.0,32.0,,,9997.5,0.0
2,111100,RAINFOREST_RESIN,9992.0,28.0,,,,,10008.0,28.0,,,,,10000.0,0.0
2,111200,RAINFOREST_RESIN,9992.0,30.0,,,,,9998.0,3.0,10008.0,30.0,,,9995.0,0.0
2,111300,RAINFOREST_RESIN,9992.0,31.0,,,,,10008.0,31.0,,,,,10000.0,0.0
2,111400,RAINFOREST_RESIN,9992.0,25.0,,,,,10008.0,25.0,,,,,10000.0,0.0
2,111500,RAINFOREST_RESIN,9992.0,35.0,,,,,9997.0,11.0,10008.0,35.0,,,9994.5,0.0
2,111600,RAINFOREST_RESIN,10001.0,1.0,9992.0,35.0,,,10003.0,5.0,10008.0,35.0,,,10002.0,0.0
2,111700,RAINFOREST_RESIN,9992.0,25.0,,,,,9999.0,1.0,10008.0,25.0,,,9995.5,0.0
2,111800,RAINFOREST_RESIN,9992.0,34.0,,,,,9999.0,1.0,10008.0,34.0,,,9995.5,0.0
2,111900,RAINFOREST_RESIN,9992.0,29.0,,,,,10008.0,29.0,,,,,10000.0,0.0
2,112000,RAINFOREST_RESIN,9992.0,31.0,,,,,10003.0,8.0,10008.0,31.0,,,9997.5,0.0
2,112100,RAINFOREST_RESIN,9992.0,31.0,,,,,10008.0,31.0,,,,,10000.0,0.0
2,112200,RAINFOREST_RESIN,9992.0,35.0,,,,,10008.0,35.0,,,,,10000.0,0.0
2,112300,RAINFOREST_RESIN,9992.0,27.0,,,,,10008.0,27.0,,,,,10000.0,0.0
2,112400,RAINFOREST_RESIN,9992.0,32.0,,,,,9998.0,4.0,10008.0,32.0,,,9995.0,0.0
2,112500,RAINFOREST_RESIN,9992.0,34.0,,,,,10008.0,34.0,,,,,10000.0,0.0
2,112600,RAINFOREST_RESIN,9992.0,27.0,,,,,10008.0,27.0,,,,,10000.0,0.0
2,112700,RAINFOREST_RESIN,9992.0,30.0,,,,,10008.0,30.0,,,,,10000.0,0.0
2,112800,RAINFOREST_RESIN,9992.0,33.0,,,,,10008.0,33.0,,,,,10000.0,0.0
2,112900,RAINFOREST_RESIN,9992.0,30.0,,,,,10008.0,30.0,,,,,10000.0,0.0
2,113000,RAINFOREST_RESIN,9992.0,33.0,,,,,10008.0,33.0,,,,,10000.0,0.0
2,113100,RAINFOREST_RESIN,9992.0,29.0,,,,,10008.0,29.0,,,,,10000.0,0.0
2,113200,RAINFOREST_RESIN,9992.0,35.0,,,,,9998.0,3.0,10008.0,35.0,,,9995.0,0.0
2,113300,RAINFOREST_RESIN,9992.0,33.0,,,,,10008.0,33.0,,,,,10000.0,0.0
2,113400,RAINFOREST_RESIN,9992.0,29.0,,,,,10008.0,29.0,,,,,10000.0,0.0
2,113500,RAINFOREST_RESIN,9992.0,29.0,,,,,10008.0,29.0,,,,,10000.0,0.0
2,113600,RAINFOREST_RESIN,9992.0,31.0,,,,,10008.0,31.0,,,,,10000.0,0.0
2,113700,RAINFOREST_RESIN,9992.0,25.0,,,,,10008.0,25.0,,,,,10000.0,0.0
2,113800,RAINFOREST_RESIN,9992.0,34.0,,,,,10008.0,34.0,,,,,10000.0,0.0
2,113900,RAINFOREST_RESIN,9992.0,35.0,,,,,10008.0,35.0,,,,,10000.0,0.0
2,114000,RAINFOREST_RESIN,9992.0,28.0,,,,,10008.0,28.0,,,,,10000.0,0.0
2,114100,RAINFOREST_RESIN,9992.0,34.0,,,,,10008.0,34.0,,,,,10000.0,0.0
2,114200,RAINFOREST_RESIN,9992.0,28.0,,,,,10008.0,28.0,,,,,10000.0,0.0
2,114300,RAINFOREST_RESIN,9992.0,33.0,,,,,10003.0,2.0,10008.0,33.0,,,9997.5,0.0
2,114400,RAINFOREST_RESIN,9992.0,29.0,,,,,10003.0,7.0,10008.0,29.0,,,9997.5,0.0
2,114500,RAINFOREST_RESIN,9992.0,32.0,,,,,10008.0,32.0,,,,,10000.0,0.0
2,114600,RAINFOREST_RESIN,9992.0,28.0,,,,,10008.0,28.0,,,,,10000.0,0.0
2,114700,RAINFOREST_RESIN,9992.0,34.0,,,,,10008.0,34.0,,,,,10000.0,0.0
2,114800,RAINFOREST_RESIN,9992.0,34.0,,,,,10008.0,34.0,,,,,10000.0,0.0
2,114900,RAINFOREST_RESIN,9992.0,32.0,,,,,10008.0,32.0,,,,,10000.0,0.0
2,115000,RAINFOREST_RESIN,9992.0,26.0,,,,,10008.0,26.0,,,,,10000.0,0.0
2,115100,RAINFOREST_RESIN,9992.0,31.0,,,,,10008.0,31.0,,,,,10000.0,0.0
2,115200,RAINFOREST_RESIN,9992.0,34.0,,,,,10008.0,34.0,,,,,10000.0,0.0
2,115300,RAINFOREST_RESIN,9992.0,30.0,,,,,10008.0,30.0,,,,,10000.0,0.0
2,115400,RAINFOREST_RESIN,9992.0,33.0,,,,,9999.0,1.0,10008.0,33.0,,,9995.5,0.0
2,115500,RAINFOREST_RESIN,9992.0,29.0,,,,,10008.0,29.0,,,,,10000.0,0.0
2,115600,RAINFOREST_RESIN,10003.0,8.0,9992.0,27.0,,,10008.0,27.0,,,,,10005.5,0.0
2,115700,RAINFOREST_RESIN,9992.0,25.0,,,,,10008.0,25.0,,,,,10000.0,0.0
2,115800,RAINFOREST_RESIN,9992.0,31.0,,,,,10008.0,31.0,,,,,10000.0,0.0
2,115900,RAINFOREST_RESIN,9992.0,30.0,,,,,10008.0,30.0,,,,,10000.0,0.0
2,116000,RAINFOREST_RESIN,9992.0,33.0,,,,,9999.0,1.0,10008.0,33.0,,,9995.5,0.0
2,116100,RAINFOREST_RESIN,10003.0,9.0,9992.0,28.0,,,10008.0,28.0,,,,,10005.5,0.0
2,116200,RAINFOREST_RESIN,9992.0,34.0,,,,,10008.0,34.0,,,,,10000.0,0.0
2,116300,RAINFOREST_RESIN,9992.0,28.0,,,,,10000.0,3.0,10008.0,28.0,,,9996.0,0.0
2,116400,RAINFOREST_RESIN,9992.0,26.0,,,,,9997.0,9.0,9998.0,4.0,10008.0,26.0,9994.5,0.0
2,116500,RAINFOREST_RESIN,9992.0,34.0,,,,,10008.0,34.0,,,,,10000.0,0.0
2,116600,RAINFOREST_RESIN,9992.0,32.0,,,,,10008.0,32.0,,,,,10000.0,0.0
2,116700,RAINFOREST_RESIN,9992.0,30.0,,,,,10008.0,30.0,,,,,10000.0,0.0
2,116800,RAINFOREST_RESIN,9992.0,26.0,,,,,10008.0,26.0,,,,,10000.0,0.0
2,116900,RAINFOREST_RESIN,9992.0,34.0,,,,,10008.0,34.0,,,,,10000.0,0.0
2,117000,RAINFOREST_RESIN,9992.0,34.0,,,,,10008.0,34.0,,,,,10000.0,0.0
2,117100,RAINFOREST_RESIN,9992.0,25.0,,,,,10008.0,25.0,,,,,10000.0,0.0
2,117200,RAINFOREST_RESIN,9992.0,25.0,,,,,10008.0,25.0,,,,,10000.0,0.0
2,117300,RAINFOREST_RESIN,9992.0,31.0,,,,,10008.0,31.0,,,,,10000.0,0.0
2,117400,RAINFOREST_RESIN,9992.0,26.0,,,,,10003.0,7.0,10008.0,26.0,,,9997.5,0.0
2,117500,RAINFOREST_RESIN,9992.0,29.0,,,,,10008.0,29.0,,,,,10000.0,0.0
2,117600,RAINFOREST_RESIN,9992.0,31.0,,,,,10008.0,31.0,,,,,10000.0,0.0
2,117700,RAINFOREST_RESIN,9992.0,28.0,,,,,10008.0,28.0,,,,,10000.0,0.0
2,117800,RAINFOREST_RESIN,9992.0,30.0,,,,,10008.0,30.0,,,,,10000.0,0.0
2,117900,RAINFOREST_RESIN,9992.0,30.0,,,,,10008.0,30.0,,,,,10000.0,0.0
2,118000,RAINFOREST_RESIN,9992.0,35.0,,,,,10008.0,35.0,,,,,10000.0,0.0
2,118100,RAINFOREST_RESIN,9992.0,26.0,,,,,10008.0,26.0,,,,,10000.0,0.0
2,118200,RAINFOREST_RESIN,9992.0,29.0,,,,,10008.0,29.0,,,,,10000.0,0.0
2,118300,RAINFOREST_RESIN,9992.0,28.0,,,,,10008.0,28.0,,,,,10000.0,0.0
2,118400,RAINFOREST_RESIN,9992.0,35.0,,,,,9998.0,3.0,10008.0,35.0,,,9995.0,0.0
2,118500,RAINFOREST_RESIN,9992.0,26.0,,,,,10008.0,26.0,,,,,10000.0,0.0
2,118600,RAINFOREST_RESIN,9997.0,5.0,9992.0,29.0,,,10008.0,29.0,,,,,10002.5,0.0
2,118700,RAINFOREST_RESIN,9992.0,29.0,,,,,10008.0,29.0,,,,,10000.0,0.0
2,118800,RAINFOREST_RESIN,9992.0,30.0,,,,,10008.0,30.0,,,,,10000.0,0.0
2,118900,RAINFOREST_RESIN,9992.0,32.0,,,,,10008.0,32.0,,,,,10000.0,0.0
2,119000,RAINFOREST_RESIN,9992.0,33.0,,,,,10008.0,33.0,,,,,10000.0,0.0
2,119100,RAINFOREST_RESIN,9997.0,2.0,9992.0,30.0,,,10008.0,30.0,,,,,10002.5,0.0
2,119200,RAINFOREST_RESIN,9992.0,35.0,,,,,9997.0,8.0,10008.0,35.0,,,9994.5,0.0
2,119300,RAINFOREST_RESIN,9992.0,27.0,,,,,10008.0,27.0,,,,,10000.0,0.0
2,119400,RAINFOREST_RESIN,9992.0,32.0,,,,,10003.0,5.0,10008.0,32.0,,,9997.5,0.0
2,119500,RAINFOREST_RESIN,9992.0,34.0,,,,,10008.0,34.0,,,,,10000.0,0.0
2,119600,RAINFOREST_RESIN,9992.0,32.0,,,,,10008.0,32.0,,,,,10000.0,0.0
2,119700,RAINFOREST_RESIN,9992.0,27.0,,,,,9998.0,5.0,10008.0,27.0,,,9995.0,0.0
2,119800,RAINFOREST_RESIN,9992.0,31.0,,,,,10008.0,31.0,,,,,10000.0,0.0
2,119900,RAINFOREST_RESIN,9992.0,35.0,,,,,10008.0,35.0,,,,,10000.0,0.0
2,120000,RAINFOREST_RESIN,9992.0,26.0,,,,,10008.0,26.0,,,,,10000.0,0.0
2,120100,RAINFOREST_RESIN,9992.0,35.0,,,,,10008.0,35.0,,,,,10000.0,0.0
2,120200,RAINFOREST_RESIN,9992.0,29.0,,,,,10008.0,29.0,,,,,10000.0,0.0
2,120300,RAINFOREST_RESIN,9992.0,26.0,,,,,10008.0,26.0,,,,,10000.0,0.0
2,120400,RAINFOREST_RESIN,9992.0,30.0,,,,,10008.0,30.0,,,,,10000.0,0.0
2,120500,RAINFOREST_RESIN,9992.0,27.0,,,,,10008.0,27.0,,,,,10000.0,0.0
2,120600,RAINFOREST_RESIN,10001.0,1.0,9992.0,30.0,,,10008.0,30.0,,,,,10004.5,0.0
2,120700,RAINFOREST_RESIN,9992.0,32.0,,,,,10008.0,32.0,,,,,10000.0,0.0
2,120800,RAINFOREST_RESIN,10002.0,3.0,9992.0,32.0,,,10008.0,32.0,,,,,10005.0,0.0
2,120900,RAINFOREST_RESIN,10001.0,1.0,9992.0,27.0,,,10008.0,27.0,,,,,10004.5,0.0
2,121000,RAINFOREST_RESIN,9997.0,3.0,9992.0,25.0,,,10008.0,25.0,,,,,10002.5,0.0
2,121100,RAINFOREST_RESIN,9992.0,27.0,,,,,10008.0,27.0,,,,,10000.0,0.0
2,121200,RAINFOREST_RESIN,9992.0,28.0,,,,,10008.0,28.0,,,,,10000.0,0.0
2,121300,RAINFOREST_RESIN,9992.0,33.0,,,,,10008.0,33.0,,,,,10000.0,0.0
2,121400,RAINFOREST_RESIN,9992.0,26.0,,,,,10003.0,3.0,10008.0,26.0,,,9997.5,0.0
2,121500,RAINFOREST_RESIN,9992.0,35.0,,,,,10008.0,35.0,,,,,10000.0,0.0
2,121600,RAINFOREST_RESIN,9992.0,33.0,,,,,9999.0,1.0,10003.0,8.0,10008.0,33.0,9995.5,0.0
2,121700,RAINFOREST_RESIN,9992.0,30.0,,,,,10008.0,30.0,,,,,10000.0,0.0
2,121800,RAINFOREST_RESIN,9992.0,26.0,,,,,10008.0,26.0,,,,,10000.0,0.0
2,121900,RAINFOREST_RESIN,9992.0,28.0,,,,,10008.0,28.0,,,,,10000.0,0.0
2,122000,RAINFOREST_RESIN,9992.0,35.0,,,,,10008.0,35.0,,,,,10000.0,0.0
2,122100,RAINFOREST_RESIN,9992.0,30.0,,,,,10008.0,30.0,,,,,10000.0,0.0
2,122200,RAINFOREST_RESIN,9992.0,25.0,,,,,10008.0,25.0,,,,,10000.0,0.0
2,122300,RAINFOREST_RESIN,9992.0,31.0,,,,,10008.0,31.0,,,,,10000.0,0.0
2,122400,RAINFOREST_RESIN,9992.0,35.0,,,,,10008.0,35.0,,,,,10000.0,0.0
2,122500,RAINFOREST_RESIN,9992.0,28.0,,,,,10008.0,28.0,,,,,10000.0,0.0
2,122600,RAINFOREST_RESIN,9992.0,29.0,,,,,10008.0,29.0,,,,,10000.0,0.0
2,122700,RAINFOREST_RESIN,9992.0,30.0,,,,,10008.0,30.0,,,,,10000.0,0.0
2,122800,RAINFOREST_RESIN,9992.0,27.0,,,,,10008.0,27.0,,,,,10000.0,0.0
2,122900,RAINFOREST_RESIN,9992.0,27.0,,,,,10008.0,27.0,,,,,10000.0,0.0
2,123000,RAINFOREST_RESIN,9992.0,31.0,,,,,10008.0,31.0,,,,,10000.0,0.0
2,123100,RAINFOREST_RESIN,9992.0,27.0,,,,,10008.0,27.0,,,,,10000.0,0.0
2,123200,RAINFOREST_RESIN,9992.0,26.0,,,,,10008.0,26.0,,,,,10000.0,0.0
2,123300,RAINFOREST_RESIN,9992.0,29.0,,,,,10008.0,29.0,,,,,10000.0,0.0
2,123400,RAINFOREST_RESIN,9992.0,28.0,,,,,10008.0,28.0,,,,,10000.0,0.0
2,123500,RAINFOREST_RESIN,9992.0,34.0,,,,,10008.0,34.0,,,,,10000.0,0.0
2,123600,RAINFOREST_RESIN,9997.0,8.0,9992.0,29.0,,,10008.0,29.0,,,,,10002.5,0.0
2,123700,RAINFOREST_RESIN,9992.0,32.0,,,,,10008.0,32.0,,,,,10000.0,0.0
2,123800,RAINFOREST_RESIN,9997.0,3.0,9992.0,35.0,,,10008.0,35.0,,,,,10002.5,0.0
2,123900,RAINFOREST_RESIN,9992.0,27.0,,,,,10008.0,27.0,,,,,10000.0,0.0
2,124000,RAINFOREST_RESIN,9992.0,32.0,,,,,10008.0,32.0,,,,,10000.0,0.0
2,124100,RAINFOREST_RESIN,9992.0,25.0,,,,,10008.0,25.0,,,,,10000.0,0.0
2,124200,RAINFOREST_RESIN,9992.0,31.0,,,,,10008.0,31.0,,,,,10000.0,0.0
2,124300,RAINFOREST_RESIN,9992.0,27.0,,,,,10008.0,27.0,,,,,10000.0,0.0
2,124400,RAINFOREST_RESIN,9992.0,26.0,,,,,10008.0,26.0,,,,,10000.0,0.0
2,124500,RAINFOREST_RESIN,9992.0,29.0,,,,,10008.0,29.0,,,,,10000.0,0.0
2,124600,RAINFOREST_RESIN,9997.0,8.0,9992.0,29.0,,,10008.0,29.0,,,,,10002.5,0.0
2,124700,RAINFOREST_RESIN,9992.0,27.0,,,,,10008.0,27.0,,,,,10000.0,0.0
2,124800,RAINFOREST_RESIN,9992.0,29.0,,,,,10008.0,29.0,,,,,10000.0,0.0
2,124900,RAINFOREST_RESIN,9992.0,29.0,,,,,10008.0,29.0,,,,,10000.0,0.0
2,125000,RAINFOREST_RESIN,10000.0,3.0,9992.0,27.0,,,10008.0,27.0,,,,,10004.0,0.0
2,125100,RAINFOREST_RESIN,9992.0,30.0,,,,,9999.0,1.0,10008.0,30.0,,,9995.5,0.0
2,125200,RAINFOREST_RESIN,10001.0,1.0,9992.0,25.0,,,10008.0,25.0,,,,,10004.5,0.0
2,125300,RAINFOREST_RESIN,9992.0,35.0,,,,,10008.0,35.0,,,,,10000.0,0.0
2,125400,RAINFOREST_RESIN,9992.0,32.0,,,,,10003.0,4.0,10008.0,32.0,,,9997.5,0.0
2,125500,RAINFOREST_RESIN,9992.0,33.0,,,,,10008.0,33.0,,,,,10000.0,0.0
2,125600,RAINFOREST_RESIN,9992.0,26.0,,,,,10008.0,26.0,,,,,10000.0,0.0
2,125700,RAINFOREST_RESIN,9992.0,34.0,,,,,10008.0,34.0,,,,,10000.0,0.0
2,125800,RAINFOREST_RESIN,9992.0,32.0,,,,,9998.0,5.0,10008.0,32.0,,,9995.0,0.0
2,125900,RAINFOREST_RESIN,9992.0,34.0,,,,,10008.0,34.0,,,,,10000.0,0.0
2,126000,RAINFOREST_RESIN,9992.0,28.0,,,,,10008.0,28.0,,,,,10000.0,0.0
2,126100,RAINFOREST_RESIN,9992.0,29.0,,,,,9998.0,3.0,10008.0,29.0,,,9995.0,0.0
2,126200,RAINFOREST_RESIN,9992.0,30.0,,,,,10008.0,30.0,,,,,10000.0,0.0
2,126300,RAINFOREST_RESIN,9992.0,35.0,,,,,10008.0,35.0,,,,,10000.0,0.0
2,126400,RAINFOREST_RESIN,9992.0,35.0,,,,,10008.0,35.0,,,,,10000.0,0.0
2,126500,RAINFOREST_RESIN,9997.0,7.0,9992.0,33.0,,,10008.0,33.0,,,,,10002.5,0.0
2,126600,RAINFOREST_RESIN,9992.0,35.0,,,,,10008.0,35.0,,,,,10000.0,0.0
2,126700,RAINFOREST_RESIN,9992.0,31.0,,,,,10008.0,31.0,,,,,10000.0,0.0
2,126800,RAINFOREST_RESIN,9992.0,29.0,,,,,10003.0,7.0,10008.0,29.0,,,9997.5,0.0
2,126900,RAINFOREST_RESIN,9992.0,29.0,,,,,10008.0,29.0,,,,,10000.0,0.0
2,127000,RAINFOREST_RESIN,9992.0,31.0,,,,,10008.0,31.0,,,,,10000.0,0.0
2,127100,RAINFOREST_RESIN,9992.0,34.0,,,,,10008.0,34.0,,,,,10000.0,0.0
2,127200,RAINFOREST_RESIN,9992.0,29.0,,,,,10008.0,29.0,,,,,10000.0,0.0
2,127300,RAINFOREST_RESIN,9992.0,31.0,,,,,10008.0,31.0,,,,,10000.0,0.0
2,127400,RAINFOREST_RESIN,9992.0,26.0,,,,,10008.0,26.0,,,,,10000.0,0.0
2,127500,RAINFOREST_RESIN,9992.0,26.0,,,,,10008.0,26.0,,,,,10000.0,0.0
2,127600,RAINFOREST_RESIN,9992.0,26.0,,,,,10008.0,26.0,,,,,10000.0,0.0
2,127700,RAINFOREST_RESIN,9992.0,25.0,,,,,10008.0,25.0,,,,,10000.0,0.0
2,127800,RAINFOREST_RESIN,9992.0,28.0,,,,,10008.0,28.0,,,,,10000.0,0.0
2,127900,RAINFOREST_RESIN,9992.0,26.0,,,,,10008.0,26.0,,,,,10000.0,0.0
2,128000,RAINFOREST_RESIN,9992.0,33.0,,,,,10008.0,33.0,,,,,10000.0,0.0
2,128100,RAINFOREST_RESIN,9997.0,7.0,9992.0,33.0,,,10008.0,33.0,,,,,10002.5,0.0
2,128200,RAINFOREST_RESIN,9992.0,27.0,,,,,10003.0,3.0,10008.0,27.0,,,9997.5,0.0
2,128300,RAINFOREST_RESIN,10001.0,1.0,9997.0,6.0,9992.0,27.0,10008.0,27.0,,,,,10004.5,0.0
2,128400,RAINFOREST_RESIN,9992.0,29.0,,,,,10008.0,29.0,,,,,10000.0,0.0
2,128500,RAINFOREST_RESIN,9992.0,34.0,,,,,10000.0,4.0,10008.0,34.0,,,9996.0,0.0
2,128600,RAINFOREST_RESIN,9992.0,28.0,,,,,10008.0,28.0,,,,,10000.0,0.0
2,128700,RAINFOREST_RESIN,9992.0,34.0,,,,,10008.0,34.0,,,,,10000.0,0.0
2,128800,RAINFOREST_RESIN,9992.0,30.0,,,,,9999.0,1.0,10008.0,30.0,,,9995.5,0.0
2,128900,RAINFOREST_RESIN,9992.0,33.0,,,,,10008.0,33.0,,,,,10000.0,0.0
2,129000,RAINFOREST_RESIN,9992.0,30.0,,,,,10003.0,8.0,10008.0,30.0,,,9997.5,0.0
2,129100,RAINFOREST_RESIN,9992.0,30.0,,,,,10008.0,30.0,,,,,10000.0,0.0
2,129200,RAINFOREST_RESIN,9992.0,29.0,,,,,10008.0,29.0,,,,,10000.0,0.0
2,129300,RAINFOREST_RESIN,9992.0,32.0,,,,,10008.0,32.0,,,,,10000.0,0.0
2,129400,RAINFOREST_RESIN,9992.0,31.0,,,,,10008.0,31.0,,,,,10000.0,0.0
2,129500,RAINFOREST_RESIN,9992.0,32.0,,,,,10008.0,32.0,,,,,10000.0,0.0
2,129600,RAINFOREST_RESIN,9992.0,30.0,,,,,10008.0,30.0,,,,,10000.0,0.0
2,129700,RAINFOREST_RESIN,9992.0,27.0,,,,,10008.0,27.0,,,,,10000.0,0.0
2,129800,RAINFOREST_RESIN,9992.0,25.0,,,,,10008.0,25.0,,,,,10000.0,0.0
2,129900,RAINFOREST_RESIN,9992.0,35.0,,,,,10008.0,35.0,,,,,10000.0,0.0
2,130000,RAINFOREST_RESIN,9992.0,33.0,,,,,10008.0,33.0,,,,,10000.0,0.0
2,130100,RAINFOREST_RESIN,9992.0,35.0,,,,,9999.0,1.0,10008.0,35.0,,,9995.5,0.0
2,130200,RAINFOREST_RESIN,9992.0,33.0,,,,,10008.0,33.0,,,,,10000.0,0.0
2,130300,RAINFOREST_RESIN,9992.0,28.0,,,,,10008.0,28.0,,,,,10000.0,0.0
2,130400,RAINFOREST_RESIN,9992.0,27.0,,,,,10008.0,27.0,,,,,10000.0,0.0
2,130500,RAINFOREST_RESIN,9992.0,25.0,,,,,10008.0,25.0,,,,,10000.0,0.0
2,130600,RAINFOREST_RESIN,9992.0,35.0,,,,,9998.0,5.0,10008.0,35.0,,,9995.0,0.0
2,130700,RAINFOREST_RESIN,9992.0,32.0,,,,,10008.0,32.0,,,,,10000.0,0.0
2,130800,RAINFOREST_RESIN,9992.0,25.0,,,,,10008.0,25.0,,,,,10000.0,0.0
2,130900,RAINFOREST_RESIN,9997.0,4.0,9992.0,31.0,,,10008.0,31.0,,,,,10002.5,0.0
2,131000,RAINFOREST_RESIN,9992.0,25.0,,,,,10008.0,25.0,,,,,10000.0,0.0
2,131100,RAINFOREST_RESIN,9992.0,28.0,,,,,10003.0,6.0,10008.0,28.0,,,9997.5,0.0
2,131200,RAINFOREST_RESIN,9992.0,25.0,,,,,10008.0,25.0,,,,,10000.0,0.0
2,131300,RAINFOREST_RESIN,9992.0,35.0,,,,,10008.0,35.0,,,,,10000.0,0.0
2,131400,RAINFOREST_RESIN,9997.0,2.0,9992.0,31.0,,,10008.0,31.0,,,,,10002.5,0.0
2,131500,RAINFOREST_RESIN,9997.0,2.0,9992.0,32.0,,,10008.0,32.0,,,,,10002.5,0.0
2,131600,RAINFOREST_RESIN,9992.0,28.0,,,,,10008.0,28.0,,,,,10000.0,0.0
2,131700,RAINFOREST_RESIN,9992.0,28.0,,,,,10008.0,28.0,,,,,10000.0,0.0
2,131800,RAINFOREST_RESIN,9992.0,33.0,,,,,10008.0,33.0,,,,,10000.0,0.0
2,131900,RAINFOREST_RESIN,9997.0,8.0,9992.0,32.0,,,9999.0,1.0,10008.0,32.0,,,9998.0,0.0
2,132000,RAINFOREST_RESIN,9992.0,34.0,,,,,10000.0,3.0,10008.0,34.0,,,9996.0,0.0
2,132100,RAINFOREST_RESIN,9992.0,35.0,,,,,10003.0,8.0,10008.0,35.0,,,9997.5,0.0
2,132200,RAINFOREST_RESIN,9992.0,31.0,,,,,10008.0,31.0,,,,,10000.0,0.0
2,132300,RAINFOREST_RESIN,9992.0,31.0,,,,,10008.0,31.0,,,,,10000.0,0.0
2,132400,RAINFOREST_RESIN,9992.0,25.0,,,,,10003.0,7.0,10008.0,25.0,,,9997.5,0.0
2,132500,RAINFOREST_RESIN,9992.0,33.0,,,,,10008.0,33.0,,,,,10000.0,0.0
2,132600,RAINFOREST_RESIN,9997.0,8.0,9992.0,33.0,,,10008.0,33.0,,,,,10002.5,0.0
2,132700,RAINFOREST_RESIN,10003.0,10.0,9992.0,33.0,,,10008.0,33.0,,,,,10005.5,0.0
2,132800,RAINFOREST_RESIN,9992.0,29.0,,,,,10008.0,29.0,,,,,10000.0,0.0
2,132900,RAINFOREST_RESIN,9992.0,35.0,,,,,10000.0,4.0,10008.0,35.0,,,9996.0,0.0
2,133000,RAINFOREST_RESIN,9992.0,26.0,,,,,10008.0,26.0,,,,,10000.0,0.0
2,133100,RAINFOREST_RESIN,9992.0,26.0,,,,,10008.0,26.0,,,,,10000.0,0.0
2,133200,RAINFOREST_RESIN,9992.0,31.0,,,,,10008.0,31.0,,,,,10000.0,0.0
2,133300,RAINFOREST_RESIN,9992.0,33.0,,,,,9999.0,1.0,10008.0,33.0,,,9995.5,0.0
2,133400,RAINFOREST_RESIN,9992.0,28.0,,,,,10008.0,28.0,,,,,10000.0,0.0
2,133500,RAINFOREST_RESIN,9992.0,28.0,,,,,10008.0,28.0,,,,,10000.0,0.0
2,133600,RAINFOREST_RESIN,10000.0,3.0,9992.0,35.0,,,10008.0,35.0,,,,,10004.0,0.0
2,133700,RAINFOREST_RESIN,9992.0,27.0,,,,,10008.0,27.0,,,,,10000.0,0.0
2,133800,RAINFOREST_RESIN,9992.0,34.0,,,,,10008.0,34.0,,,,,10000.0,0.0
2,133900,RAINFOREST_RESIN,9992.0,33.0,,,,,10008.0,33.0,,,,,10000.0,0.0
2,134000,RAINFOREST_RESIN,9992.0,29.0,,,,,10008.0,29.0,,,,,10000.0,0.0
2,134100,RAINFOREST_RESIN,9992.0,34.0,,,,,10008.0,34.0,,,,,10000.0,0.0
2,134200,RAINFOREST_RESIN,9992.0,29.0,,,,,10008.0,29.0,,,,,10000.0,0.0
2,134300,RAINFOREST_RESIN,9997.0,6.0,9992.0,32.0,,,10008.0,32.0,,,,,10002.5,0.0
2,134400,RAINFOREST_RESIN,9992.0,28.0,,,,,10008.0,28.0,,,,,10000.0,0.0
2,134500,RAINFOREST_RESIN,9992.0,33.0,,,,,10008.0,33.0,,,,,10000.0,0.0
2,134600,RAINFOREST_RESIN,9992.0,35.0,,,,,10008.0,35.0,,,,,10000.0,0.0
2,134700,RAINFOREST_RESIN,10001.0,1.0,9992.0,28.0,,,10008.0,28.0,,,,,10004.5,0.0
2,134800,RAINFOREST_RESIN,9992.0,26.0,,,,,10008.0,26.0,,,,,10000.0,0.0
2,134900,RAINFOREST_RESIN,10001.0,1.0,9992.0,33.0,,,10008.0,33.0,,,,,10004.5,0.0
2,135000,RAINFOREST_RESIN,9992.0,30.0,,,,,9998.0,5.0,10008.0,30.0,,,9995.0,0.0
2,135100,RAINFOREST_RESIN,9992.0,26.0,,,,,10008.0,26.0,,,,,10000.0,0.0
2,135200,RAINFOREST_RESIN,9992.0,25.0,,,,,10008.0,25.0,,,,,10000.0,0.0
2,135300,RAINFOREST_RESIN,9992.0,27.0,,,,,10008.0,27.0,,,,,10000.0,0.0
2,135400,RAINFOREST_RESIN,9997.0,4.0,9992.0,31.0,,,10008.0,31.0,,,,,10002.5,0.0
2,135500,RAINFOREST_RESIN,9992.0,30.0,,,,,10008.0,30.0,,,,,10000.0,0.0
2,135600,RAINFOREST_RESIN,9992.0,32.0,,,,,10008.0,32.0,,,,,10000.0,0.0
2,135700,RAINFOREST_RESIN,9992.0,31.0,,,,,10008.0,31.0,,,,,10000.0,0.0
2,135800,RAINFOREST_RESIN,9992.0,26.0,,,,,10008.0,26.0,,,,,10000.0,0.0
2,135900,RAINFOREST_RESIN,9992.0,33.0,,,,,9999.0,1.0,10008.0,33.0,,,9995.5,0.0
2,136000,RAINFOREST_RESIN,9992.0,31.0,,,,,10008.0,31.0,,,,,10000.0,0.0
2,136100,RAINFOREST_RESIN,9992.0,26.0,,,,,10003.0,8.0,10008.0,26.0,,,9997.5,0.0
2,136200,RAINFOREST_RESIN,9992.0,29.0,,,,,9999.0,1.0,10008.0,29.0,,,9995.5,0.0
2,136300,RAINFOREST_RESIN,9997.0,2.0,9992.0,27.0,,,10008.0,27.0,,,,,10002.5,0.0
2,136400,RAINFOREST_RESIN,9992.0,26.0,,,,,9998.0,3.0,10008.0,26.0,,,9995.0,0.0
2,136500,RAINFOREST_RESIN,9992.0,32.0,,,,,10008.0,32.0,,,,,10000.0,0.0
