day,timestamp,product,bid_price_1,bid_volume_1,bid_price_2,bid_volume_2,bid_price_3,bid_volume_3,ask_price_1,ask_volume_1,ask_price_2,ask_volume_2,ask_price_3,ask_volume_3,mid_price,profit_and_loss
2,0,SQUID_INK,1799.0,23.0,,,,,1802.0,22.0,,,,,1800.5,0.0
2,100,SQUID_INK,1800.0,26.0,,,,,1802.0,5.0,1803.0,26.0,,,1801.0,0.0
2,200,SQUID_INK,1803.0,1.0,1801.0,32.0,,,1804.0,32.0,,,,,1803.5,0.0
2,300,SQUID_INK,1801.0,27.0,,,,,1804.0,28.0,,,,,1802.5,0.0
2,400,SQUID_INK,1800.0,30.0,,,,,1803.0,25.0,,,,,1801.5,0.0
2,500,SQUID_INK,1801.0,22.0,,,,,1804.0,22.0,,,,,1802.5,0.0
2,600,SQUID_INK,1802.0,25.0,,,,,1803.0,2.0,1805.0,25.0,,,1802.5,0.0
2,700,SQUID_INK,1803.0,5.0,1802.0,23.0,,,1806.0,23.0,,,,,1804.5,0.0
2,800,SQUID_INK,1804.0,28.0,,,,,1807.0,28.0,,,,,1805.5,0.0
2,900,SQUID_INK,1803.0,21.0,,,,,1806.0,21.0,,,,,1804.5,0.0
2,1000,SQUID_INK,1804.0,30.0,,,,,1807.0,30.0,,,,,1805.5,0.0
2,1100,SQUID_INK,1804.0,30.0,,,,,1807.0,30.0,,,,,1805.5,0.0
2,1200,SQUID_INK,1804.0,29.0,,,,,1807.0,29.0,,,,,1805.5,0.0
2,1300,SQUID_INK,1803.0,23.0,,,,,1807.0,23.0,,,,,1805.0,0.0
2,1400,SQUID_INK,1804.0,26.0,,,,,1807.0,26.0,,,,,1805.5,0.0
2,1500,SQUID_INK,1804.0,30.0,,,,,1807.0,31.0,,,,,1805.5,0.0
2,1600,SQUID_INK,1803.0,24.0,,,,,1806.0,24.0,,,,,1804.5,0.0
2,1700,SQUID_INK,1803.0,24.0,,,,,1806.0,24.0,,,,,1804.5,0.0
2,1800,SQUID_INK,1803.0,2.0,1802.0,28.0,,,1806.0,30.0,,,,,1804.5,0.0
2,1900,SQUID_INK,1804.0,2.0,1803.0,24.0,,,1806.0,2.0,1807.0,24.0,,,1805.0,0.0
2,2000,SQUID_INK,1805.0,22.0,,,,,1806.0,1.0,1808.0,22.0,,,1805.5,0.0
2,2100,SQUID_INK,1804.0,25.0,,,,,1808.0,25.0,,,,,1806.0,0.0
2,2200,SQUID_INK,1804.0,31.0,,,,,1807.0,31.0,,,,,1805.5,0.0
2,2300,SQUID_INK,1804.0,21.0,,,,,1807.0,21.0,,,,,1805.5,0.0
2,2400,SQUID_INK,1806.0,1.0,1804.0,29.0,,,1807.0,26.0,,,,,1806.5,0.0
2,2500,SQUID_INK,1804.0,27.0,,,,,1807.0,27.0,,,,,1805.5,0.0
2,2600,SQUID_INK,1803.0,21.0,,,,,1806.0,1.0,1807.0,20.0,,,1804.5,0.0
2,2700,SQUID_INK,1806.0,1.0,1804.0,33.0,,,1807.0,31.0,,,,,1806.5,0.0
2,2800,SQUID_INK,1804.0,5.0,1803.0,22.0,,,1806.0,22.0,,,,,1805.0,0.0
2,2900,SQUID_INK,1803.0,1.0,1802.0,21.0,,,1806.0,22.0,,,,,1804.5,0.0
2,3000,SQUID_INK,1803.0,28.0,,,,,1806.0,1.0,1807.0,27.0,,,1804.5,0.0
2,3100,SQUID_INK,1804.0,25.0,,,,,1807.0,25.0,,,,,1805.5,0.0
2,3200,SQUID_INK,1806.0,1.0,1805.0,28.0,,,1807.0,7.0,1809.0,29.0,,,1806.5,0.0
2,3300,SQUID_INK,1805.0,28.0,,,,,1808.0,2.0,1809.0,26.0,,,1806.5,0.0
2,3400,SQUID_INK,1806.0,3.0,1805.0,26.0,,,1808.0,26.0,,,,,1807.0,0.0
2,3500,SQUID_INK,1806.0,23.0,,,,,1807.0,1.0,1809.0,23.0,,,1806.5,0.0
2,3600,SQUID_INK,1807.0,3.0,1806.0,30.0,,,1809.0,30.0,,,,,1808.0,0.0
2,3700,SQUID_INK,1806.0,25.0,,,,,1807.0,5.0,1808.0,2.0,1809.0,25.0,1806.5,0.0
2,3800,SQUID_INK,1806.0,30.0,,,,,1809.0,30.0,,,,,1807.5,0.0
2,3900,SQUID_INK,1806.0,5.0,1805.0,28.0,,,1808.0,2.0,1809.0,26.0,,,1807.0,0.0
2,4000,SQUID_INK,1805.0,32.0,,,,,1808.0,32.0,,,,,1806.5,0.0
2,4100,SQUID_INK,1805.0,26.0,,,,,1808.0,26.0,,,,,1806.5,0.0
2,4200,SQUID_INK,1802.0,28.0,,,,,1805.0,28.0,,,,,1803.5,0.0
2,4300,SQUID_INK,1801.0,25.0,,,,,1802.0,5.0,1804.0,25.0,,,1801.5,0.0
2,4400,SQUID_INK,1802.0,22.0,,,,,1805.0,22.0,,,,,1803.5,0.0
2,4500,SQUID_INK,1801.0,26.0,,,,,1804.0,26.0,,,,,1802.5,0.0
2,4600,SQUID_INK,1804.0,1.0,1802.0,22.0,,,1805.0,22.0,,,,,1804.5,0.0
2,4700,SQUID_INK,1802.0,35.0,,,,,1805.0,27.0,,,,,1803.5,0.0
2,4800,SQUID_INK,1802.0,29.0,,,,,1805.0,29.0,,,,,1803.5,0.0
2,4900,SQUID_INK,1803.0,29.0,,,,,1806.0,29.0,,,,,1804.5,0.0
2,5000,SQUID_INK,1804.0,6.0,1803.0,31.0,,,1806.0,31.0,,,,,1805.0,0.0
2,5100,SQUID_INK,1804.0,1.0,1803.0,25.0,,,1806.0,25.0,,,,,1805.0,0.0
2,5200,SQUID_INK,1804.0,30.0,,,,,1807.0,30.0,,,,,1805.5,0.0
2,5300,SQUID_INK,1806.0,1.0,1804.0,22.0,,,1807.0,22.0,,,,,1806.5,0.0
2,5400,SQUID_INK,1803.0,22.0,,,,,1804.0,5.0,1805.0,7.0,1806.0,22.0,1803.5,0.0
2,5500,SQUID_INK,1804.0,29.0,,,,,1807.0,29.0,,,,,1805.5,0.0
2,5600,SQUID_INK,1804.0,8.0,1803.0,21.0,,,1806.0,21.0,,,,,1805.0,0.0
2,5700,SQUID_INK,1805.0,37.0,,,,,1808.0,30.0,,,,,1806.5,0.0
2,5800,SQUID_INK,1805.0,9.0,1804.0,28.0,,,1808.0,30.0,,,,,1806.5,0.0
2,5900,SQUID_INK,1807.0,4.0,1806.0,2.0,1805.0,29.0,1809.0,31.0,,,,,1808.0,0.0
2,6000,SQUID_INK,1805.0,32.0,,,,,1808.0,2.0,1809.0,30.0,,,1806.5,0.0
2,6100,SQUID_INK,1805.0,29.0,,,,,1806.0,5.0,1807.0,8.0,1808.0,1.0,1805.5,0.0
2,6200,SQUID_INK,1806.0,21.0,,,,,1809.0,21.0,,,,,1807.5,0.0
2,6300,SQUID_INK,1806.0,22.0,,,,,1809.0,22.0,,,,,1807.5,0.0
2,6400,SQUID_INK,1807.0,3.0,1806.0,25.0,,,1809.0,25.0,,,,,1808.0,0.0
2,6500,SQUID_INK,1805.0,26.0,,,,,1808.0,26.0,,,,,1806.5,0.0
2,6600,SQUID_INK,1805.0,25.0,,,,,1808.0,25.0,,,,,1806.5,0.0
2,6700,SQUID_INK,1805.0,30.0,,,,,1808.0,30.0,,,,,1806.5,0.0
2,6800,SQUID_INK,1805.0,33.0,,,,,1808.0,31.0,,,,,1806.5,0.0
2,6900,SQUID_INK,1805.0,24.0,,,,,1808.0,24.0,,,,,1806.5,0.0
2,7000,SQUID_INK,1807.0,2.0,1806.0,1.0,1805.0,23.0,1808.0,23.0,,,,,1807.5,0.0
2,7100,SQUID_INK,1806.0,27.0,,,,,1809.0,27.0,,,,,1807.5,0.0
2,7200,SQUID_INK,1807.0,20.0,,,,,1811.0,20.0,,,,,1809.0,0.0
2,7300,SQUID_INK,1807.0,22.0,,,,,1809.0,8.0,1810.0,22.0,,,1808.0,0.0
2,7400,SQUID_INK,1807.0,27.0,,,,,1810.0,28.0,,,,,1808.5,0.0
2,7500,SQUID_INK,1808.0,21.0,,,,,1811.0,21.0,,,,,1809.5,0.0
2,7600,SQUID_INK,1808.0,31.0,,,,,1811.0,31.0,,,,,1809.5,0.0
2,7700,SQUID_INK,1808.0,25.0,,,,,1811.0,25.0,,,,,1809.5,0.0
2,7800,SQUID_INK,1810.0,1.0,1808.0,22.0,,,1811.0,22.0,,,,,1810.5,0.0
2,7900,SQUID_INK,1810.0,24.0,,,,,1812.0,1.0,1813.0,24.0,,,1811.0,0.0
2,8000,SQUID_INK,1808.0,22.0,,,,,1811.0,22.0,,,,,1809.5,0.0
2,8100,SQUID_INK,1808.0,31.0,,,,,1811.0,31.0,,,,,1809.5,0.0
2,8200,SQUID_INK,1805.0,24.0,,,,,1807.0,7.0,1808.0,24.0,,,1806.0,0.0
2,8300,SQUID_INK,1807.0,8.0,1806.0,24.0,,,1809.0,24.0,,,,,1808.0,0.0
2,8400,SQUID_INK,1807.0,24.0,,,,,1810.0,24.0,,,,,1808.5,0.0
2,8500,SQUID_INK,1807.0,21.0,,,,,1810.0,21.0,,,,,1808.5,0.0
2,8600,SQUID_INK,1808.0,25.0,,,,,1811.0,1.0,1812.0,24.0,,,1809.5,0.0
2,8700,SQUID_INK,1808.0,30.0,,,,,1811.0,30.0,,,,,1809.5,0.0
2,8800,SQUID_INK,1810.0,24.0,,,,,1813.0,24.0,,,,,1811.5,0.0
2,8900,SQUID_INK,1808.0,29.0,,,,,1811.0,29.0,,,,,1809.5,0.0
2,9000,SQUID_INK,1809.0,20.0,,,,,1811.0,2.0,1812.0,20.0,,,1810.0,0.0
2,9100,SQUID_INK,1809.0,26.0,,,,,1812.0,26.0,,,,,1810.5,0.0
2,9200,SQUID_INK,1809.0,21.0,,,,,1811.0,6.0,1812.0,21.0,,,1810.0,0.0
2,9300,SQUID_INK,1810.0,1.0,1808.0,25.0,,,1811.0,2.0,1812.0,23.0,,,1810.5,0.0
2,9400,SQUID_INK,1808.0,30.0,,,,,1809.0,1.0,1812.0,30.0,,,1808.5,0.0
2,9500,SQUID_INK,1807.0,34.0,,,,,1810.0,28.0,,,,,1808.5,0.0
2,9600,SQUID_INK,1809.0,1.0,1807.0,32.0,,,1810.0,2.0,1811.0,30.0,,,1809.5,0.0
2,9700,SQUID_INK,1805.0,29.0,,,,,1808.0,27.0,,,,,1806.5,0.0
2,9800,SQUID_INK,1806.0,30.0,,,,,1807.0,2.0,1809.0,30.0,,,1806.5,0.0
2,9900,SQUID_INK,1805.0,31.0,,,,,1806.0,5.0,1808.0,31.0,,,1805.5,0.0
2,10000,SQUID_INK,1806.0,30.0,,,,,1809.0,23.0,,,,,1807.5,0.0
2,10100,SQUID_INK,1804.0,22.0,,,,,1808.0,22.0,,,,,1806.0,0.0
2,10200,SQUID_INK,1805.0,25.0,,,,,1808.0,25.0,,,,,1806.5,0.0
2,10300,SQUID_INK,1803.0,21.0,,,,,1806.0,21.0,,,,,1804.5,0.0
2,10400,SQUID_INK,1803.0,21.0,,,,,1806.0,21.0,,,,,1804.5,0.0
2,10500,SQUID_INK,1803.0,36.0,,,,,1806.0,29.0,,,,,1804.5,0.0
2,10600,SQUID_INK,1802.0,1.0,1801.0,26.0,,,1803.0,2.0,1805.0,27.0,,,1802.5,0.0
2,10700,SQUID_INK,1802.0,1.0,1801.0,22.0,,,1804.0,22.0,,,,,1803.0,0.0
2,10800,SQUID_INK,1802.0,1.0,1801.0,8.0,1800.0,25.0,1803.0,2.0,1804.0,23.0,,,1802.5,0.0
2,10900,SQUID_INK,1800.0,32.0,,,,,1803.0,32.0,,,,,1801.5,0.0
2,11000,SQUID_INK,1799.0,25.0,,,,,1802.0,25.0,,,,,1800.5,0.0
2,11100,SQUID_INK,1801.0,27.0,,,,,1803.0,8.0,1804.0,27.0,,,1802.0,0.0
2,11200,SQUID_INK,1800.0,27.0,,,,,1803.0,27.0,,,,,1801.5,0.0
2,11300,SQUID_INK,1798.0,29.0,,,,,1801.0,29.0,,,,,1799.5,0.0
2,11400,SQUID_INK,1798.0,28.0,,,,,1801.0,22.0,,,,,1799.5,0.0
2,11500,SQUID_INK,1800.0,6.0,1799.0,27.0,,,1802.0,27.0,,,,,1801.0,0.0
2,11600,SQUID_INK,1799.0,31.0,,,,,1802.0,31.0,,,,,1800.5,0.0
2,11700,SQUID_INK,1799.0,23.0,,,,,1800.0,3.0,1802.0,23.0,,,1799.5,0.0
2,11800,SQUID_INK,1798.0,2.0,1797.0,25.0,,,1801.0,27.0,,,,,1799.5,0.0
2,11900,SQUID_INK,1802.0,8.0,1801.0,1.0,1800.0,20.0,1804.0,21.0,,,,,1803.0,0.0
2,12000,SQUID_INK,1802.0,24.0,,,,,1805.0,24.0,,,,,1803.5,0.0
2,12100,SQUID_INK,1802.0,24.0,,,,,1804.0,8.0,1805.0,24.0,,,1803.0,0.0
2,12200,SQUID_INK,1802.0,32.0,,,,,1805.0,25.0,,,,,1803.5,0.0
2,12300,SQUID_INK,1802.0,18.0,,,,,1805.0,21.0,,,,,1803.5,0.0
2,12400,SQUID_INK,1801.0,28.0,,,,,1804.0,29.0,,,,,1802.5,0.0
2,12500,SQUID_INK,1801.0,24.0,,,,,1804.0,24.0,,,,,1802.5,0.0
2,12600,SQUID_INK,1800.0,4.0,1799.0,28.0,,,1803.0,30.0,,,,,1801.5,0.0
2,12700,SQUID_INK,1800.0,24.0,,,,,1803.0,24.0,,,,,1801.5,0.0
2,12800,SQUID_INK,1801.0,1.0,1800.0,23.0,,,1802.0,1.0,1803.0,1.0,1804.0,23.0,1801.5,0.0
2,12900,SQUID_INK,1803.0,1.0,1801.0,29.0,,,1804.0,29.0,,,,,1803.5,0.0
2,13000,SQUID_INK,1801.0,26.0,,,,,1804.0,26.0,,,,,1802.5,0.0
2,13100,SQUID_INK,1801.0,25.0,,,,,1804.0,25.0,,,,,1802.5,0.0
2,13200,SQUID_INK,1803.0,21.0,,,,,1806.0,21.0,,,,,1804.5,0.0
2,13300,SQUID_INK,1803.0,30.0,,,,,1806.0,30.0,,,,,1804.5,0.0
2,13400,SQUID_INK,1803.0,31.0,,,,,1806.0,31.0,,,,,1804.5,0.0
2,13500,SQUID_INK,1804.0,23.0,,,,,1806.0,1.0,1807.0,23.0,,,1805.0,0.0
2,13600,SQUID_INK,1806.0,3.0,1804.0,30.0,,,1808.0,30.0,,,,,1807.0,0.0
2,13700,SQUID_INK,1805.0,30.0,,,,,1807.0,2.0,1808.0,30.0,,,1806.0,0.0
2,13800,SQUID_INK,1806.0,26.0,,,,,1809.0,26.0,,,,,1807.5,0.0
2,13900,SQUID_INK,1805.0,20.0,,,,,1807.0,3.0,1808.0,21.0,,,1806.0,0.0
2,14000,SQUID_INK,1804.0,29.0,,,,,1807.0,29.0,,,,,1805.5,0.0
2,14100,SQUID_INK,1806.0,4.0,1805.0,1.0,1804.0,27.0,1808.0,28.0,,,,,1807.0,0.0
2,14200,SQUID_INK,1805.0,27.0,,,,,1808.0,27.0,,,,,1806.5,0.0
2,14300,SQUID_INK,1805.0,32.0,,,,,1808.0,32.0,,,,,1806.5,0.0
2,14400,SQUID_INK,1806.0,32.0,,,,,1809.0,27.0,,,,,1807.5,0.0
2,14500,SQUID_INK,1805.0,20.0,,,,,1806.0,4.0,1809.0,21.0,,,1805.5,0.0
2,14600,SQUID_INK,1805.0,23.0,,,,,1807.0,5.0,1808.0,23.0,,,1806.0,0.0
2,14700,SQUID_INK,1807.0,1.0,1806.0,4.0,1805.0,26.0,1808.0,26.0,,,,,1807.5,0.0
2,14800,SQUID_INK,1805.0,24.0,,,,,1808.0,24.0,,,,,1806.5,0.0
2,14900,SQUID_INK,1804.0,21.0,,,,,1806.0,7.0,1807.0,21.0,,,1805.0,0.0
2,15000,SQUID_INK,1806.0,1.0,1804.0,25.0,,,1808.0,25.0,,,,,1807.0,0.0
2,15100,SQUID_INK,1803.0,26.0,,,,,1806.0,26.0,,,,,1804.5,0.0
2,15200,SQUID_INK,1803.0,24.0,,,,,1806.0,25.0,,,,,1804.5,0.0
2,15300,SQUID_INK,1804.0,1.0,1803.0,26.0,,,1806.0,26.0,,,,,1805.0,0.0
2,15400,SQUID_INK,1804.0,1.0,1803.0,23.0,,,1805.0,1.0,1807.0,24.0,,,1804.5,0.0
2,15500,SQUID_INK,1804.0,2.0,1803.0,24.0,,,1806.0,2.0,1807.0,22.0,,,1805.0,0.0
2,15600,SQUID_INK,1803.0,25.0,,,,,1806.0,25.0,,,,,1804.5,0.0
2,15700,SQUID_INK,1803.0,21.0,,,,,1806.0,21.0,,,,,1804.5,0.0
2,15800,SQUID_INK,1804.0,6.0,1803.0,25.0,,,1806.0,25.0,,,,,1805.0,0.0
2,15900,SQUID_INK,1804.0,9.0,1803.0,30.0,,,1807.0,31.0,,,,,1805.5,0.0
2,16000,SQUID_INK,1805.0,23.0,,,,,1807.0,1.0,1808.0,23.0,,,1806.0,0.0
2,16100,SQUID_INK,1805.0,3.0,1804.0,27.0,,,1807.0,27.0,,,,,1806.0,0.0
2,16200,SQUID_INK,1805.0,23.0,,,,,1808.0,23.0,,,,,1806.5,0.0
2,16300,SQUID_INK,1805.0,2.0,1804.0,22.0,,,1806.0,3.0,1808.0,24.0,,,1805.5,0.0
2,16400,SQUID_INK,1803.0,27.0,,,,,1806.0,27.0,,,,,1804.5,0.0
2,16500,SQUID_INK,1805.0,1.0,1804.0,22.0,,,1808.0,23.0,,,,,1806.5,0.0
2,16600,SQUID_INK,1805.0,29.0,,,,,1808.0,29.0,,,,,1806.5,0.0
2,16700,SQUID_INK,1805.0,2.0,1804.0,30.0,,,1807.0,2.0,1808.0,30.0,,,1806.0,0.0
2,16800,SQUID_INK,1805.0,2.0,1804.0,26.0,,,1806.0,2.0,1808.0,28.0,,,1805.5,0.0
2,16900,SQUID_INK,1804.0,23.0,,,,,1807.0,23.0,,,,,1805.5,0.0
2,17000,SQUID_INK,1803.0,28.0,,,,,1806.0,28.0,,,,,1804.5,0.0
2,17100,SQUID_INK,1803.0,10.0,1802.0,25.0,,,1806.0,27.0,,,,,1804.5,0.0
2,17200,SQUID_INK,1802.0,34.0,,,,,1805.0,26.0,,,,,1803.5,0.0
2,17300,SQUID_INK,1801.0,29.0,,,,,1803.0,2.0,1804.0,29.0,,,1802.0,0.0
2,17400,SQUID_INK,1798.0,21.0,,,,,1801.0,21.0,,,,,1799.5,0.0
2,17500,SQUID_INK,1797.0,1.0,1796.0,27.0,,,1800.0,28.0,,,,,1798.5,0.0
2,17600,SQUID_INK,1798.0,26.0,,,,,1801.0,26.0,,,,,1799.5,0.0
2,17700,SQUID_INK,1801.0,26.0,,,,,1804.0,26.0,,,,,1802.5,0.0
2,17800,SQUID_INK,1802.0,23.0,,,,,1805.0,23.0,,,,,1803.5,0.0
2,17900,SQUID_INK,1804.0,1.0,1802.0,26.0,,,1805.0,22.0,,,,,1804.5,0.0
2,18000,SQUID_INK,1805.0,1.0,1804.0,4.0,1803.0,23.0,1807.0,25.0,,,,,1806.0,0.0
2,18100,SQUID_INK,1805.0,6.0,1804.0,1.0,1803.0,30.0,1807.0,31.0,,,,,1806.0,0.0
2,18200,SQUID_INK,1793.0,28.0,,,,,1796.0,28.0,,,,,1794.5,0.0
2,18300,SQUID_INK,1797.0,30.0,,,,,1800.0,30.0,,,,,1798.5,0.0
2,18400,SQUID_INK,1795.0,22.0,,,,,1798.0,22.0,,,,,1796.5,0.0
2,18500,SQUID_INK,1797.0,32.0,,,,,1800.0,26.0,,,,,1798.5,0.0
2,18600,SQUID_INK,1795.0,26.0,,,,,1797.0,4.0,1798.0,27.0,,,1796.0,0.0
2,18700,SQUID_INK,1796.0,1.0,1794.0,20.0,,,1797.0,20.0,,,,,1796.5,0.0
2,18800,SQUID_INK,1798.0,10.0,1796.0,31.0,,,1799.0,31.0,,,,,1798.5,0.0
2,18900,SQUID_INK,1797.0,1.0,1795.0,31.0,,,1798.0,31.0,,,,,1797.5,0.0
2,19000,SQUID_INK,1797.0,28.0,,,,,1799.0,4.0,1800.0,28.0,,,1798.0,0.0
2,19100,SQUID_INK,1796.0,28.0,,,,,1799.0,30.0,,,,,1797.5,0.0
2,19200,SQUID_INK,1795.0,24.0,,,,,1797.0,5.0,1798.0,24.0,,,1796.0,0.0
2,19300,SQUID_INK,1796.0,24.0,,,,,1799.0,24.0,,,,,1797.5,0.0
2,19400,SQUID_INK,1796.0,23.0,,,,,1797.0,6.0,1799.0,24.0,,,1796.5,0.0
2,19500,SQUID_INK,1792.0,24.0,,,,,1795.0,24.0,,,,,1793.5,0.0
2,19600,SQUID_INK,1795.0,2.0,1794.0,26.0,,,1797.0,2.0,1798.0,26.0,,,1796.0,0.0
2,19700,SQUID_INK,1795.0,26.0,,,,,1797.0,7.0,1798.0,27.0,,,1796.0,0.0
2,19800,SQUID_INK,1795.0,29.0,,,,,1798.0,29.0,,,,,1796.5,0.0
2,19900,SQUID_INK,1795.0,28.0,,,,,1798.0,28.0,,,,,1796.5,0.0
2,20000,SQUID_INK,1794.0,23.0,,,,,1796.0,3.0,1797.0,23.0,,,1795.0,0.0
2,20100,SQUID_INK,1793.0,35.0,,,,,1796.0,32.0,,,,,1794.5,0.0
2,20200,SQUID_INK,1791.0,26.0,,,,,1795.0,26.0,,,,,1793.0,0.0
2,20300,SQUID_INK,1793.0,26.0,,,,,1796.0,27.0,,,,,1794.5,0.0
2,20400,SQUID_INK,1794.0,27.0,,,,,1797.0,27.0,,,,,1795.5,0.0
2,20500,SQUID_INK,1794.0,28.0,,,,,1797.0,28.0,,,,,1795.5,0.0
2,20600,SQUID_INK,1795.0,26.0,,,,,1798.0,26.0,,,,,1796.5,0.0
2,20700,SQUID_INK,1797.0,21.0,,,,,1799.0,4.0,1800.0,21.0,,,1798.0,0.0
2,20800,SQUID_INK,1797.0,24.0,,,,,1800.0,24.0,,,,,1798.5,0.0
2,20900,SQUID_INK,1797.0,21.0,,,,,1800.0,21.0,,,,,1798.5,0.0
2,21000,SQUID_INK,1798.0,23.0,,,,,1801.0,23.0,,,,,1799.5,0.0
2,21100,SQUID_INK,1799.0,32.0,,,,,1802.0,27.0,,,,,1800.5,0.0
2,21200,SQUID_INK,1799.0,26.0,,,,,1802.0,26.0,,,,,1800.5,0.0
2,21300,SQUID_INK,1800.0,1.0,1798.0,30.0,,,1801.0,30.0,,,,,1800.5,0.0
2,21400,SQUID_INK,1796.0,26.0,,,,,1799.0,26.0,,,,,1797.5,0.0
2,21500,SQUID_INK,1797.0,29.0,,,,,1800.0,29.0,,,,,1798.5,0.0
2,21600,SQUID_INK,1796.0,28.0,,,,,1799.0,28.0,,,,,1797.5,0.0
2,21700,SQUID_INK,1796.0,27.0,,,,,1798.0,2.0,1800.0,27.0,,,1797.0,0.0
2,21800,SQUID_INK,1798.0,10.0,1797.0,8.0,1796.0,25.0,1799.0,25.0,,,,,1798.5,0.0
2,21900,SQUID_INK,1796.0,30.0,,,,,1799.0,30.0,,,,,1797.5,0.0
2,22000,SQUID_INK,1796.0,26.0,,,,,1799.0,29.0,,,,,1797.5,0.0
2,22100,SQUID_INK,1795.0,30.0,,,,,1798.0,30.0,,,,,1796.5,0.0
2,22200,SQUID_INK,1795.0,29.0,,,,,1797.0,8.0,1798.0,29.0,,,1796.0,0.0
2,22300,SQUID_INK,1794.0,28.0,,,,,1797.0,28.0,,,,,1795.5,0.0
2,22400,SQUID_INK,1792.0,26.0,,,,,1795.0,26.0,,,,,1793.5,0.0
2,22500,SQUID_INK,1794.0,27.0,,,,,1798.0,27.0,,,,,1796.0,0.0
2,22600,SQUID_INK,1794.0,5.0,1793.0,28.0,,,1796.0,28.0,,,,,1795.0,0.0
2,22700,SQUID_INK,1791.0,30.0,,,,,1794.0,30.0,,,,,1792.5,0.0
2,22800,SQUID_INK,1792.0,27.0,,,,,1795.0,27.0,,,,,1793.5,0.0
2,22900,SQUID_INK,1792.0,2.0,1791.0,26.0,,,1795.0,28.0,,,,,1793.5,0.0
2,23000,SQUID_INK,1791.0,25.0,,,,,1794.0,23.0,,,,,1792.5,0.0
2,23100,SQUID_INK,1792.0,29.0,,,,,1794.0,4.0,1795.0,29.0,,,1793.0,0.0
2,23200,SQUID_INK,1792.0,29.0,,,,,1794.0,8.0,1795.0,29.0,,,1793.0,0.0
2,23300,SQUID_INK,1792.0,28.0,,,,,1795.0,28.0,,,,,1793.5,0.0
2,23400,SQUID_INK,1792.0,33.0,,,,,1795.0,30.0,,,,,1793.5,0.0
2,23500,SQUID_INK,1793.0,1.0,1792.0,28.0,,,1796.0,29.0,,,,,1794.5,0.0
2,23600,SQUID_INK,1793.0,22.0,,,,,1795.0,7.0,1796.0,22.0,,,1794.0,0.0
2,23700,SQUID_INK,1792.0,32.0,,,,,1795.0,32.0,,,,,1793.5,0.0
2,23800,SQUID_INK,1792.0,1.0,1791.0,27.0,,,1795.0,28.0,,,,,1793.5,0.0
2,23900,SQUID_INK,1790.0,31.0,,,,,1793.0,31.0,,,,,1791.5,0.0
2,24000,SQUID_INK,1791.0,2.0,1790.0,24.0,,,1792.0,4.0,1793.0,24.0,,,1791.5,0.0
2,24100,SQUID_INK,1790.0,23.0,,,,,1793.0,23.0,,,,,1791.5,0.0
2,24200,SQUID_INK,1790.0,34.0,,,,,1793.0,32.0,,,,,1791.5,0.0
2,24300,SQUID_INK,1789.0,32.0,,,,,1792.0,2.0,1793.0,30.0,,,1790.5,0.0
2,24400,SQUID_INK,1787.0,21.0,,,,,1790.0,22.0,,,,,1788.5,0.0
2,24500,SQUID_INK,1787.0,24.0,,,,,1789.0,2.0,1790.0,24.0,,,1788.0,0.0
2,24600,SQUID_INK,1787.0,25.0,,,,,1790.0,25.0,,,,,1788.5,0.0
2,24700,SQUID_INK,1786.0,22.0,,,,,1789.0,22.0,,,,,1787.5,0.0
2,24800,SQUID_INK,1787.0,21.0,,,,,1790.0,21.0,,,,,1788.5,0.0
2,24900,SQUID_INK,1787.0,36.0,,,,,1790.0,30.0,,,,,1788.5,0.0
2,25000,SQUID_INK,1788.0,27.0,,,,,1790.0,2.0,1791.0,27.0,,,1789.0,0.0
2,25100,SQUID_INK,1790.0,31.0,,,,,1793.0,31.0,,,,,1791.5,0.0
2,25200,SQUID_INK,1789.0,2.0,1788.0,24.0,,,1791.0,2.0,1792.0,24.0,,,1790.0,0.0
2,25300,SQUID_INK,1787.0,28.0,,,,,1788.0,5.0,1790.0,28.0,,,1787.5,0.0
2,25400,SQUID_INK,1788.0,9.0,1787.0,28.0,,,1791.0,30.0,,,,,1789.5,0.0
2,25500,SQUID_INK,1788.0,6.0,1787.0,22.0,,,1790.0,1.0,1791.0,22.0,,,1789.0,0.0
2,25600,SQUID_INK,1788.0,25.0,,,,,1791.0,25.0,,,,,1789.5,0.0
2,25700,SQUID_INK,1789.0,22.0,,,,,1792.0,22.0,,,,,1790.5,0.0
2,25800,SQUID_INK,1790.0,20.0,,,,,1794.0,20.0,,,,,1792.0,0.0
2,25900,SQUID_INK,1792.0,30.0,,,,,1795.0,30.0,,,,,1793.5,0.0
2,26000,SQUID_INK,1792.0,22.0,,,,,1794.0,6.0,1795.0,22.0,,,1793.0,0.0
2,26100,SQUID_INK,1791.0,28.0,,,,,1793.0,5.0,1794.0,29.0,,,1792.0,0.0
2,26200,SQUID_INK,1793.0,9.0,1791.0,32.0,,,1794.0,32.0,,,,,1793.5,0.0
2,26300,SQUID_INK,1791.0,23.0,,,,,1794.0,23.0,,,,,1792.5,0.0
2,26400,SQUID_INK,1792.0,24.0,,,,,1795.0,24.0,,,,,1793.5,0.0
2,26500,SQUID_INK,1792.0,29.0,,,,,1794.0,7.0,1795.0,29.0,,,1793.0,0.0
2,26600,SQUID_INK,1792.0,30.0,,,,,1795.0,28.0,,,,,1793.5,0.0
2,26700,SQUID_INK,1793.0,20.0,,,,,1796.0,24.0,,,,,1794.5,0.0
2,26800,SQUID_INK,1796.0,1.0,1794.0,26.0,,,1797.0,26.0,,,,,1796.5,0.0
2,26900,SQUID_INK,1792.0,30.0,,,,,1794.0,1.0,1795.0,30.0,,,1793.0,0.0
2,27000,SQUID_INK,1791.0,27.0,,,,,1792.0,6.0,1794.0,27.0,,,1791.5,0.0
2,27100,SQUID_INK,1789.0,22.0,,,,,1790.0,5.0,1792.0,22.0,,,1789.5,0.0
2,27200,SQUID_INK,1788.0,3.0,1787.0,24.0,,,1790.0,24.0,,,,,1789.0,0.0
2,27300,SQUID_INK,1790.0,3.0,1788.0,26.0,,,1791.0,26.0,,,,,1790.5,0.0
2,27400,SQUID_INK,1784.0,27.0,,,,,1788.0,27.0,,,,,1786.0,0.0
2,27500,SQUID_INK,1785.0,26.0,,,,,1787.0,7.0,1788.0,26.0,,,1786.0,0.0
2,27600,SQUID_INK,1784.0,25.0,,,,,1787.0,25.0,,,,,1785.5,0.0
2,27700,SQUID_INK,1784.0,24.0,,,,,1787.0,24.0,,,,,1785.5,0.0
2,27800,SQUID_INK,1783.0,22.0,,,,,1787.0,22.0,,,,,1785.0,0.0
2,27900,SQUID_INK,1784.0,22.0,,,,,1787.0,22.0,,,,,1785.5,0.0
2,28000,SQUID_INK,1785.0,28.0,,,,,1786.0,4.0,1787.0,5.0,1788.0,28.0,1785.5,0.0
2,28100,SQUID_INK,1787.0,23.0,,,,,1790.0,23.0,,,,,1788.5,0.0
2,28200,SQUID_INK,1789.0,1.0,1787.0,24.0,,,1790.0,24.0,,,,,1789.5,0.0
2,28300,SQUID_INK,1786.0,21.0,,,,,1788.0,1.0,1789.0,21.0,,,1787.0,0.0
2,28400,SQUID_INK,1785.0,22.0,,,,,1787.0,6.0,1788.0,22.0,,,1786.0,0.0
2,28500,SQUID_INK,1783.0,27.0,,,,,1786.0,27.0,,,,,1784.5,0.0
2,28600,SQUID_INK,1783.0,22.0,,,,,1786.0,28.0,,,,,1784.5,0.0
2,28700,SQUID_INK,1782.0,28.0,,,,,1785.0,28.0,,,,,1783.5,0.0
2,28800,SQUID_INK,1784.0,30.0,,,,,1787.0,30.0,,,,,1785.5,0.0
2,28900,SQUID_INK,1785.0,24.0,,,,,1788.0,24.0,,,,,1786.5,0.0
2,29000,SQUID_INK,1784.0,25.0,,,,,1787.0,25.0,,,,,1785.5,0.0
2,29100,SQUID_INK,1787.0,1.0,1786.0,5.0,1785.0,30.0,1789.0,30.0,,,,,1788.0,0.0
2,29200,SQUID_INK,1786.0,20.0,,,,,1788.0,4.0,1789.0,20.0,,,1787.0,0.0
2,29300,SQUID_INK,1785.0,23.0,,,,,1788.0,23.0,,,,,1786.5,0.0
2,29400,SQUID_INK,1787.0,1.0,1785.0,25.0,,,1788.0,25.0,,,,,1787.5,0.0
2,29500,SQUID_INK,1784.0,23.0,,,,,1787.0,23.0,,,,,1785.5,0.0
2,29600,SQUID_INK,1781.0,27.0,,,,,1784.0,27.0,,,,,1782.5,0.0
2,29700,SQUID_INK,1782.0,1.0,1780.0,31.0,,,1783.0,31.0,,,,,1782.5,0.0
2,29800,SQUID_INK,1782.0,29.0,,,,,1785.0,24.0,,,,,1783.5,0.0
2,29900,SQUID_INK,1784.0,1.0,1783.0,28.0,,,1786.0,25.0,,,,,1785.0,0.0
2,30000,SQUID_INK,1781.0,26.0,,,,,1785.0,26.0,,,,,1783.0,0.0
2,30100,SQUID_INK,1783.0,28.0,,,,,1784.0,3.0,1786.0,28.0,,,1783.5,0.0
2,30200,SQUID_INK,1781.0,26.0,,,,,1784.0,26.0,,,,,1782.5,0.0
2,30300,SQUID_INK,1779.0,23.0,,,,,1781.0,5.0,1782.0,23.0,,,1780.0,0.0
2,30400,SQUID_INK,1780.0,26.0,,,,,1783.0,26.0,,,,,1781.5,0.0
2,30500,SQUID_INK,1779.0,21.0,,,,,1782.0,1.0,1783.0,20.0,,,1780.5,0.0
2,30600,SQUID_INK,1781.0,3.0,1780.0,26.0,,,1783.0,26.0,,,,,1782.0,0.0
2,30700,SQUID_INK,1778.0,24.0,,,,,1781.0,24.0,,,,,1779.5,0.0
2,30800,SQUID_INK,1775.0,31.0,,,,,1778.0,31.0,,,,,1776.5,0.0
2,30900,SQUID_INK,1776.0,1.0,1774.0,28.0,,,1777.0,25.0,,,,,1776.5,0.0
2,31000,SQUID_INK,1778.0,1.0,1776.0,31.0,,,1779.0,31.0,,,,,1778.5,0.0
2,31100,SQUID_INK,1775.0,28.0,,,,,1778.0,28.0,,,,,1776.5,0.0
2,31200,SQUID_INK,1775.0,26.0,,,,,1779.0,26.0,,,,,1777.0,0.0
2,31300,SQUID_INK,1776.0,1.0,1774.0,26.0,,,1777.0,26.0,,,,,1776.5,0.0
2,31400,SQUID_INK,1774.0,24.0,,,,,1777.0,1.0,1778.0,23.0,,,1775.5,0.0
2,31500,SQUID_INK,1773.0,27.0,,,,,1776.0,27.0,,,,,1774.5,0.0
2,31600,SQUID_INK,1774.0,24.0,,,,,1777.0,20.0,,,,,1775.5,0.0
2,31700,SQUID_INK,1774.0,20.0,,,,,1776.0,2.0,1778.0,20.0,,,1775.0,0.0
2,31800,SQUID_INK,1775.0,1.0,1774.0,29.0,,,1777.0,1.0,1778.0,29.0,,,1776.0,0.0
2,31900,SQUID_INK,1775.0,33.0,,,,,1778.0,27.0,,,,,1776.5,0.0
2,32000,SQUID_INK,1777.0,25.0,,,,,1780.0,29.0,,,,,1778.5,0.0
2,32100,SQUID_INK,1777.0,20.0,,,,,1780.0,20.0,,,,,1778.5,0.0
2,32200,SQUID_INK,1779.0,22.0,,,,,1780.0,4.0,1781.0,2.0,1782.0,22.0,1779.5,0.0
2,32300,SQUID_INK,1778.0,29.0,,,,,1780.0,5.0,1781.0,29.0,,,1779.0,0.0
2,32400,SQUID_INK,1780.0,29.0,,,,,1781.0,2.0,1783.0,29.0,,,1780.5,0.0
2,32500,SQUID_INK,1779.0,31.0,,,,,1782.0,31.0,,,,,1780.5,0.0
2,32600,SQUID_INK,1780.0,23.0,,,,,1783.0,23.0,,,,,1781.5,0.0
2,32700,SQUID_INK,1782.0,22.0,,,,,1785.0,22.0,,,,,1783.5,0.0
2,32800,SQUID_INK,1781.0,24.0,,,,,1785.0,24.0,,,,,1783.0,0.0
2,32900,SQUID_INK,1781.0,27.0,,,,,1783.0,5.0,1784.0,28.0,,,1782.0,0.0
2,33000,SQUID_INK,1782.0,22.0,,,,,1783.0,6.0,1785.0,22.0,,,1782.5,0.0
2,33100,SQUID_INK,1782.0,20.0,,,,,1785.0,21.0,,,,,1783.5,0.0
2,33200,SQUID_INK,1783.0,27.0,,,,,1784.0,1.0,1786.0,27.0,,,1783.5,0.0
2,33300,SQUID_INK,1782.0,25.0,,,,,1784.0,5.0,1786.0,25.0,,,1783.0,0.0
2,33400,SQUID_INK,1784.0,1.0,1783.0,20.0,,,1787.0,21.0,,,,,1785.5,0.0
2,33500,SQUID_INK,1786.0,4.0,1785.0,25.0,,,1788.0,1.0,1789.0,25.0,,,1787.0,0.0
2,33600,SQUID_INK,1786.0,28.0,,,,,1789.0,28.0,,,,,1787.5,0.0
2,33700,SQUID_INK,1787.0,33.0,,,,,1790.0,29.0,,,,,1788.5,0.0
2,33800,SQUID_INK,1788.0,25.0,,,,,1791.0,25.0,,,,,1789.5,0.0
2,33900,SQUID_INK,1788.0,20.0,,,,,1791.0,20.0,,,,,1789.5,0.0
2,34000,SQUID_INK,1788.0,27.0,,,,,1791.0,27.0,,,,,1789.5,0.0
2,34100,SQUID_INK,1789.0,29.0,,,,,1792.0,29.0,,,,,1790.5,0.0
2,34200,SQUID_INK,1788.0,1.0,1787.0,21.0,,,1790.0,1.0,1791.0,21.0,,,1789.0,0.0
2,34300,SQUID_INK,1787.0,30.0,,,,,1790.0,30.0,,,,,1788.5,0.0
2,34400,SQUID_INK,1787.0,26.0,,,,,1790.0,1.0,1791.0,25.0,,,1788.5,0.0
2,34500,SQUID_INK,1787.0,21.0,,,,,1788.0,4.0,1790.0,21.0,,,1787.5,0.0
2,34600,SQUID_INK,1789.0,22.0,,,,,1792.0,22.0,,,,,1790.5,0.0
2,34700,SQUID_INK,1788.0,29.0,,,,,1791.0,29.0,,,,,1789.5,0.0
2,34800,SQUID_INK,1790.0,3.0,1789.0,4.0,1788.0,27.0,1792.0,27.0,,,,,1791.0,0.0
2,34900,SQUID_INK,1789.0,26.0,,,,,1792.0,26.0,,,,,1790.5,0.0
2,35000,SQUID_INK,1790.0,24.0,,,,,1792.0,7.0,1793.0,24.0,,,1791.0,0.0
2,35100,SQUID_INK,1791.0,20.0,,,,,1794.0,20.0,,,,,1792.5,0.0
2,35200,SQUID_INK,1791.0,20.0,,,,,1794.0,21.0,,,,,1792.5,0.0
2,35300,SQUID_INK,1791.0,37.0,,,,,1794.0,31.0,,,,,1792.5,0.0
2,35400,SQUID_INK,1792.0,25.0,,,,,1795.0,25.0,,,,,1793.5,0.0
2,35500,SQUID_INK,1791.0,21.0,,,,,1794.0,21.0,,,,,1792.5,0.0
2,35600,SQUID_INK,1791.0,24.0,,,,,1794.0,20.0,,,,,1792.5,0.0
2,35700,SQUID_INK,1791.0,22.0,,,,,1792.0,1.0,1794.0,22.0,,,1791.5,0.0
2,35800,SQUID_INK,1792.0,26.0,,,,,1795.0,26.0,,,,,1793.5,0.0
2,35900,SQUID_INK,1792.0,20.0,,,,,1793.0,6.0,1795.0,20.0,,,1792.5,0.0
2,36000,SQUID_INK,1792.0,24.0,,,,,1795.0,24.0,,,,,1793.5,0.0
2,36100,SQUID_INK,1790.0,28.0,,,,,1793.0,28.0,,,,,1791.5,0.0
2,36200,SQUID_INK,1788.0,30.0,,,,,1789.0,2.0,1791.0,30.0,,,1788.5,0.0
2,36300,SQUID_INK,1785.0,21.0,,,,,1788.0,21.0,,,,,1786.5,0.0
2,36400,SQUID_INK,1789.0,26.0,,,,,1791.0,6.0,1792.0,26.0,,,1790.0,0.0
2,36500,SQUID_INK,1789.0,22.0,,,,,1791.0,4.0,1792.0,1.0,1793.0,21.0,1790.0,0.0
2,36600,SQUID_INK,1789.0,30.0,,,,,1792.0,24.0,,,,,1790.5,0.0
2,36700,SQUID_INK,1790.0,27.0,,,,,1793.0,27.0,,,,,1791.5,0.0
2,36800,SQUID_INK,1790.0,23.0,,,,,1793.0,23.0,,,,,1791.5,0.0
2,36900,SQUID_INK,1791.0,1.0,1790.0,23.0,,,1792.0,5.0,1794.0,25.0,,,1791.5,0.0
2,37000,SQUID_INK,1789.0,32.0,,,,,1792.0,28.0,,,,,1790.5,0.0
2,37100,SQUID_INK,1790.0,25.0,,,,,1793.0,25.0,,,,,1791.5,0.0
2,37200,SQUID_INK,1789.0,30.0,,,,,1792.0,24.0,,,,,1790.5,0.0
2,37300,SQUID_INK,1791.0,2.0,1790.0,29.0,,,1792.0,6.0,1793.0,29.0,,,1791.5,0.0
2,37400,SQUID_INK,1788.0,22.0,,,,,1791.0,2.0,1792.0,20.0,,,1789.5,0.0
2,37500,SQUID_INK,1789.0,28.0,,,,,1792.0,24.0,,,,,1790.5,0.0
2,37600,SQUID_INK,1789.0,25.0,,,,,1792.0,25.0,,,,,1790.5,0.0
2,37700,SQUID_INK,1790.0,1.0,1788.0,22.0,,,1791.0,22.0,,,,,1790.5,0.0
2,37800,SQUID_INK,1789.0,26.0,,,,,1792.0,26.0,,,,,1790.5,0.0
2,37900,SQUID_INK,1788.0,29.0,,,,,1789.0,4.0,1791.0,29.0,,,1788.5,0.0
2,38000,SQUID_INK,1789.0,1.0,1788.0,24.0,,,1790.0,2.0,1792.0,25.0,,,1789.5,0.0
2,38100,SQUID_INK,1787.0,27.0,,,,,1790.0,27.0,,,,,1788.5,0.0
2,38200,SQUID_INK,1787.0,6.0,1786.0,30.0,,,1789.0,30.0,,,,,1788.0,0.0
2,38300,SQUID_INK,1786.0,25.0,,,,,1790.0,25.0,,,,,1788.0,0.0
2,38400,SQUID_INK,1788.0,27.0,,,,,1791.0,27.0,,,,,1789.5,0.0
2,38500,SQUID_INK,1790.0,6.0,1789.0,22.0,,,1792.0,22.0,,,,,1791.0,0.0
2,38600,SQUID_INK,1789.0,31.0,,,,,1792.0,31.0,,,,,1790.5,0.0
2,38700,SQUID_INK,1788.0,27.0,,,,,1791.0,27.0,,,,,1789.5,0.0
2,38800,SQUID_INK,1787.0,21.0,,,,,1790.0,21.0,,,,,1788.5,0.0
2,38900,SQUID_INK,1788.0,2.0,1787.0,21.0,,,1789.0,4.0,1790.0,2.0,1791.0,21.0,1788.5,0.0
2,39000,SQUID_INK,1788.0,29.0,,,,,1791.0,29.0,,,,,1789.5,0.0
2,39100,SQUID_INK,1788.0,23.0,,,,,1789.0,4.0,1791.0,23.0,,,1788.5,0.0
2,39200,SQUID_INK,1788.0,23.0,,,,,1791.0,23.0,,,,,1789.5,0.0
2,39300,SQUID_INK,1789.0,4.0,1788.0,21.0,,,1792.0,23.0,,,,,1790.5,0.0
2,39400,SQUID_INK,1789.0,27.0,,,,,1792.0,27.0,,,,,1790.5,0.0
2,39500,SQUID_INK,1790.0,1.0,1789.0,2.0,1788.0,23.0,1792.0,25.0,,,,,1791.0,0.0
2,39600,SQUID_INK,1788.0,28.0,,,,,1791.0,28.0,,,,,1789.5,0.0
2,39700,SQUID_INK,1787.0,21.0,,,,,1790.0,21.0,,,,,1788.5,0.0
2,39800,SQUID_INK,1787.0,28.0,,,,,1789.0,1.0,1790.0,28.0,,,1788.0,0.0
2,39900,SQUID_INK,1786.0,31.0,,,,,1789.0,25.0,,,,,1787.5,0.0
2,40000,SQUID_INK,1787.0,32.0,,,,,1790.0,30.0,,,,,1788.5,0.0
2,40100,SQUID_INK,1787.0,32.0,,,,,1790.0,32.0,,,,,1788.5,0.0
2,40200,SQUID_INK,1786.0,22.0,,,,,1788.0,6.0,1789.0,22.0,,,1787.0,0.0
2,40300,SQUID_INK,1786.0,30.0,,,,,1787.0,7.0,1789.0,30.0,,,1786.5,0.0
2,40400,SQUID_INK,1787.0,14.0,,,,,1788.0,8.0,1790.0,22.0,,,1787.5,0.0
2,40500,SQUID_INK,1787.0,21.0,,,,,1790.0,21.0,,,,,1788.5,0.0
2,40600,SQUID_INK,1785.0,1.0,1784.0,27.0,,,1788.0,28.0,,,,,1786.5,0.0
2,40700,SQUID_INK,1783.0,20.0,,,,,1787.0,20.0,,,,,1785.0,0.0
2,40800,SQUID_INK,1784.0,24.0,,,,,1787.0,24.0,,,,,1785.5,0.0
2,40900,SQUID_INK,1785.0,21.0,,,,,1788.0,21.0,,,,,1786.5,0.0
2,41000,SQUID_INK,1787.0,5.0,1786.0,27.0,,,1790.0,27.0,,,,,1788.5,0.0
2,41100,SQUID_INK,1788.0,23.0,,,,,1791.0,23.0,,,,,1789.5,0.0
2,41200,SQUID_INK,1788.0,26.0,,,,,1791.0,27.0,,,,,1789.5,0.0
2,41300,SQUID_INK,1788.0,28.0,,,,,1789.0,4.0,1790.0,8.0,1791.0,28.0,1788.5,0.0
2,41400,SQUID_INK,1787.0,28.0,,,,,1790.0,28.0,,,,,1788.5,0.0
2,41500,SQUID_INK,1788.0,4.0,1787.0,20.0,,,1791.0,20.0,,,,,1789.5,0.0
2,41600,SQUID_INK,1789.0,31.0,,,,,1792.0,31.0,,,,,1790.5,0.0
2,41700,SQUID_INK,1790.0,1.0,1789.0,22.0,,,1793.0,23.0,,,,,1791.5,0.0
2,41800,SQUID_INK,1789.0,2.0,1788.0,22.0,,,1790.0,6.0,1792.0,24.0,,,1789.5,0.0
2,41900,SQUID_INK,1791.0,34.0,,,,,1794.0,26.0,,,,,1792.5,0.0
2,42000,SQUID_INK,1791.0,29.0,,,,,1794.0,29.0,,,,,1792.5,0.0
2,42100,SQUID_INK,1791.0,25.0,,,,,1794.0,25.0,,,,,1792.5,0.0
2,42200,SQUID_INK,1790.0,21.0,,,,,1792.0,3.0,1793.0,21.0,,,1791.0,0.0
2,42300,SQUID_INK,1793.0,3.0,1791.0,21.0,,,1794.0,21.0,,,,,1793.5,0.0
2,42400,SQUID_INK,1792.0,30.0,,,,,1795.0,30.0,,,,,1793.5,0.0
2,42500,SQUID_INK,1793.0,3.0,1792.0,30.0,,,1795.0,30.0,,,,,1794.0,0.0
2,42600,SQUID_INK,1792.0,29.0,,,,,1794.0,8.0,1795.0,29.0,,,1793.0,0.0
2,42700,SQUID_INK,1792.0,1.0,1791.0,25.0,,,1795.0,26.0,,,,,1793.5,0.0
2,42800,SQUID_INK,1791.0,25.0,,,,,1794.0,26.0,,,,,1792.5,0.0
2,42900,SQUID_INK,1790.0,25.0,,,,,1793.0,25.0,,,,,1791.5,0.0
2,43000,SQUID_INK,1790.0,30.0,,,,,1793.0,30.0,,,,,1791.5,0.0
2,43100,SQUID_INK,1791.0,22.0,,,,,1793.0,5.0,1794.0,22.0,,,1792.0,0.0
2,43200,SQUID_INK,1791.0,25.0,,,,,1792.0,2.0,1794.0,25.0,,,1791.5,0.0
2,43300,SQUID_INK,1793.0,27.0,,,,,1796.0,27.0,,,,,1794.5,0.0
2,43400,SQUID_INK,1792.0,27.0,,,,,1794.0,4.0,1795.0,27.0,,,1793.0,0.0
2,43500,SQUID_INK,1792.0,24.0,,,,,1794.0,3.0,1795.0,24.0,,,1793.0,0.0
2,43600,SQUID_INK,1792.0,28.0,,,,,1794.0,6.0,1795.0,28.0,,,1793.0,0.0
2,43700,SQUID_INK,1793.0,28.0,,,,,1794.0,5.0,1796.0,28.0,,,1793.5,0.0
2,43800,SQUID_INK,1792.0,32.0,,,,,1795.0,32.0,,,,,1793.5,0.0
2,43900,SQUID_INK,1792.0,26.0,,,,,1795.0,26.0,,,,,1793.5,0.0
2,44000,SQUID_INK,1792.0,23.0,,,,,1795.0,23.0,,,,,1793.5,0.0
2,44100,SQUID_INK,1792.0,30.0,,,,,1795.0,30.0,,,,,1793.5,0.0
2,44200,SQUID_INK,1792.0,26.0,,,,,1795.0,22.0,,,,,1793.5,0.0
2,44300,SQUID_INK,1792.0,2.0,1791.0,27.0,,,1794.0,27.0,,,,,1793.0,0.0
2,44400,SQUID_INK,1790.0,27.0,,,,,1794.0,27.0,,,,,1792.0,0.0
2,44500,SQUID_INK,1788.0,31.0,,,,,1791.0,31.0,,,,,1789.5,0.0
2,44600,SQUID_INK,1789.0,26.0,,,,,1792.0,26.0,,,,,1790.5,0.0
2,44700,SQUID_INK,1788.0,28.0,,,,,1790.0,5.0,1791.0,28.0,,,1789.0,0.0
2,44800,SQUID_INK,1790.0,22.0,,,,,1791.0,4.0,1793.0,22.0,,,1790.5,0.0
2,44900,SQUID_INK,1789.0,24.0,,,,,1791.0,3.0,1792.0,24.0,,,1790.0,0.0
2,45000,SQUID_INK,1788.0,21.0,,,,,1791.0,1.0,1792.0,21.0,,,1789.5,0.0
2,45100,SQUID_INK,1788.0,23.0,,,,,1791.0,23.0,,,,,1789.5,0.0
2,45200,SQUID_INK,1787.0,29.0,,,,,1790.0,29.0,,,,,1788.5,0.0
2,45300,SQUID_INK,1788.0,1.0,1787.0,28.0,,,1790.0,1.0,1791.0,28.0,,,1789.0,0.0
2,45400,SQUID_INK,1787.0,24.0,,,,,1790.0,24.0,,,,,1788.5,0.0
2,45500,SQUID_INK,1786.0,30.0,,,,,1789.0,30.0,,,,,1787.5,0.0
2,45600,SQUID_INK,1786.0,25.0,,,,,1789.0,26.0,,,,,1787.5,0.0
2,45700,SQUID_INK,1785.0,29.0,,,,,1788.0,29.0,,,,,1786.5,0.0
2,45800,SQUID_INK,1784.0,25.0,,,,,1787.0,25.0,,,,,1785.5,0.0
2,45900,SQUID_INK,1784.0,26.0,,,,,1786.0,2.0,1787.0,26.0,,,1785.0,0.0
2,46000,SQUID_INK,1784.0,30.0,,,,,1787.0,30.0,,,,,1785.5,0.0
2,46100,SQUID_INK,1785.0,1.0,1784.0,25.0,,,1787.0,1.0,1788.0,25.0,,,1786.0,0.0
2,46200,SQUID_INK,1785.0,21.0,,,,,1788.0,21.0,,,,,1786.5,0.0
2,46300,SQUID_INK,1786.0,28.0,,,,,1789.0,28.0,,,,,1787.5,0.0
2,46400,SQUID_INK,1785.0,24.0,,,,,1788.0,24.0,,,,,1786.5,0.0
2,46500,SQUID_INK,1785.0,21.0,,,,,1786.0,5.0,1788.0,21.0,,,1785.5,0.0
2,46600,SQUID_INK,1784.0,23.0,,,,,1786.0,8.0,1787.0,23.0,,,1785.0,0.0
2,46700,SQUID_INK,1786.0,2.0,1785.0,27.0,,,1789.0,29.0,,,,,1787.5,0.0
2,46800,SQUID_INK,1786.0,32.0,,,,,1789.0,30.0,,,,,1787.5,0.0
2,46900,SQUID_INK,1785.0,25.0,,,,,1788.0,25.0,,,,,1786.5,0.0
2,47000,SQUID_INK,1786.0,27.0,,,,,1789.0,27.0,,,,,1787.5,0.0
2,47100,SQUID_INK,1786.0,1.0,1785.0,28.0,,,1788.0,28.0,,,,,1787.0,0.0
2,47200,SQUID_INK,1786.0,17.0,,,,,1789.0,25.0,,,,,1787.5,0.0
2,47300,SQUID_INK,1787.0,30.0,,,,,1790.0,30.0,,,,,1788.5,0.0
2,47400,SQUID_INK,1786.0,28.0,,,,,1788.0,2.0,1789.0,28.0,,,1787.0,0.0
2,47500,SQUID_INK,1786.0,23.0,,,,,1789.0,23.0,,,,,1787.5,0.0
2,47600,SQUID_INK,1785.0,29.0,,,,,1789.0,29.0,,,,,1787.0,0.0
2,47700,SQUID_INK,1786.0,25.0,,,,,1789.0,25.0,,,,,1787.5,0.0
2,47800,SQUID_INK,1785.0,28.0,,,,,1787.0,7.0,1788.0,28.0,,,1786.0,0.0
2,47900,SQUID_INK,1785.0,25.0,,,,,1788.0,24.0,,,,,1786.5,0.0
2,48000,SQUID_INK,1786.0,35.0,,,,,1789.0,29.0,,,,,1787.5,0.0
2,48100,SQUID_INK,1785.0,22.0,,,,,1788.0,22.0,,,,,1786.5,0.0
2,48200,SQUID_INK,1784.0,26.0,,,,,1787.0,26.0,,,,,1785.5,0.0
2,48300,SQUID_INK,1783.0,26.0,,,,,1786.0,26.0,,,,,1784.5,0.0
2,48400,SQUID_INK,1782.0,22.0,,,,,1785.0,23.0,,,,,1783.5,0.0
2,48500,SQUID_INK,1781.0,1.0,1779.0,29.0,,,1782.0,29.0,,,,,1781.5,0.0
2,48600,SQUID_INK,1778.0,24.0,,,,,1780.0,4.0,1781.0,24.0,,,1779.0,0.0
2,48700,SQUID_INK,1778.0,28.0,,,,,1781.0,28.0,,,,,1779.5,0.0
2,48800,SQUID_INK,1778.0,26.0,,,,,1781.0,23.0,,,,,1779.5,0.0
2,48900,SQUID_INK,1777.0,5.0,1776.0,24.0,,,1779.0,24.0,,,,,1778.0,0.0
2,49000,SQUID_INK,1776.0,22.0,,,,,1779.0,22.0,,,,,1777.5,0.0
2,49100,SQUID_INK,1778.0,32.0,,,,,1781.0,31.0,,,,,1779.5,0.0
2,49200,SQUID_INK,1778.0,29.0,,,,,1781.0,29.0,,,,,1779.5,0.0
2,49300,SQUID_INK,1780.0,2.0,1779.0,31.0,,,1782.0,31.0,,,,,1781.0,0.0
2,49400,SQUID_INK,1782.0,1.0,1780.0,28.0,,,1783.0,22.0,,,,,1782.5,0.0
2,49500,SQUID_INK,1782.0,1.0,1780.0,22.0,,,1783.0,22.0,,,,,1782.5,0.0
2,49600,SQUID_INK,1781.0,23.0,,,,,1784.0,23.0,,,,,1782.5,0.0
2,49700,SQUID_INK,1782.0,29.0,,,,,1783.0,6.0,1785.0,29.0,,,1782.5,0.0
2,49800,SQUID_INK,1782.0,23.0,,,,,1785.0,23.0,,,,,1783.5,0.0
2,49900,SQUID_INK,1782.0,27.0,,,,,1784.0,1.0,1785.0,27.0,,,1783.0,0.0
2,50000,SQUID_INK,1782.0,23.0,,,,,1785.0,23.0,,,,,1783.5,0.0
2,50100,SQUID_INK,1783.0,26.0,,,,,1786.0,26.0,,,,,1784.5,0.0
2,50200,SQUID_INK,1783.0,28.0,,,,,1786.0,26.0,,,,,1784.5,0.0
2,50300,SQUID_INK,1782.0,26.0,,,,,1784.0,3.0,1785.0,26.0,,,1783.0,0.0
2,50400,SQUID_INK,1782.0,23.0,,,,,1783.0,1.0,1785.0,23.0,,,1782.5,0.0
2,50500,SQUID_INK,1783.0,20.0,,,,,1786.0,20.0,,,,,1784.5,0.0
2,50600,SQUID_INK,1785.0,1.0,1783.0,24.0,,,1786.0,24.0,,,,,1785.5,0.0
2,50700,SQUID_INK,1783.0,21.0,,,,,1785.0,2.0,1787.0,21.0,,,1784.0,0.0
2,50800,SQUID_INK,1784.0,31.0,,,,,1786.0,3.0,1787.0,31.0,,,1785.0,0.0
2,50900,SQUID_INK,1784.0,21.0,,,,,1787.0,22.0,,,,,1785.5,0.0
2,51000,SQUID_INK,1784.0,31.0,,,,,1787.0,1.0,1788.0,30.0,,,1785.5,0.0
2,51100,SQUID_INK,1783.0,27.0,,,,,1786.0,27.0,,,,,1784.5,0.0
2,51200,SQUID_INK,1782.0,30.0,,,,,1785.0,30.0,,,,,1783.5,0.0
2,51300,SQUID_INK,1782.0,28.0,,,,,1785.0,28.0,,,,,1783.5,0.0
2,51400,SQUID_INK,1782.0,27.0,,,,,1785.0,1.0,1786.0,26.0,,,1783.5,0.0
2,51500,SQUID_INK,1781.0,22.0,,,,,1782.0,3.0,1784.0,2.0,1785.0,20.0,1781.5,0.0
2,51600,SQUID_INK,1781.0,22.0,,,,,1784.0,23.0,,,,,1782.5,0.0
2,51700,SQUID_INK,1781.0,28.0,,,,,1783.0,2.0,1784.0,28.0,,,1782.0,0.0
2,51800,SQUID_INK,1781.0,30.0,,,,,1784.0,30.0,,,,,1782.5,0.0
2,51900,SQUID_INK,1782.0,30.0,,,,,1783.0,4.0,1785.0,30.0,,,1782.5,0.0
2,52000,SQUID_INK,1784.0,3.0,1782.0,31.0,,,1785.0,31.0,,,,,1784.5,0.0
2,52100,SQUID_INK,1781.0,24.0,,,,,1784.0,24.0,,,,,1782.5,0.0
2,52200,SQUID_INK,1781.0,22.0,,,,,1783.0,2.0,1784.0,22.0,,,1782.0,0.0
2,52300,SQUID_INK,1781.0,25.0,,,,,1783.0,1.0,1784.0,25.0,,,1782.0,0.0
2,52400,SQUID_INK,1782.0,4.0,1780.0,27.0,,,1783.0,27.0,,,,,1782.5,0.0
2,52500,SQUID_INK,1781.0,2.0,1780.0,26.0,,,1783.0,2.0,1784.0,26.0,,,1782.0,0.0
2,52600,SQUID_INK,1782.0,3.0,1781.0,27.0,,,1784.0,27.0,,,,,1783.0,0.0
2,52700,SQUID_INK,1782.0,2.0,1781.0,26.0,,,1785.0,28.0,,,,,1783.5,0.0
2,52800,SQUID_INK,1782.0,31.0,,,,,1785.0,31.0,,,,,1783.5,0.0
2,52900,SQUID_INK,1783.0,30.0,,,,,1786.0,30.0,,,,,1784.5,0.0
2,53000,SQUID_INK,1787.0,1.0,1785.0,31.0,,,1788.0,31.0,,,,,1787.5,0.0
2,53100,SQUID_INK,1784.0,29.0,,,,,1787.0,29.0,,,,,1785.5,0.0
2,53200,SQUID_INK,1785.0,23.0,,,,,1788.0,23.0,,,,,1786.5,0.0
2,53300,SQUID_INK,1786.0,31.0,,,,,1789.0,31.0,,,,,1787.5,0.0
2,53400,SQUID_INK,1785.0,21.0,,,,,1788.0,21.0,,,,,1786.5,0.0
2,53500,SQUID_INK,1787.0,24.0,,,,,1788.0,7.0,1790.0,24.0,,,1787.5,0.0
2,53600,SQUID_INK,1789.0,1.0,1787.0,33.0,,,1790.0,29.0,,,,,1789.5,0.0
2,53700,SQUID_INK,1788.0,26.0,,,,,1790.0,7.0,1791.0,26.0,,,1789.0,0.0
2,53800,SQUID_INK,1788.0,26.0,,,,,1790.0,8.0,1791.0,26.0,,,1789.0,0.0
2,53900,SQUID_INK,1787.0,25.0,,,,,1791.0,25.0,,,,,1789.0,0.0
2,54000,SQUID_INK,1787.0,27.0,,,,,1790.0,27.0,,,,,1788.5,0.0
2,54100,SQUID_INK,1788.0,22.0,,,,,1791.0,23.0,,,,,1789.5,0.0
2,54200,SQUID_INK,1788.0,30.0,,,,,1791.0,30.0,,,,,1789.5,0.0
2,54300,SQUID_INK,1789.0,7.0,1788.0,24.0,,,1791.0,1.0,1792.0,24.0,,,1790.0,0.0
2,54400,SQUID_INK,1789.0,30.0,,,,,1792.0,30.0,,,,,1790.5,0.0
2,54500,SQUID_INK,1790.0,23.0,,,,,1791.0,1.0,1792.0,6.0,1794.0,23.0,1790.5,0.0
2,54600,SQUID_INK,1790.0,36.0,,,,,1793.0,29.0,,,,,1791.5,0.0
2,54700,SQUID_INK,1791.0,36.0,,,,,1794.0,31.0,,,,,1792.5,0.0
2,54800,SQUID_INK,1790.0,26.0,,,,,1791.0,1.0,1793.0,1.0,1794.0,25.0,1790.5,0.0
2,54900,SQUID_INK,1790.0,30.0,,,,,1793.0,30.0,,,,,1791.5,0.0
2,55000,SQUID_INK,1790.0,30.0,,,,,1793.0,30.0,,,,,1791.5,0.0
2,55100,SQUID_INK,1790.0,29.0,,,,,1793.0,29.0,,,,,1791.5,0.0
2,55200,SQUID_INK,1790.0,25.0,,,,,1793.0,25.0,,,,,1791.5,0.0
2,55300,SQUID_INK,1791.0,30.0,,,,,1792.0,6.0,1794.0,30.0,,,1791.5,0.0
2,55400,SQUID_INK,1790.0,25.0,,,,,1793.0,25.0,,,,,1791.5,0.0
2,55500,SQUID_INK,1791.0,23.0,,,,,1794.0,23.0,,,,,1792.5,0.0
2,55600,SQUID_INK,1791.0,2.0,1790.0,25.0,,,1793.0,25.0,,,,,1792.0,0.0
2,55700,SQUID_INK,1791.0,22.0,,,,,1793.0,5.0,1794.0,22.0,,,1792.0,0.0
2,55800,SQUID_INK,1790.0,32.0,,,,,1793.0,32.0,,,,,1791.5,0.0
2,55900,SQUID_INK,1790.0,21.0,,,,,1793.0,22.0,,,,,1791.5,0.0
2,56000,SQUID_INK,1791.0,24.0,,,,,1794.0,24.0,,,,,1792.5,0.0
2,56100,SQUID_INK,1790.0,24.0,,,,,1791.0,1.0,1794.0,24.0,,,1790.5,0.0
2,56200,SQUID_INK,1790.0,26.0,,,,,1793.0,26.0,,,,,1791.5,0.0
2,56300,SQUID_INK,1789.0,24.0,,,,,1790.0,7.0,1792.0,24.0,,,1789.5,0.0
2,56400,SQUID_INK,1790.0,28.0,,,,,1793.0,25.0,,,,,1791.5,0.0
2,56500,SQUID_INK,1791.0,1.0,1789.0,26.0,,,1792.0,2.0,1793.0,24.0,,,1791.5,0.0
2,56600,SQUID_INK,1789.0,31.0,,,,,1792.0,31.0,,,,,1790.5,0.0
2,56700,SQUID_INK,1788.0,22.0,,,,,1791.0,22.0,,,,,1789.5,0.0
2,56800,SQUID_INK,1791.0,30.0,,,,,1794.0,30.0,,,,,1792.5,0.0
2,56900,SQUID_INK,1792.0,2.0,1791.0,20.0,,,1794.0,20.0,,,,,1793.0,0.0
2,57000,SQUID_INK,1793.0,1.0,1791.0,31.0,,,1794.0,31.0,,,,,1793.5,0.0
2,57100,SQUID_INK,1792.0,24.0,,,,,1795.0,24.0,,,,,1793.5,0.0
2,57200,SQUID_INK,1792.0,1.0,1791.0,25.0,,,1795.0,26.0,,,,,1793.5,0.0
2,57300,SQUID_INK,1792.0,28.0,,,,,1795.0,28.0,,,,,1793.5,0.0
2,57400,SQUID_INK,1792.0,27.0,,,,,1793.0,8.0,1795.0,27.0,,,1792.5,0.0
2,57500,SQUID_INK,1792.0,29.0,,,,,1794.0,1.0,1795.0,29.0,,,1793.0,0.0
2,57600,SQUID_INK,1792.0,21.0,,,,,1795.0,22.0,,,,,1793.5,0.0
2,57700,SQUID_INK,1793.0,1.0,1792.0,30.0,,,1794.0,3.0,1796.0,31.0,,,1793.5,0.0
2,57800,SQUID_INK,1795.0,1.0,1793.0,27.0,,,1796.0,27.0,,,,,1795.5,0.0
2,57900,SQUID_INK,1794.0,6.0,1793.0,28.0,,,1796.0,28.0,,,,,1795.0,0.0
2,58000,SQUID_INK,1793.0,28.0,,,,,1796.0,27.0,,,,,1794.5,0.0
2,58100,SQUID_INK,1792.0,20.0,,,,,1795.0,20.0,,,,,1793.5,0.0
2,58200,SQUID_INK,1791.0,29.0,,,,,1794.0,2.0,1795.0,27.0,,,1792.5,0.0
2,58300,SQUID_INK,1790.0,29.0,,,,,1791.0,1.0,1794.0,29.0,,,1790.5,0.0
2,58400,SQUID_INK,1790.0,25.0,,,,,1791.0,2.0,1793.0,25.0,,,1790.5,0.0
2,58500,SQUID_INK,1791.0,28.0,,,,,1794.0,28.0,,,,,1792.5,0.0
2,58600,SQUID_INK,1791.0,29.0,,,,,1794.0,26.0,,,,,1792.5,0.0
2,58700,SQUID_INK,1789.0,29.0,,,,,1793.0,29.0,,,,,1791.0,0.0
2,58800,SQUID_INK,1790.0,6.0,1789.0,29.0,,,1792.0,29.0,,,,,1791.0,0.0
2,58900,SQUID_INK,1789.0,1.0,1787.0,26.0,,,1790.0,26.0,,,,,1789.5,0.0
2,59000,SQUID_INK,1788.0,6.0,1787.0,22.0,,,1790.0,22.0,,,,,1789.0,0.0
2,59100,SQUID_INK,1787.0,28.0,,,,,1791.0,28.0,,,,,1789.0,0.0
2,59200,SQUID_INK,1786.0,3.0,1785.0,2.0,1784.0,20.0,1788.0,22.0,,,,,1787.0,0.0
2,59300,SQUID_INK,1785.0,5.0,1783.0,26.0,,,1786.0,26.0,,,,,1785.5,0.0
2,59400,SQUID_INK,1784.0,27.0,,,,,1786.0,6.0,1787.0,27.0,,,1785.0,0.0
2,59500,SQUID_INK,1784.0,30.0,,,,,1787.0,24.0,,,,,1785.5,0.0
2,59600,SQUID_INK,1784.0,28.0,,,,,1787.0,28.0,,,,,1785.5,0.0
2,59700,SQUID_INK,1784.0,28.0,,,,,1785.0,5.0,1787.0,25.0,,,1784.5,0.0
2,59800,SQUID_INK,1785.0,19.0,,,,,1788.0,29.0,,,,,1786.5,0.0
2,59900,SQUID_INK,1785.0,27.0,,,,,1788.0,23.0,,,,,1786.5,0.0
2,60000,SQUID_INK,1786.0,6.0,1785.0,29.0,,,1789.0,29.0,,,,,1787.5,0.0
2,60100,SQUID_INK,1785.0,5.0,1784.0,23.0,,,1787.0,23.0,,,,,1786.0,0.0
2,60200,SQUID_INK,1785.0,5.0,1784.0,24.0,,,1787.0,24.0,,,,,1786.0,0.0
2,60300,SQUID_INK,1785.0,1.0,1783.0,23.0,,,1786.0,23.0,,,,,1785.5,0.0
2,60400,SQUID_INK,1784.0,5.0,1783.0,27.0,,,1786.0,27.0,,,,,1785.0,0.0
2,60500,SQUID_INK,1783.0,30.0,,,,,1786.0,30.0,,,,,1784.5,0.0
2,60600,SQUID_INK,1782.0,28.0,,,,,1784.0,5.0,1785.0,28.0,,,1783.0,0.0
2,60700,SQUID_INK,1781.0,24.0,,,,,1783.0,8.0,1784.0,24.0,,,1782.0,0.0
2,60800,SQUID_INK,1781.0,24.0,,,,,1784.0,24.0,,,,,1782.5,0.0
2,60900,SQUID_INK,1780.0,31.0,,,,,1783.0,31.0,,,,,1781.5,0.0
2,61000,SQUID_INK,1781.0,26.0,,,,,1784.0,26.0,,,,,1782.5,0.0
2,61100,SQUID_INK,1780.0,30.0,,,,,1783.0,30.0,,,,,1781.5,0.0
2,61200,SQUID_INK,1782.0,1.0,1780.0,27.0,,,1783.0,27.0,,,,,1782.5,0.0
2,61300,SQUID_INK,1780.0,32.0,,,,,1783.0,32.0,,,,,1781.5,0.0
2,61400,SQUID_INK,1780.0,23.0,,,,,1783.0,24.0,,,,,1781.5,0.0
2,61500,SQUID_INK,1780.0,32.0,,,,,1783.0,32.0,,,,,1781.5,0.0
2,61600,SQUID_INK,1780.0,22.0,,,,,1783.0,22.0,,,,,1781.5,0.0
2,61700,SQUID_INK,1783.0,1.0,1782.0,29.0,,,1786.0,30.0,,,,,1784.5,0.0
2,61800,SQUID_INK,1782.0,28.0,,,,,1785.0,28.0,,,,,1783.5,0.0
2,61900,SQUID_INK,1782.0,22.0,,,,,1785.0,22.0,,,,,1783.5,0.0
2,62000,SQUID_INK,1780.0,23.0,,,,,1783.0,23.0,,,,,1781.5,0.0
2,62100,SQUID_INK,1779.0,25.0,,,,,1780.0,2.0,1782.0,25.0,,,1779.5,0.0
2,62200,SQUID_INK,1780.0,30.0,,,,,1783.0,29.0,,,,,1781.5,0.0
2,62300,SQUID_INK,1778.0,21.0,,,,,1781.0,1.0,1782.0,21.0,,,1779.5,0.0
2,62400,SQUID_INK,1779.0,30.0,,,,,1782.0,30.0,,,,,1780.5,0.0
2,62500,SQUID_INK,1778.0,23.0,,,,,1781.0,24.0,,,,,1779.5,0.0
2,62600,SQUID_INK,1779.0,1.0,1777.0,25.0,,,1780.0,25.0,,,,,1779.5,0.0
2,62700,SQUID_INK,1776.0,25.0,,,,,1778.0,7.0,1779.0,25.0,,,1777.0,0.0
2,62800,SQUID_INK,1774.0,25.0,,,,,1777.0,25.0,,,,,1775.5,0.0
2,62900,SQUID_INK,1774.0,32.0,,,,,1777.0,32.0,,,,,1775.5,0.0
2,63000,SQUID_INK,1775.0,2.0,1774.0,24.0,,,1777.0,2.0,1778.0,24.0,,,1776.0,0.0
2,63100,SQUID_INK,1775.0,1.0,1774.0,23.0,,,1776.0,6.0,1778.0,24.0,,,1775.5,0.0
2,63200,SQUID_INK,1775.0,21.0,,,,,1778.0,1.0,1779.0,20.0,,,1776.5,0.0
2,63300,SQUID_INK,1774.0,24.0,,,,,1777.0,24.0,,,,,1775.5,0.0
2,63400,SQUID_INK,1774.0,26.0,,,,,1775.0,6.0,1777.0,26.0,,,1774.5,0.0
2,63500,SQUID_INK,1774.0,25.0,,,,,1776.0,2.0,1777.0,25.0,,,1775.0,0.0
2,63600,SQUID_INK,1774.0,27.0,,,,,1776.0,7.0,1777.0,27.0,,,1775.0,0.0
2,63700,SQUID_INK,1774.0,31.0,,,,,1777.0,28.0,,,,,1775.5,0.0
2,63800,SQUID_INK,1776.0,1.0,1774.0,21.0,,,1777.0,21.0,,,,,1776.5,0.0
2,63900,SQUID_INK,1775.0,22.0,,,,,1776.0,5.0,1778.0,22.0,,,1775.5,0.0
2,64000,SQUID_INK,1777.0,1.0,1776.0,25.0,,,1780.0,26.0,,,,,1778.5,0.0
2,64100,SQUID_INK,1777.0,26.0,,,,,1780.0,26.0,,,,,1778.5,0.0
2,64200,SQUID_INK,1776.0,1.0,1775.0,30.0,,,1777.0,2.0,1778.0,2.0,1779.0,30.0,1776.5,0.0
2,64300,SQUID_INK,1776.0,20.0,,,,,1779.0,20.0,,,,,1777.5,0.0
2,64400,SQUID_INK,1776.0,2.0,1775.0,21.0,,,1778.0,2.0,1779.0,21.0,,,1777.0,0.0
2,64500,SQUID_INK,1776.0,31.0,,,,,1779.0,30.0,,,,,1777.5,0.0
2,64600,SQUID_INK,1776.0,25.0,,,,,1779.0,26.0,,,,,1777.5,0.0
2,64700,SQUID_INK,1776.0,29.0,,,,,1778.0,2.0,1779.0,29.0,,,1777.0,0.0
2,64800,SQUID_INK,1775.0,25.0,,,,,1776.0,2.0,1777.0,7.0,1778.0,25.0,1775.5,0.0
2,64900,SQUID_INK,1773.0,31.0,,,,,1776.0,31.0,,,,,1774.5,0.0
2,65000,SQUID_INK,1772.0,4.0,1771.0,27.0,,,1773.0,6.0,1774.0,27.0,,,1772.5,0.0
2,65100,SQUID_INK,1773.0,31.0,,,,,1776.0,26.0,,,,,1774.5,0.0
2,65200,SQUID_INK,1775.0,1.0,1773.0,25.0,,,1776.0,25.0,,,,,1775.5,0.0
2,65300,SQUID_INK,1774.0,29.0,,,,,1777.0,23.0,,,,,1775.5,0.0
2,65400,SQUID_INK,1775.0,23.0,,,,,1778.0,24.0,,,,,1776.5,0.0
2,65500,SQUID_INK,1776.0,4.0,1775.0,26.0,,,1778.0,26.0,,,,,1777.0,0.0
2,65600,SQUID_INK,1774.0,33.0,,,,,1777.0,26.0,,,,,1775.5,0.0
2,65700,SQUID_INK,1774.0,26.0,,,,,1777.0,26.0,,,,,1775.5,0.0
2,65800,SQUID_INK,1774.0,4.0,1773.0,24.0,,,1776.0,24.0,,,,,1775.0,0.0
2,65900,SQUID_INK,1774.0,30.0,,,,,1777.0,30.0,,,,,1775.5,0.0
2,66000,SQUID_INK,1777.0,1.0,1775.0,25.0,,,1778.0,25.0,,,,,1777.5,0.0
2,66100,SQUID_INK,1775.0,29.0,,,,,1778.0,29.0,,,,,1776.5,0.0
2,66200,SQUID_INK,1773.0,27.0,,,,,1776.0,27.0,,,,,1774.5,0.0
2,66300,SQUID_INK,1771.0,22.0,,,,,1774.0,23.0,,,,,1772.5,0.0
2,66400,SQUID_INK,1771.0,26.0,,,,,1773.0,7.0,1774.0,26.0,,,1772.0,0.0
2,66500,SQUID_INK,1772.0,30.0,,,,,1775.0,1.0,1776.0,30.0,,,1773.5,0.0
2,66600,SQUID_INK,1774.0,22.0,,,,,1775.0,8.0,1777.0,22.0,,,1774.5,0.0
2,66700,SQUID_INK,1776.0,5.0,1775.0,21.0,,,1778.0,21.0,,,,,1777.0,0.0
2,66800,SQUID_INK,1776.0,29.0,,,,,1779.0,29.0,,,,,1777.5,0.0
2,66900,SQUID_INK,1780.0,8.0,1778.0,23.0,,,1781.0,23.0,,,,,1780.5,0.0
2,67000,SQUID_INK,1782.0,1.0,1780.0,24.0,,,1783.0,24.0,,,,,1782.5,0.0
2,67100,SQUID_INK,1780.0,24.0,,,,,1782.0,8.0,1783.0,24.0,,,1781.0,0.0
2,67200,SQUID_INK,1779.0,28.0,,,,,1782.0,28.0,,,,,1780.5,0.0
2,67300,SQUID_INK,1779.0,27.0,,,,,1781.0,5.0,1782.0,28.0,,,1780.0,0.0
2,67400,SQUID_INK,1779.0,23.0,,,,,1782.0,2.0,1783.0,21.0,,,1780.5,0.0
2,67500,SQUID_INK,1779.0,27.0,,,,,1782.0,27.0,,,,,1780.5,0.0
2,67600,SQUID_INK,1780.0,25.0,,,,,1783.0,25.0,,,,,1781.5,0.0
2,67700,SQUID_INK,1782.0,3.0,1781.0,25.0,,,1785.0,25.0,,,,,1783.5,0.0
2,67800,SQUID_INK,1781.0,25.0,,,,,1782.0,4.0,1784.0,25.0,,,1781.5,0.0
2,67900,SQUID_INK,1779.0,21.0,,,,,1781.0,4.0,1783.0,21.0,,,1780.0,0.0
2,68000,SQUID_INK,1779.0,31.0,,,,,1782.0,31.0,,,,,1780.5,0.0
2,68100,SQUID_INK,1779.0,24.0,,,,,1782.0,2.0,1783.0,22.0,,,1780.5,0.0
2,68200,SQUID_INK,1781.0,27.0,,,,,1784.0,27.0,,,,,1782.5,0.0
2,68300,SQUID_INK,1781.0,19.0,,,,,1784.0,20.0,,,,,1782.5,0.0
2,68400,SQUID_INK,1782.0,4.0,1781.0,27.0,,,1784.0,27.0,,,,,1783.0,0.0
2,68500,SQUID_INK,1781.0,30.0,,,,,1784.0,27.0,,,,,1782.5,0.0
2,68600,SQUID_INK,1781.0,21.0,,,,,1783.0,8.0,1784.0,21.0,,,1782.0,0.0
2,68700,SQUID_INK,1781.0,25.0,,,,,1784.0,24.0,,,,,1782.5,0.0
2,68800,SQUID_INK,1781.0,28.0,,,,,1784.0,28.0,,,,,1782.5,0.0
2,68900,SQUID_INK,1781.0,21.0,,,,,1784.0,21.0,,,,,1782.5,0.0
2,69000,SQUID_INK,1782.0,32.0,,,,,1785.0,31.0,,,,,1783.5,0.0
2,69100,SQUID_INK,1782.0,23.0,,,,,1785.0,23.0,,,,,1783.5,0.0
2,69200,SQUID_INK,1782.0,30.0,,,,,1784.0,4.0,1785.0,30.0,,,1783.0,0.0
2,69300,SQUID_INK,1782.0,29.0,,,,,1785.0,29.0,,,,,1783.5,0.0
2,69400,SQUID_INK,1782.0,30.0,,,,,1785.0,30.0,,,,,1783.5,0.0
2,69500,SQUID_INK,1783.0,29.0,,,,,1786.0,23.0,,,,,1784.5,0.0
2,69600,SQUID_INK,1783.0,23.0,,,,,1784.0,3.0,1786.0,23.0,,,1783.5,0.0
2,69700,SQUID_INK,1782.0,25.0,,,,,1785.0,25.0,,,,,1783.5,0.0
2,69800,SQUID_INK,1782.0,23.0,,,,,1785.0,23.0,,,,,1783.5,0.0
2,69900,SQUID_INK,1782.0,30.0,,,,,1785.0,30.0,,,,,1783.5,0.0
2,70000,SQUID_INK,1779.0,32.0,,,,,1782.0,29.0,,,,,1780.5,0.0
2,70100,SQUID_INK,1779.0,28.0,,,,,1781.0,4.0,1782.0,2.0,1783.0,26.0,1780.0,0.0
2,70200,SQUID_INK,1781.0,26.0,,,,,1784.0,29.0,,,,,1782.5,0.0
2,70300,SQUID_INK,1781.0,31.0,,,,,1784.0,31.0,,,,,1782.5,0.0
2,70400,SQUID_INK,1780.0,27.0,,,,,1782.0,2.0,1783.0,27.0,,,1781.0,0.0
2,70500,SQUID_INK,1781.0,29.0,,,,,1784.0,29.0,,,,,1782.5,0.0
2,70600,SQUID_INK,1781.0,24.0,,,,,1784.0,24.0,,,,,1782.5,0.0
2,70700,SQUID_INK,1782.0,23.0,,,,,1783.0,3.0,1785.0,23.0,,,1782.5,0.0
2,70800,SQUID_INK,1784.0,31.0,,,,,1787.0,31.0,,,,,1785.5,0.0
2,70900,SQUID_INK,1786.0,1.0,1784.0,22.0,,,1787.0,22.0,,,,,1786.5,0.0
2,71000,SQUID_INK,1783.0,32.0,,,,,1786.0,32.0,,,,,1784.5,0.0
2,71100,SQUID_INK,1784.0,29.0,,,,,1787.0,29.0,,,,,1785.5,0.0
2,71200,SQUID_INK,1784.0,30.0,,,,,1787.0,30.0,,,,,1785.5,0.0
2,71300,SQUID_INK,1784.0,27.0,,,,,1787.0,27.0,,,,,1785.5,0.0
2,71400,SQUID_INK,1786.0,6.0,1785.0,30.0,,,1788.0,30.0,,,,,1787.0,0.0
2,71500,SQUID_INK,1784.0,30.0,,,,,1788.0,30.0,,,,,1786.0,0.0
2,71600,SQUID_INK,1785.0,2.0,1784.0,28.0,,,1788.0,30.0,,,,,1786.5,0.0
2,71700,SQUID_INK,1785.0,1.0,1784.0,21.0,,,1788.0,22.0,,,,,1786.5,0.0
2,71800,SQUID_INK,1784.0,29.0,,,,,1788.0,29.0,,,,,1786.0,0.0
2,71900,SQUID_INK,1786.0,1.0,1784.0,28.0,,,1787.0,28.0,,,,,1786.5,0.0
2,72000,SQUID_INK,1785.0,20.0,,,,,1787.0,8.0,1788.0,20.0,,,1786.0,0.0
2,72100,SQUID_INK,1784.0,22.0,,,,,1786.0,1.0,1787.0,22.0,,,1785.0,0.0
2,72200,SQUID_INK,1785.0,27.0,,,,,1788.0,28.0,,,,,1786.5,0.0
2,72300,SQUID_INK,1785.0,27.0,,,,,1788.0,27.0,,,,,1786.5,0.0
2,72400,SQUID_INK,1785.0,2.0,1784.0,23.0,,,1787.0,23.0,,,,,1786.0,0.0
2,72500,SQUID_INK,1786.0,22.0,,,,,1789.0,22.0,,,,,1787.5,0.0
2,72600,SQUID_INK,1786.0,24.0,,,,,1789.0,24.0,,,,,1787.5,0.0
2,72700,SQUID_INK,1785.0,32.0,,,,,1788.0,2.0,1789.0,30.0,,,1786.5,0.0
2,72800,SQUID_INK,1785.0,31.0,,,,,1788.0,31.0,,,,,1786.5,0.0
2,72900,SQUID_INK,1785.0,29.0,,,,,1786.0,1.0,1788.0,1.0,1789.0,28.0,1785.5,0.0
2,73000,SQUID_INK,1785.0,2.0,1784.0,21.0,,,1788.0,23.0,,,,,1786.5,0.0
2,73100,SQUID_INK,1784.0,28.0,,,,,1786.0,2.0,1787.0,28.0,,,1785.0,0.0
2,73200,SQUID_INK,1784.0,30.0,,,,,1787.0,30.0,,,,,1785.5,0.0
2,73300,SQUID_INK,1785.0,22.0,,,,,1788.0,22.0,,,,,1786.5,0.0
2,73400,SQUID_INK,1785.0,31.0,,,,,1787.0,7.0,1788.0,31.0,,,1786.0,0.0
2,73500,SQUID_INK,1786.0,28.0,,,,,1789.0,28.0,,,,,1787.5,0.0
2,73600,SQUID_INK,1786.0,29.0,,,,,1789.0,29.0,,,,,1787.5,0.0
2,73700,SQUID_INK,1784.0,20.0,,,,,1788.0,20.0,,,,,1786.0,0.0
2,73800,SQUID_INK,1785.0,37.0,,,,,1788.0,29.0,,,,,1786.5,0.0
2,73900,SQUID_INK,1785.0,28.0,,,,,1788.0,23.0,,,,,1786.5,0.0
2,74000,SQUID_INK,1784.0,22.0,,,,,1787.0,1.0,1788.0,21.0,,,1785.5,0.0
2,74100,SQUID_INK,1784.0,8.0,1783.0,25.0,,,1786.0,25.0,,,,,1785.0,0.0
2,74200,SQUID_INK,1784.0,25.0,,,,,1787.0,25.0,,,,,1785.5,0.0
2,74300,SQUID_INK,1787.0,1.0,1785.0,30.0,,,1788.0,30.0,,,,,1787.5,0.0
2,74400,SQUID_INK,1785.0,21.0,,,,,1788.0,22.0,,,,,1786.5,0.0
2,74500,SQUID_INK,1785.0,28.0,,,,,1788.0,28.0,,,,,1786.5,0.0
2,74600,SQUID_INK,1784.0,28.0,,,,,1787.0,28.0,,,,,1785.5,0.0
2,74700,SQUID_INK,1785.0,30.0,,,,,1788.0,30.0,,,,,1786.5,0.0
2,74800,SQUID_INK,1787.0,1.0,1786.0,2.0,1785.0,20.0,1789.0,22.0,,,,,1788.0,0.0
2,74900,SQUID_INK,1786.0,24.0,,,,,1788.0,1.0,1789.0,24.0,,,1787.0,0.0
2,75000,SQUID_INK,1786.0,30.0,,,,,1789.0,30.0,,,,,1787.5,0.0
2,75100,SQUID_INK,1786.0,6.0,1784.0,24.0,,,1787.0,23.0,,,,,1786.5,0.0
2,75200,SQUID_INK,1783.0,22.0,,,,,1786.0,23.0,,,,,1784.5,0.0
2,75300,SQUID_INK,1786.0,1.0,1784.0,29.0,,,1787.0,29.0,,,,,1786.5,0.0
2,75400,SQUID_INK,1784.0,28.0,,,,,1787.0,28.0,,,,,1785.5,0.0
2,75500,SQUID_INK,1785.0,24.0,,,,,1788.0,24.0,,,,,1786.5,0.0
2,75600,SQUID_INK,1785.0,31.0,,,,,1787.0,1.0,1788.0,32.0,,,1786.0,0.0
2,75700,SQUID_INK,1785.0,2.0,1784.0,20.0,,,1786.0,6.0,1788.0,22.0,,,1785.5,0.0
2,75800,SQUID_INK,1784.0,28.0,,,,,1787.0,28.0,,,,,1785.5,0.0
2,75900,SQUID_INK,1783.0,29.0,,,,,1786.0,29.0,,,,,1784.5,0.0
2,76000,SQUID_INK,1785.0,2.0,1784.0,2.0,1783.0,29.0,1786.0,2.0,1787.0,29.0,,,1785.5,0.0
2,76100,SQUID_INK,1784.0,29.0,,,,,1787.0,29.0,,,,,1785.5,0.0
2,76200,SQUID_INK,1785.0,32.0,,,,,1788.0,32.0,,,,,1786.5,0.0
2,76300,SQUID_INK,1784.0,25.0,,,,,1787.0,25.0,,,,,1785.5,0.0
2,76400,SQUID_INK,1786.0,1.0,1784.0,23.0,,,1787.0,23.0,,,,,1786.5,0.0
2,76500,SQUID_INK,1784.0,1.0,1782.0,27.0,,,1785.0,27.0,,,,,1784.5,0.0
2,76600,SQUID_INK,1782.0,31.0,,,,,1785.0,2.0,1786.0,29.0,,,1783.5,0.0
2,76700,SQUID_INK,1784.0,6.0,1783.0,29.0,,,1786.0,29.0,,,,,1785.0,0.0
2,76800,SQUID_INK,1783.0,28.0,,,,,1786.0,28.0,,,,,1784.5,0.0
2,76900,SQUID_INK,1785.0,22.0,,,,,1788.0,22.0,,,,,1786.5,0.0
2,77000,SQUID_INK,1786.0,21.0,,,,,1789.0,21.0,,,,,1787.5,0.0
2,77100,SQUID_INK,1787.0,1.0,1785.0,21.0,,,1788.0,21.0,,,,,1787.5,0.0
2,77200,SQUID_INK,1786.0,25.0,,,,,1789.0,25.0,,,,,1787.5,0.0
2,77300,SQUID_INK,1786.0,30.0,,,,,1789.0,30.0,,,,,1787.5,0.0
2,77400,SQUID_INK,1786.0,25.0,,,,,1789.0,25.0,,,,,1787.5,0.0
2,77500,SQUID_INK,1787.0,2.0,1786.0,23.0,,,1789.0,23.0,,,,,1788.0,0.0
2,77600,SQUID_INK,1785.0,29.0,,,,,1788.0,29.0,,,,,1786.5,0.0
2,77700,SQUID_INK,1786.0,32.0,,,,,1789.0,26.0,,,,,1787.5,0.0
2,77800,SQUID_INK,1785.0,28.0,,,,,1788.0,28.0,,,,,1786.5,0.0
2,77900,SQUID_INK,1785.0,27.0,,,,,1788.0,27.0,,,,,1786.5,0.0
2,78000,SQUID_INK,1786.0,8.0,1785.0,30.0,,,1788.0,30.0,,,,,1787.0,0.0
2,78100,SQUID_INK,1786.0,3.0,1785.0,29.0,,,1789.0,30.0,,,,,1787.5,0.0
2,78200,SQUID_INK,1785.0,24.0,,,,,1788.0,21.0,,,,,1786.5,0.0
2,78300,SQUID_INK,1786.0,1.0,1785.0,5.0,1784.0,21.0,1788.0,21.0,,,,,1787.0,0.0
2,78400,SQUID_INK,1784.0,28.0,,,,,1787.0,28.0,,,,,1785.5,0.0
2,78500,SQUID_INK,1784.0,27.0,,,,,1787.0,27.0,,,,,1785.5,0.0
2,78600,SQUID_INK,1783.0,21.0,,,,,1786.0,21.0,,,,,1784.5,0.0
2,78700,SQUID_INK,1783.0,28.0,,,,,1786.0,28.0,,,,,1784.5,0.0
2,78800,SQUID_INK,1785.0,26.0,,,,,1788.0,26.0,,,,,1786.5,0.0
2,78900,SQUID_INK,1785.0,26.0,,,,,1788.0,26.0,,,,,1786.5,0.0
2,79000,SQUID_INK,1785.0,31.0,,,,,1788.0,31.0,,,,,1786.5,0.0
2,79100,SQUID_INK,1783.0,21.0,,,,,1786.0,22.0,,,,,1784.5,0.0
2,79200,SQUID_INK,1781.0,22.0,,,,,1784.0,22.0,,,,,1782.5,0.0
2,79300,SQUID_INK,1781.0,15.0,,,,,1784.0,25.0,,,,,1782.5,0.0
2,79400,SQUID_INK,1782.0,6.0,1781.0,29.0,,,1784.0,29.0,,,,,1783.0,0.0
2,79500,SQUID_INK,1781.0,26.0,,,,,1784.0,26.0,,,,,1782.5,0.0
2,79600,SQUID_INK,1782.0,24.0,,,,,1785.0,24.0,,,,,1783.5,0.0
2,79700,SQUID_INK,1782.0,28.0,,,,,1785.0,26.0,,,,,1783.5,0.0
2,79800,SQUID_INK,1780.0,24.0,,,,,1783.0,24.0,,,,,1781.5,0.0
2,79900,SQUID_INK,1780.0,21.0,,,,,1783.0,26.0,,,,,1781.5,0.0
2,80000,SQUID_INK,1780.0,24.0,,,,,1783.0,24.0,,,,,1781.5,0.0
2,80100,SQUID_INK,1780.0,29.0,,,,,1784.0,29.0,,,,,1782.0,0.0
2,80200,SQUID_INK,1782.0,1.0,1780.0,27.0,,,1783.0,1.0,1784.0,26.0,,,1782.5,0.0
2,80300,SQUID_INK,1779.0,29.0,,,,,1782.0,28.0,,,,,1780.5,0.0
2,80400,SQUID_INK,1780.0,32.0,,,,,1783.0,32.0,,,,,1781.5,0.0
2,80500,SQUID_INK,1779.0,23.0,,,,,1782.0,23.0,,,,,1780.5,0.0
2,80600,SQUID_INK,1778.0,22.0,,,,,1781.0,22.0,,,,,1779.5,0.0
2,80700,SQUID_INK,1777.0,24.0,,,,,1780.0,25.0,,,,,1778.5,0.0
2,80800,SQUID_INK,1778.0,35.0,,,,,1781.0,32.0,,,,,1779.5,0.0
2,80900,SQUID_INK,1781.0,1.0,1779.0,34.0,,,1782.0,31.0,,,,,1781.5,0.0
2,81000,SQUID_INK,1779.0,24.0,,,,,1782.0,24.0,,,,,1780.5,0.0
2,81100,SQUID_INK,1780.0,29.0,,,,,1783.0,29.0,,,,,1781.5,0.0
2,81200,SQUID_INK,1780.0,21.0,,,,,1783.0,21.0,,,,,1781.5,0.0
2,81300,SQUID_INK,1780.0,2.0,1779.0,24.0,,,1782.0,24.0,,,,,1781.0,0.0
2,81400,SQUID_INK,1782.0,1.0,1780.0,26.0,,,1783.0,26.0,,,,,1782.5,0.0
2,81500,SQUID_INK,1779.0,29.0,,,,,1782.0,29.0,,,,,1780.5,0.0
2,81600,SQUID_INK,1778.0,28.0,,,,,1781.0,2.0,1782.0,26.0,,,1779.5,0.0
2,81700,SQUID_INK,1778.0,3.0,1777.0,30.0,,,1780.0,30.0,,,,,1779.0,0.0
2,81800,SQUID_INK,1778.0,22.0,,,,,1781.0,22.0,,,,,1779.5,0.0
2,81900,SQUID_INK,1777.0,25.0,,,,,1780.0,25.0,,,,,1778.5,0.0
2,82000,SQUID_INK,1778.0,29.0,,,,,1781.0,29.0,,,,,1779.5,0.0
2,82100,SQUID_INK,1777.0,30.0,,,,,1780.0,29.0,,,,,1778.5,0.0
2,82200,SQUID_INK,1776.0,30.0,,,,,1779.0,22.0,,,,,1777.5,0.0
2,82300,SQUID_INK,1775.0,29.0,,,,,1778.0,21.0,,,,,1776.5,0.0
2,82400,SQUID_INK,1776.0,8.0,1775.0,22.0,,,1778.0,22.0,,,,,1777.0,0.0
2,82500,SQUID_INK,1776.0,30.0,,,,,1779.0,30.0,,,,,1777.5,0.0
2,82600,SQUID_INK,1776.0,28.0,,,,,1779.0,28.0,,,,,1777.5,0.0
2,82700,SQUID_INK,1775.0,27.0,,,,,1778.0,27.0,,,,,1776.5,0.0
2,82800,SQUID_INK,1776.0,20.0,,,,,1779.0,20.0,,,,,1777.5,0.0
2,82900,SQUID_INK,1775.0,27.0,,,,,1776.0,5.0,1777.0,7.0,1778.0,2.0,1775.5,0.0
2,83000,SQUID_INK,1774.0,28.0,,,,,1777.0,27.0,,,,,1775.5,0.0
2,83100,SQUID_INK,1773.0,24.0,,,,,1776.0,24.0,,,,,1774.5,0.0
2,83200,SQUID_INK,1775.0,29.0,,,,,1778.0,23.0,,,,,1776.5,0.0
2,83300,SQUID_INK,1777.0,2.0,1776.0,28.0,,,1778.0,3.0,1779.0,2.0,1780.0,28.0,1777.5,0.0
2,83400,SQUID_INK,1777.0,20.0,,,,,1780.0,20.0,,,,,1778.5,0.0
2,83500,SQUID_INK,1777.0,28.0,,,,,1779.0,5.0,1780.0,29.0,,,1778.0,0.0
2,83600,SQUID_INK,1777.0,30.0,,,,,1780.0,30.0,,,,,1778.5,0.0
2,83700,SQUID_INK,1776.0,26.0,,,,,1779.0,26.0,,,,,1777.5,0.0
2,83800,SQUID_INK,1776.0,30.0,,,,,1779.0,30.0,,,,,1777.5,0.0
2,83900,SQUID_INK,1776.0,26.0,,,,,1778.0,1.0,1779.0,26.0,,,1777.0,0.0
2,84000,SQUID_INK,1776.0,23.0,,,,,1779.0,23.0,,,,,1777.5,0.0
2,84100,SQUID_INK,1775.0,26.0,,,,,1778.0,26.0,,,,,1776.5,0.0
2,84200,SQUID_INK,1775.0,29.0,,,,,1777.0,3.0,1778.0,29.0,,,1776.0,0.0
2,84300,SQUID_INK,1778.0,1.0,1776.0,27.0,,,1779.0,27.0,,,,,1778.5,0.0
2,84400,SQUID_INK,1776.0,29.0,,,,,1778.0,8.0,1779.0,29.0,,,1777.0,0.0
2,84500,SQUID_INK,1777.0,30.0,,,,,1779.0,3.0,1780.0,1.0,1781.0,29.0,1778.0,0.0
2,84600,SQUID_INK,1777.0,30.0,,,,,1780.0,30.0,,,,,1778.5,0.0
2,84700,SQUID_INK,1776.0,27.0,,,,,1779.0,22.0,,,,,1777.5,0.0
2,84800,SQUID_INK,1777.0,22.0,,,,,1780.0,22.0,,,,,1778.5,0.0
2,84900,SQUID_INK,1777.0,22.0,,,,,1780.0,22.0,,,,,1778.5,0.0
2,85000,SQUID_INK,1777.0,29.0,,,,,1780.0,29.0,,,,,1778.5,0.0
2,85100,SQUID_INK,1777.0,23.0,,,,,1779.0,7.0,1780.0,23.0,,,1778.0,0.0
2,85200,SQUID_INK,1778.0,21.0,,,,,1780.0,1.0,1781.0,21.0,,,1779.0,0.0
2,85300,SQUID_INK,1778.0,30.0,,,,,1780.0,3.0,1781.0,30.0,,,1779.0,0.0
2,85400,SQUID_INK,1778.0,22.0,,,,,1781.0,22.0,,,,,1779.5,0.0
2,85500,SQUID_INK,1779.0,3.0,1778.0,37.0,,,1781.0,31.0,,,,,1780.0,0.0
2,85600,SQUID_INK,1777.0,29.0,,,,,1779.0,2.0,1780.0,29.0,,,1778.0,0.0
2,85700,SQUID_INK,1776.0,24.0,,,,,1779.0,24.0,,,,,1777.5,0.0
2,85800,SQUID_INK,1776.0,30.0,,,,,1779.0,28.0,,,,,1777.5,0.0
2,85900,SQUID_INK,1778.0,2.0,1777.0,20.0,,,1781.0,22.0,,,,,1779.5,0.0
2,86000,SQUID_INK,1778.0,31.0,,,,,1781.0,31.0,,,,,1779.5,0.0
2,86100,SQUID_INK,1780.0,21.0,,,,,1783.0,21.0,,,,,1781.5,0.0
2,86200,SQUID_INK,1778.0,27.0,,,,,1781.0,2.0,1782.0,25.0,,,1779.5,0.0
2,86300,SQUID_INK,1781.0,29.0,,,,,1784.0,26.0,,,,,1782.5,0.0
2,86400,SQUID_INK,1782.0,23.0,,,,,1785.0,23.0,,,,,1783.5,0.0
2,86500,SQUID_INK,1783.0,5.0,1782.0,29.0,,,1785.0,29.0,,,,,1784.0,0.0
2,86600,SQUID_INK,1782.0,23.0,,,,,1784.0,2.0,1785.0,23.0,,,1783.0,0.0
2,86700,SQUID_INK,1784.0,1.0,1782.0,25.0,,,1786.0,25.0,,,,,1785.0,0.0
2,86800,SQUID_INK,1782.0,30.0,,,,,1785.0,30.0,,,,,1783.5,0.0
2,86900,SQUID_INK,1782.0,2.0,1781.0,25.0,,,1784.0,25.0,,,,,1783.0,0.0
2,87000,SQUID_INK,1781.0,22.0,,,,,1782.0,4.0,1784.0,26.0,,,1781.5,0.0
2,87100,SQUID_INK,1781.0,24.0,,,,,1782.0,3.0,1783.0,7.0,1784.0,24.0,1781.5,0.0
2,87200,SQUID_INK,1781.0,26.0,,,,,1784.0,26.0,,,,,1782.5,0.0
2,87300,SQUID_INK,1783.0,28.0,,,,,1786.0,28.0,,,,,1784.5,0.0
2,87400,SQUID_INK,1781.0,28.0,,,,,1784.0,24.0,,,,,1782.5,0.0
2,87500,SQUID_INK,1781.0,28.0,,,,,1784.0,28.0,,,,,1782.5,0.0
2,87600,SQUID_INK,1780.0,26.0,,,,,1783.0,26.0,,,,,1781.5,0.0
2,87700,SQUID_INK,1780.0,23.0,,,,,1783.0,23.0,,,,,1781.5,0.0
2,87800,SQUID_INK,1777.0,23.0,,,,,1780.0,23.0,,,,,1778.5,0.0
2,87900,SQUID_INK,1778.0,23.0,,,,,1782.0,24.0,,,,,1780.0,0.0
2,88000,SQUID_INK,1779.0,8.0,1778.0,26.0,,,1782.0,27.0,,,,,1780.5,0.0
2,88100,SQUID_INK,1780.0,26.0,,,,,1783.0,26.0,,,,,1781.5,0.0
2,88200,SQUID_INK,1781.0,21.0,,,,,1784.0,21.0,,,,,1782.5,0.0
2,88300,SQUID_INK,1781.0,29.0,,,,,1784.0,29.0,,,,,1782.5,0.0
2,88400,SQUID_INK,1782.0,26.0,,,,,1783.0,2.0,1785.0,26.0,,,1782.5,0.0
2,88500,SQUID_INK,1783.0,26.0,,,,,1786.0,26.0,,,,,1784.5,0.0
2,88600,SQUID_INK,1784.0,1.0,1782.0,27.0,,,1785.0,27.0,,,,,1784.5,0.0
2,88700,SQUID_INK,1782.0,21.0,,,,,1785.0,21.0,,,,,1783.5,0.0
2,88800,SQUID_INK,1783.0,24.0,,,,,1786.0,24.0,,,,,1784.5,0.0
2,88900,SQUID_INK,1783.0,26.0,,,,,1786.0,26.0,,,,,1784.5,0.0
2,89000,SQUID_INK,1783.0,21.0,,,,,1786.0,21.0,,,,,1784.5,0.0
2,89100,SQUID_INK,1782.0,30.0,,,,,1785.0,30.0,,,,,1783.5,0.0
2,89200,SQUID_INK,1783.0,26.0,,,,,1787.0,26.0,,,,,1785.0,0.0
2,89300,SQUID_INK,1784.0,26.0,,,,,1787.0,26.0,,,,,1785.5,0.0
2,89400,SQUID_INK,1785.0,26.0,,,,,1788.0,26.0,,,,,1786.5,0.0
2,89500,SQUID_INK,1783.0,30.0,,,,,1786.0,30.0,,,,,1784.5,0.0
2,89600,SQUID_INK,1785.0,2.0,1784.0,31.0,,,1787.0,31.0,,,,,1786.0,0.0
2,89700,SQUID_INK,1784.0,30.0,,,,,1785.0,6.0,1787.0,30.0,,,1784.5,0.0
2,89800,SQUID_INK,1787.0,5.0,1786.0,8.0,1785.0,26.0,1788.0,26.0,,,,,1787.5,0.0
2,89900,SQUID_INK,1786.0,2.0,1785.0,25.0,,,1788.0,25.0,,,,,1787.0,0.0
2,90000,SQUID_INK,1786.0,22.0,,,,,1789.0,22.0,,,,,1787.5,0.0
2,90100,SQUID_INK,1786.0,20.0,,,,,1790.0,20.0,,,,,1788.0,0.0
2,90200,SQUID_INK,1788.0,9.0,1787.0,29.0,,,1790.0,2.0,1791.0,29.0,,,1789.0,0.0
2,90300,SQUID_INK,1787.0,35.0,,,,,1790.0,31.0,,,,,1788.5,0.0
2,90400,SQUID_INK,1787.0,6.0,1786.0,26.0,,,1789.0,26.0,,,,,1788.0,0.0
2,90500,SQUID_INK,1788.0,20.0,,,,,1791.0,20.0,,,,,1789.5,0.0
2,90600,SQUID_INK,1787.0,30.0,,,,,1788.0,8.0,1790.0,2.0,1791.0,28.0,1787.5,0.0
2,90700,SQUID_INK,1788.0,2.0,1787.0,27.0,,,1789.0,4.0,1790.0,2.0,1791.0,27.0,1788.5,0.0
2,90800,SQUID_INK,1788.0,25.0,,,,,1791.0,26.0,,,,,1789.5,0.0
2,90900,SQUID_INK,1789.0,24.0,,,,,1791.0,4.0,1792.0,24.0,,,1790.0,0.0
2,91000,SQUID_INK,1790.0,26.0,,,,,1793.0,26.0,,,,,1791.5,0.0
2,91100,SQUID_INK,1790.0,30.0,,,,,1793.0,30.0,,,,,1791.5,0.0
2,91200,SQUID_INK,1789.0,25.0,,,,,1792.0,28.0,,,,,1790.5,0.0
2,91300,SQUID_INK,1791.0,1.0,1789.0,29.0,,,1792.0,22.0,,,,,1791.5,0.0
2,91400,SQUID_INK,1791.0,23.0,,,,,1794.0,23.0,,,,,1792.5,0.0
2,91500,SQUID_INK,1790.0,26.0,,,,,1793.0,26.0,,,,,1791.5,0.0
2,91600,SQUID_INK,1791.0,27.0,,,,,1794.0,27.0,,,,,1792.5,0.0
2,91700,SQUID_INK,1791.0,27.0,,,,,1794.0,27.0,,,,,1792.5,0.0
2,91800,SQUID_INK,1791.0,29.0,,,,,1794.0,29.0,,,,,1792.5,0.0
2,91900,SQUID_INK,1792.0,28.0,,,,,1795.0,23.0,,,,,1793.5,0.0
2,92000,SQUID_INK,1792.0,27.0,,,,,1795.0,22.0,,,,,1793.5,0.0
2,92100,SQUID_INK,1792.0,28.0,,,,,1795.0,28.0,,,,,1793.5,0.0
2,92200,SQUID_INK,1793.0,26.0,,,,,1796.0,26.0,,,,,1794.5,0.0
2,92300,SQUID_INK,1792.0,30.0,,,,,1795.0,30.0,,,,,1793.5,0.0
2,92400,SQUID_INK,1793.0,23.0,,,,,1796.0,23.0,,,,,1794.5,0.0
2,92500,SQUID_INK,1792.0,26.0,,,,,1794.0,6.0,1795.0,26.0,,,1793.0,0.0
2,92600,SQUID_INK,1792.0,26.0,,,,,1793.0,2.0,1795.0,26.0,,,1792.5,0.0
2,92700,SQUID_INK,1791.0,23.0,,,,,1794.0,23.0,,,,,1792.5,0.0
2,92800,SQUID_INK,1792.0,26.0,,,,,1795.0,26.0,,,,,1793.5,0.0
2,92900,SQUID_INK,1793.0,27.0,,,,,1795.0,6.0,1796.0,27.0,,,1794.0,0.0
2,93000,SQUID_INK,1794.0,1.0,1793.0,23.0,,,1795.0,2.0,1797.0,25.0,,,1794.5,0.0
2,93100,SQUID_INK,1794.0,1.0,1793.0,24.0,,,1796.0,1.0,1797.0,24.0,,,1795.0,0.0
2,93200,SQUID_INK,1795.0,29.0,,,,,1798.0,29.0,,,,,1796.5,0.0
2,93300,SQUID_INK,1794.0,23.0,,,,,1796.0,5.0,1797.0,23.0,,,1795.0,0.0
2,93400,SQUID_INK,1794.0,25.0,,,,,1797.0,25.0,,,,,1795.5,0.0
2,93500,SQUID_INK,1795.0,2.0,1794.0,27.0,,,1796.0,8.0,1797.0,2.0,1798.0,27.0,1795.5,0.0
2,93600,SQUID_INK,1793.0,24.0,,,,,1794.0,3.0,1796.0,2.0,1797.0,22.0,1793.5,0.0
2,93700,SQUID_INK,1794.0,25.0,,,,,1797.0,25.0,,,,,1795.5,0.0
2,93800,SQUID_INK,1794.0,32.0,,,,,1797.0,32.0,,,,,1795.5,0.0
2,93900,SQUID_INK,1794.0,30.0,,,,,1797.0,30.0,,,,,1795.5,0.0
2,94000,SQUID_INK,1794.0,28.0,,,,,1797.0,28.0,,,,,1795.5,0.0
2,94100,SQUID_INK,1794.0,22.0,,,,,1797.0,22.0,,,,,1795.5,0.0
2,94200,SQUID_INK,1796.0,1.0,1794.0,35.0,,,1797.0,31.0,,,,,1796.5,0.0
2,94300,SQUID_INK,1793.0,23.0,,,,,1795.0,1.0,1796.0,23.0,,,1794.0,0.0
2,94400,SQUID_INK,1794.0,31.0,,,,,1797.0,27.0,,,,,1795.5,0.0
2,94500,SQUID_INK,1794.0,23.0,,,,,1797.0,23.0,,,,,1795.5,0.0
2,94600,SQUID_INK,1796.0,1.0,1794.0,20.0,,,1797.0,20.0,,,,,1796.5,0.0
2,94700,SQUID_INK,1795.0,21.0,,,,,1798.0,21.0,,,,,1796.5,0.0
2,94800,SQUID_INK,1795.0,25.0,,,,,1798.0,25.0,,,,,1796.5,0.0
2,94900,SQUID_INK,1795.0,23.0,,,,,1798.0,23.0,,,,,1796.5,0.0
2,95000,SQUID_INK,1794.0,25.0,,,,,1797.0,25.0,,,,,1795.5,0.0
2,95100,SQUID_INK,1797.0,1.0,1795.0,29.0,,,1798.0,29.0,,,,,1797.5,0.0
2,95200,SQUID_INK,1797.0,1.0,1796.0,7.0,1795.0,22.0,1798.0,2.0,1799.0,22.0,,,1797.5,0.0
2,95300,SQUID_INK,1796.0,27.0,,,,,1797.0,2.0,1799.0,27.0,,,1796.5,0.0
2,95400,SQUID_INK,1798.0,1.0,1796.0,32.0,,,1799.0,32.0,,,,,1798.5,0.0
2,95500,SQUID_INK,1796.0,8.0,1795.0,29.0,,,1798.0,29.0,,,,,1797.0,0.0
2,95600,SQUID_INK,1794.0,27.0,,,,,1797.0,27.0,,,,,1795.5,0.0
2,95700,SQUID_INK,1794.0,21.0,,,,,1797.0,21.0,,,,,1795.5,0.0
2,95800,SQUID_INK,1794.0,23.0,,,,,1797.0,23.0,,,,,1795.5,0.0
2,95900,SQUID_INK,1795.0,1.0,1794.0,21.0,,,1797.0,1.0,1798.0,21.0,,,1796.0,0.0
2,96000,SQUID_INK,1797.0,1.0,1795.0,24.0,,,1798.0,24.0,,,,,1797.5,0.0
2,96100,SQUID_INK,1794.0,24.0,,,,,1796.0,7.0,1797.0,24.0,,,1795.0,0.0
2,96200,SQUID_INK,1794.0,22.0,,,,,1798.0,22.0,,,,,1796.0,0.0
2,96300,SQUID_INK,1795.0,1.0,1793.0,32.0,,,1796.0,32.0,,,,,1795.5,0.0
2,96400,SQUID_INK,1793.0,22.0,,,,,1796.0,22.0,,,,,1794.5,0.0
2,96500,SQUID_INK,1791.0,28.0,,,,,1794.0,26.0,,,,,1792.5,0.0
2,96600,SQUID_INK,1790.0,5.0,1789.0,22.0,,,1792.0,22.0,,,,,1791.0,0.0
2,96700,SQUID_INK,1789.0,20.0,,,,,1792.0,20.0,,,,,1790.5,0.0
2,96800,SQUID_INK,1790.0,23.0,,,,,1793.0,23.0,,,,,1791.5,0.0
2,96900,SQUID_INK,1792.0,30.0,,,,,1795.0,30.0,,,,,1793.5,0.0
2,97000,SQUID_INK,1791.0,30.0,,,,,1794.0,28.0,,,,,1792.5,0.0
2,97100,SQUID_INK,1791.0,22.0,,,,,1794.0,22.0,,,,,1792.5,0.0
2,97200,SQUID_INK,1792.0,3.0,1791.0,24.0,,,1793.0,7.0,1794.0,24.0,,,1792.5,0.0
2,97300,SQUID_INK,1788.0,28.0,,,,,1791.0,28.0,,,,,1789.5,0.0
2,97400,SQUID_INK,1789.0,24.0,,,,,1792.0,25.0,,,,,1790.5,0.0
2,97500,SQUID_INK,1787.0,23.0,,,,,1791.0,23.0,,,,,1789.0,0.0
2,97600,SQUID_INK,1787.0,27.0,,,,,1790.0,27.0,,,,,1788.5,0.0
2,97700,SQUID_INK,1787.0,26.0,,,,,1790.0,26.0,,,,,1788.5,0.0
2,97800,SQUID_INK,1789.0,2.0,1788.0,28.0,,,1792.0,30.0,,,,,1790.5,0.0
2,97900,SQUID_INK,1788.0,29.0,,,,,1791.0,27.0,,,,,1789.5,0.0
2,98000,SQUID_INK,1788.0,26.0,,,,,1791.0,26.0,,,,,1789.5,0.0
2,98100,SQUID_INK,1789.0,8.0,1788.0,29.0,,,1791.0,29.0,,,,,1790.0,0.0
2,98200,SQUID_INK,1788.0,23.0,,,,,1791.0,23.0,,,,,1789.5,0.0
2,98300,SQUID_INK,1789.0,31.0,,,,,1792.0,31.0,,,,,1790.5,0.0
2,98400,SQUID_INK,1790.0,3.0,1789.0,29.0,,,1792.0,29.0,,,,,1791.0,0.0
2,98500,SQUID_INK,1790.0,24.0,,,,,1793.0,24.0,,,,,1791.5,0.0
2,98600,SQUID_INK,1790.0,32.0,,,,,1793.0,32.0,,,,,1791.5,0.0
2,98700,SQUID_INK,1792.0,1.0,1790.0,28.0,,,1793.0,28.0,,,,,1792.5,0.0
2,98800,SQUID_INK,1788.0,23.0,,,,,1789.0,1.0,1792.0,23.0,,,1788.5,0.0
2,98900,SQUID_INK,1787.0,20.0,,,,,1790.0,20.0,,,,,1788.5,0.0
2,99000,SQUID_INK,1787.0,22.0,,,,,1790.0,23.0,,,,,1788.5,0.0
2,99100,SQUID_INK,1787.0,29.0,,,,,1790.0,27.0,,,,,1788.5,0.0
2,99200,SQUID_INK,1789.0,1.0,1787.0,30.0,,,1790.0,30.0,,,,,1789.5,0.0
2,99300,SQUID_INK,1787.0,31.0,,,,,1788.0,1.0,1790.0,31.0,,,1787.5,0.0
2,99400,SQUID_INK,1786.0,29.0,,,,,1789.0,29.0,,,,,1787.5,0.0
2,99500,SQUID_INK,1785.0,30.0,,,,,1788.0,2.0,1789.0,28.0,,,1786.5,0.0
2,99600,SQUID_INK,1787.0,7.0,1786.0,29.0,,,1789.0,29.0,,,,,1788.0,0.0
2,99700,SQUID_INK,1786.0,26.0,,,,,1789.0,25.0,,,,,1787.5,0.0
2,99800,SQUID_INK,1787.0,7.0,1786.0,26.0,,,1789.0,26.0,,,,,1788.0,0.0
2,99900,SQUID_INK,1787.0,28.0,,,,,1790.0,28.0,,,,,1788.5,0.0
2,100000,SQUID_INK,1785.0,29.0,,,,,1788.0,27.0,,,,,1786.5,0.0
2,100100,SQUID_INK,1785.0,21.0,,,,,1788.0,21.0,,,,,1786.5,0.0
2,100200,SQUID_INK,1784.0,22.0,,,,,1787.0,22.0,,,,,1785.5,0.0
2,100300,SQUID_INK,1786.0,30.0,,,,,1789.0,30.0,,,,,1787.5,0.0
2,100400,SQUID_INK,1783.0,30.0,,,,,1786.0,28.0,,,,,1784.5,0.0
2,100500,SQUID_INK,1783.0,25.0,,,,,1786.0,25.0,,,,,1784.5,0.0
2,100600,SQUID_INK,1784.0,1.0,1783.0,24.0,,,1787.0,25.0,,,,,1785.5,0.0
2,100700,SQUID_INK,1783.0,24.0,,,,,1786.0,24.0,,,,,1784.5,0.0
2,100800,SQUID_INK,1783.0,30.0,,,,,1785.0,8.0,1786.0,30.0,,,1784.0,0.0
2,100900,SQUID_INK,1784.0,26.0,,,,,1787.0,26.0,,,,,1785.5,0.0
2,101000,SQUID_INK,1785.0,8.0,1784.0,25.0,,,1787.0,25.0,,,,,1786.0,0.0
2,101100,SQUID_INK,1783.0,22.0,,,,,1786.0,22.0,,,,,1784.5,0.0
2,101200,SQUID_INK,1783.0,31.0,,,,,1786.0,31.0,,,,,1784.5,0.0
2,101300,SQUID_INK,1783.0,24.0,,,,,1786.0,1.0,1787.0,23.0,,,1784.5,0.0
2,101400,SQUID_INK,1782.0,23.0,,,,,1786.0,23.0,,,,,1784.0,0.0
2,101500,SQUID_INK,1784.0,1.0,1783.0,6.0,1782.0,22.0,1785.0,2.0,1786.0,22.0,,,1784.5,0.0
2,101600,SQUID_INK,1782.0,20.0,,,,,1783.0,7.0,1785.0,20.0,,,1782.5,0.0
2,101700,SQUID_INK,1782.0,27.0,,,,,1785.0,28.0,,,,,1783.5,0.0
2,101800,SQUID_INK,1783.0,28.0,,,,,1785.0,1.0,1786.0,28.0,,,1784.0,0.0
2,101900,SQUID_INK,1782.0,31.0,,,,,1785.0,32.0,,,,,1783.5,0.0
2,102000,SQUID_INK,1781.0,28.0,,,,,1784.0,28.0,,,,,1782.5,0.0
2,102100,SQUID_INK,1781.0,24.0,,,,,1783.0,4.0,1784.0,29.0,,,1782.0,0.0
2,102200,SQUID_INK,1780.0,24.0,,,,,1783.0,24.0,,,,,1781.5,0.0
2,102300,SQUID_INK,1780.0,38.0,,,,,1783.0,30.0,,,,,1781.5,0.0
2,102400,SQUID_INK,1778.0,20.0,,,,,1779.0,2.0,1781.0,21.0,,,1778.5,0.0
2,102500,SQUID_INK,1779.0,28.0,,,,,1782.0,28.0,,,,,1780.5,0.0
2,102600,SQUID_INK,1779.0,7.0,1778.0,27.0,,,1781.0,27.0,,,,,1780.0,0.0
2,102700,SQUID_INK,1779.0,23.0,,,,,1782.0,22.0,,,,,1780.5,0.0
2,102800,SQUID_INK,1782.0,21.0,,,,,1785.0,21.0,,,,,1783.5,0.0
2,102900,SQUID_INK,1782.0,29.0,,,,,1784.0,2.0,1785.0,29.0,,,1783.0,0.0
2,103000,SQUID_INK,1783.0,22.0,,,,,1786.0,22.0,,,,,1784.5,0.0
2,103100,SQUID_INK,1783.0,25.0,,,,,1784.0,5.0,1786.0,25.0,,,1783.5,0.0
2,103200,SQUID_INK,1784.0,1.0,1783.0,20.0,,,1786.0,1.0,1787.0,20.0,,,1785.0,0.0
2,103300,SQUID_INK,1785.0,21.0,,,,,1788.0,21.0,,,,,1786.5,0.0
2,103400,SQUID_INK,1784.0,21.0,,,,,1787.0,21.0,,,,,1785.5,0.0
2,103500,SQUID_INK,1785.0,27.0,,,,,1788.0,27.0,,,,,1786.5,0.0
2,103600,SQUID_INK,1786.0,24.0,,,,,1788.0,1.0,1789.0,24.0,,,1787.0,0.0
2,103700,SQUID_INK,1787.0,31.0,,,,,1788.0,2.0,1789.0,4.0,1790.0,31.0,1787.5,0.0
2,103800,SQUID_INK,1788.0,1.0,1786.0,22.0,,,1789.0,22.0,,,,,1788.5,0.0
2,103900,SQUID_INK,1786.0,33.0,,,,,1789.0,30.0,,,,,1787.5,0.0
2,104000,SQUID_INK,1785.0,26.0,,,,,1788.0,26.0,,,,,1786.5,0.0
2,104100,SQUID_INK,1787.0,28.0,,,,,1790.0,28.0,,,,,1788.5,0.0
2,104200,SQUID_INK,1787.0,2.0,1786.0,30.0,,,1789.0,2.0,1790.0,30.0,,,1788.0,0.0
2,104300,SQUID_INK,1787.0,2.0,1786.0,20.0,,,1790.0,22.0,,,,,1788.5,0.0
2,104400,SQUID_INK,1787.0,30.0,,,,,1788.0,4.0,1789.0,4.0,1790.0,30.0,1787.5,0.0
2,104500,SQUID_INK,1787.0,21.0,,,,,1790.0,22.0,,,,,1788.5,0.0
2,104600,SQUID_INK,1787.0,28.0,,,,,1790.0,29.0,,,,,1788.5,0.0
2,104700,SQUID_INK,1788.0,27.0,,,,,1791.0,28.0,,,,,1789.5,0.0
2,104800,SQUID_INK,1788.0,3.0,1787.0,31.0,,,1790.0,31.0,,,,,1789.0,0.0
2,104900,SQUID_INK,1787.0,25.0,,,,,1790.0,24.0,,,,,1788.5,0.0
2,105000,SQUID_INK,1789.0,28.0,,,,,1792.0,28.0,,,,,1790.5,0.0
2,105100,SQUID_INK,1789.0,30.0,,,,,1792.0,30.0,,,,,1790.5,0.0
2,105200,SQUID_INK,1789.0,27.0,,,,,1792.0,28.0,,,,,1790.5,0.0
2,105300,SQUID_INK,1790.0,1.0,1789.0,24.0,,,1792.0,24.0,,,,,1791.0,0.0
2,105400,SQUID_INK,1789.0,22.0,,,,,1792.0,22.0,,,,,1790.5,0.0
2,105500,SQUID_INK,1791.0,1.0,1789.0,27.0,,,1792.0,27.0,,,,,1791.5,0.0
2,105600,SQUID_INK,1791.0,9.0,1789.0,25.0,,,1792.0,25.0,,,,,1791.5,0.0
2,105700,SQUID_INK,1790.0,24.0,,,,,1791.0,6.0,1793.0,24.0,,,1790.5,0.0
2,105800,SQUID_INK,1789.0,29.0,,,,,1792.0,29.0,,,,,1790.5,0.0
2,105900,SQUID_INK,1788.0,31.0,,,,,1791.0,31.0,,,,,1789.5,0.0
2,106000,SQUID_INK,1790.0,3.0,1789.0,28.0,,,1792.0,2.0,1793.0,28.0,,,1791.0,0.0
2,106100,SQUID_INK,1791.0,28.0,,,,,1793.0,4.0,1794.0,28.0,,,1792.0,0.0
2,106200,SQUID_INK,1790.0,30.0,,,,,1793.0,30.0,,,,,1791.5,0.0
2,106300,SQUID_INK,1790.0,26.0,,,,,1793.0,26.0,,,,,1791.5,0.0
2,106400,SQUID_INK,1790.0,21.0,,,,,1793.0,21.0,,,,,1791.5,0.0
2,106500,SQUID_INK,1790.0,37.0,,,,,1793.0,29.0,,,,,1791.5,0.0
2,106600,SQUID_INK,1790.0,31.0,,,,,1791.0,4.0,1793.0,31.0,,,1790.5,0.0
2,106700,SQUID_INK,1790.0,24.0,,,,,1793.0,24.0,,,,,1791.5,0.0
2,106800,SQUID_INK,1792.0,28.0,,,,,1795.0,22.0,,,,,1793.5,0.0
2,106900,SQUID_INK,1791.0,33.0,,,,,1794.0,32.0,,,,,1792.5,0.0
2,107000,SQUID_INK,1793.0,27.0,,,,,1796.0,24.0,,,,,1794.5,0.0
2,107100,SQUID_INK,1793.0,33.0,,,,,1796.0,31.0,,,,,1794.5,0.0
2,107200,SQUID_INK,1793.0,24.0,,,,,1796.0,2.0,1797.0,22.0,,,1794.5,0.0
2,107300,SQUID_INK,1793.0,23.0,,,,,1795.0,1.0,1796.0,23.0,,,1794.0,0.0
2,107400,SQUID_INK,1794.0,28.0,,,,,1797.0,28.0,,,,,1795.5,0.0
2,107500,SQUID_INK,1794.0,22.0,,,,,1797.0,22.0,,,,,1795.5,0.0
2,107600,SQUID_INK,1796.0,28.0,,,,,1797.0,6.0,1799.0,29.0,,,1796.5,0.0
2,107700,SQUID_INK,1796.0,30.0,,,,,1799.0,30.0,,,,,1797.5,0.0
2,107800,SQUID_INK,1796.0,1.0,1795.0,1.0,1794.0,20.0,1798.0,21.0,,,,,1797.0,0.0
2,107900,SQUID_INK,1794.0,26.0,,,,,1796.0,6.0,1797.0,26.0,,,1795.0,0.0
2,108000,SQUID_INK,1795.0,34.0,,,,,1798.0,27.0,,,,,1796.5,0.0
2,108100,SQUID_INK,1794.0,24.0,,,,,1797.0,24.0,,,,,1795.5,0.0
2,108200,SQUID_INK,1796.0,24.0,,,,,1800.0,24.0,,,,,1798.0,0.0
2,108300,SQUID_INK,1796.0,24.0,,,,,1799.0,23.0,,,,,1797.5,0.0
2,108400,SQUID_INK,1796.0,23.0,,,,,1799.0,21.0,,,,,1797.5,0.0
2,108500,SQUID_INK,1796.0,21.0,,,,,1799.0,21.0,,,,,1797.5,0.0
2,108600,SQUID_INK,1798.0,12.0,1796.0,24.0,,,1799.0,24.0,,,,,1798.5,0.0
2,108700,SQUID_INK,1796.0,24.0,,,,,1799.0,24.0,,,,,1797.5,0.0
2,108800,SQUID_INK,1796.0,27.0,,,,,1799.0,27.0,,,,,1797.5,0.0
2,108900,SQUID_INK,1798.0,28.0,,,,,1800.0,1.0,1801.0,28.0,,,1799.0,0.0
2,109000,SQUID_INK,1800.0,30.0,,,,,1803.0,28.0,,,,,1801.5,0.0
2,109100,SQUID_INK,1799.0,23.0,,,,,1801.0,7.0,1802.0,23.0,,,1800.0,0.0
2,109200,SQUID_INK,1795.0,24.0,,,,,1798.0,24.0,,,,,1796.5,0.0
2,109300,SQUID_INK,1797.0,8.0,1796.0,28.0,,,1799.0,1.0,1800.0,27.0,,,1798.0,0.0
2,109400,SQUID_INK,1797.0,2.0,1795.0,31.0,,,1798.0,31.0,,,,,1797.5,0.0
2,109500,SQUID_INK,1797.0,1.0,1796.0,22.0,,,1800.0,22.0,,,,,1798.5,0.0
2,109600,SQUID_INK,1799.0,7.0,1798.0,22.0,,,1802.0,23.0,,,,,1800.5,0.0
2,109700,SQUID_INK,1798.0,27.0,,,,,1801.0,27.0,,,,,1799.5,0.0
2,109800,SQUID_INK,1799.0,21.0,,,,,1803.0,21.0,,,,,1801.0,0.0
2,109900,SQUID_INK,1800.0,1.0,1798.0,27.0,,,1802.0,27.0,,,,,1801.0,0.0
2,110000,SQUID_INK,1798.0,31.0,,,,,1801.0,31.0,,,,,1799.5,0.0
2,110100,SQUID_INK,1799.0,24.0,,,,,1802.0,24.0,,,,,1800.5,0.0
2,110200,SQUID_INK,1799.0,29.0,,,,,1802.0,29.0,,,,,1800.5,0.0
2,110300,SQUID_INK,1799.0,25.0,,,,,1800.0,2.0,1802.0,25.0,,,1799.5,0.0
2,110400,SQUID_INK,1799.0,22.0,,,,,1803.0,22.0,,,,,1801.0,0.0
2,110500,SQUID_INK,1800.0,20.0,,,,,1803.0,20.0,,,,,1801.5,0.0
2,110600,SQUID_INK,1798.0,24.0,,,,,1801.0,24.0,,,,,1799.5,0.0
2,110700,SQUID_INK,1795.0,31.0,,,,,1798.0,31.0,,,,,1796.5,0.0
2,110800,SQUID_INK,1798.0,7.0,1796.0,30.0,,,1799.0,30.0,,,,,1798.5,0.0
2,110900,SQUID_INK,1795.0,6.0,1794.0,28.0,,,1796.0,7.0,1797.0,28.0,,,1795.5,0.0
2,111000,SQUID_INK,1792.0,1.0,1791.0,22.0,,,1795.0,23.0,,,,,1793.5,0.0
2,111100,SQUID_INK,1789.0,24.0,,,,,1790.0,3.0,1792.0,24.0,,,1789.5,0.0
2,111200,SQUID_INK,1788.0,32.0,,,,,1789.0,0.0,1791.0,2.0,1792.0,30.0,1788.5,0.0
2,111300,SQUID_INK,1790.0,23.0,,,,,1792.0,3.0,1793.0,23.0,,,1791.0,0.0
2,111400,SQUID_INK,1790.0,26.0,,,,,1793.0,27.0,,,,,1791.5,0.0
2,111500,SQUID_INK,1788.0,28.0,,,,,1791.0,28.0,,,,,1789.5,0.0
2,111600,SQUID_INK,1788.0,22.0,,,,,1790.0,5.0,1791.0,22.0,,,1789.0,0.0
2,111700,SQUID_INK,1789.0,1.0,1788.0,23.0,,,1792.0,24.0,,,,,1790.5,0.0
2,111800,SQUID_INK,1789.0,20.0,,,,,1792.0,20.0,,,,,1790.5,0.0
2,111900,SQUID_INK,1788.0,30.0,,,,,1791.0,30.0,,,,,1789.5,0.0
2,112000,SQUID_INK,1789.0,29.0,,,,,1792.0,29.0,,,,,1790.5,0.0
2,112100,SQUID_INK,1786.0,25.0,,,,,1789.0,25.0,,,,,1787.5,0.0
2,112200,SQUID_INK,1787.0,28.0,,,,,1790.0,28.0,,,,,1788.5,0.0
2,112300,SQUID_INK,1785.0,28.0,,,,,1788.0,29.0,,,,,1786.5,0.0
2,112400,SQUID_INK,1785.0,23.0,,,,,1788.0,23.0,,,,,1786.5,0.0
2,112500,SQUID_INK,1783.0,27.0,,,,,1786.0,25.0,,,,,1784.5,0.0
2,112600,SQUID_INK,1783.0,24.0,,,,,1786.0,25.0,,,,,1784.5,0.0
2,112700,SQUID_INK,1786.0,1.0,1784.0,22.0,,,1787.0,22.0,,,,,1786.5,0.0
2,112800,SQUID_INK,1784.0,21.0,,,,,1786.0,1.0,1787.0,21.0,,,1785.0,0.0
2,112900,SQUID_INK,1785.0,19.0,,,,,1788.0,20.0,,,,,1786.5,0.0
2,113000,SQUID_INK,1785.0,30.0,,,,,1788.0,30.0,,,,,1786.5,0.0
2,113100,SQUID_INK,1785.0,30.0,,,,,1787.0,1.0,1788.0,30.0,,,1786.0,0.0
2,113200,SQUID_INK,1785.0,22.0,,,,,1788.0,22.0,,,,,1786.5,0.0
2,113300,SQUID_INK,1785.0,20.0,,,,,1787.0,3.0,1788.0,20.0,,,1786.0,0.0
2,113400,SQUID_INK,1788.0,1.0,1787.0,6.0,1786.0,31.0,1789.0,31.0,,,,,1788.5,0.0
2,113500,SQUID_INK,1785.0,5.0,1784.0,27.0,,,1787.0,27.0,,,,,1786.0,0.0
2,113600,SQUID_INK,1783.0,32.0,,,,,1785.0,5.0,1786.0,32.0,,,1784.0,0.0
2,113700,SQUID_INK,1784.0,21.0,,,,,1786.0,8.0,1787.0,21.0,,,1785.0,0.0
2,113800,SQUID_INK,1781.0,21.0,,,,,1784.0,21.0,,,,,1782.5,0.0
2,113900,SQUID_INK,1781.0,31.0,,,,,1783.0,1.0,1784.0,31.0,,,1782.0,0.0
2,114000,SQUID_INK,1780.0,23.0,,,,,1783.0,23.0,,,,,1781.5,0.0
2,114100,SQUID_INK,1777.0,27.0,,,,,1780.0,27.0,,,,,1778.5,0.0
2,114200,SQUID_INK,1774.0,27.0,,,,,1777.0,27.0,,,,,1775.5,0.0
2,114300,SQUID_INK,1774.0,1.0,1772.0,26.0,,,1775.0,26.0,,,,,1774.5,0.0
2,114400,SQUID_INK,1770.0,29.0,,,,,1773.0,29.0,,,,,1771.5,0.0
2,114500,SQUID_INK,1772.0,24.0,,,,,1775.0,24.0,,,,,1773.5,0.0
2,114600,SQUID_INK,1771.0,31.0,,,,,1774.0,31.0,,,,,1772.5,0.0
2,114700,SQUID_INK,1774.0,1.0,1772.0,27.0,,,1775.0,27.0,,,,,1774.5,0.0
2,114800,SQUID_INK,1774.0,25.0,,,,,1776.0,5.0,1778.0,25.0,,,1775.0,0.0
2,114900,SQUID_INK,1775.0,23.0,,,,,1776.0,5.0,1778.0,23.0,,,1775.5,0.0
2,115000,SQUID_INK,1776.0,23.0,,,,,1778.0,7.0,1779.0,23.0,,,1777.0,0.0
2,115100,SQUID_INK,1772.0,25.0,,,,,1775.0,25.0,,,,,1773.5,0.0
2,115200,SQUID_INK,1770.0,10.0,1769.0,26.0,,,1772.0,25.0,,,,,1771.0,0.0
2,115300,SQUID_INK,1770.0,22.0,,,,,1773.0,22.0,,,,,1771.5,0.0
2,115400,SQUID_INK,1772.0,5.0,1771.0,22.0,,,1774.0,22.0,,,,,1773.0,0.0
2,115500,SQUID_INK,1773.0,1.0,1771.0,21.0,,,1774.0,21.0,,,,,1773.5,0.0
2,115600,SQUID_INK,1773.0,31.0,,,,,1776.0,31.0,,,,,1774.5,0.0
2,115700,SQUID_INK,1773.0,1.0,1771.0,28.0,,,1774.0,22.0,,,,,1773.5,0.0
2,115800,SQUID_INK,1772.0,22.0,,,,,1776.0,22.0,,,,,1774.0,0.0
2,115900,SQUID_INK,1772.0,7.0,1771.0,25.0,,,1774.0,1.0,1775.0,25.0,,,1773.0,0.0
2,116000,SQUID_INK,1773.0,22.0,,,,,1775.0,4.0,1777.0,22.0,,,1774.0,0.0
2,116100,SQUID_INK,1772.0,22.0,,,,,1775.0,22.0,,,,,1773.5,0.0
2,116200,SQUID_INK,1774.0,1.0,1773.0,31.0,,,1776.0,31.0,,,,,1775.0,0.0
2,116300,SQUID_INK,1774.0,28.0,,,,,1775.0,3.0,1777.0,28.0,,,1774.5,0.0
2,116400,SQUID_INK,1774.0,28.0,,,,,1775.0,7.0,1777.0,28.0,,,1774.5,0.0
2,116500,SQUID_INK,1777.0,23.0,,,,,1780.0,23.0,,,,,1778.5,0.0
2,116600,SQUID_INK,1778.0,27.0,,,,,1781.0,28.0,,,,,1779.5,0.0
2,116700,SQUID_INK,1778.0,21.0,,,,,1781.0,21.0,,,,,1779.5,0.0
2,116800,SQUID_INK,1778.0,28.0,,,,,1781.0,28.0,,,,,1779.5,0.0
2,116900,SQUID_INK,1778.0,25.0,,,,,1781.0,25.0,,,,,1779.5,0.0
2,117000,SQUID_INK,1779.0,2.0,1778.0,30.0,,,1781.0,30.0,,,,,1780.0,0.0
2,117100,SQUID_INK,1778.0,28.0,,,,,1780.0,3.0,1781.0,28.0,,,1779.0,0.0
2,117200,SQUID_INK,1778.0,31.0,,,,,1781.0,31.0,,,,,1779.5,0.0
2,117300,SQUID_INK,1777.0,21.0,,,,,1780.0,22.0,,,,,1778.5,0.0
2,117400,SQUID_INK,1776.0,29.0,,,,,1778.0,6.0,1779.0,29.0,,,1777.0,0.0
2,117500,SQUID_INK,1777.0,28.0,,,,,1778.0,3.0,1780.0,29.0,,,1777.5,0.0
2,117600,SQUID_INK,1778.0,8.0,1777.0,29.0,,,1780.0,29.0,,,,,1779.0,0.0
2,117700,SQUID_INK,1776.0,30.0,,,,,1779.0,30.0,,,,,1777.5,0.0
2,117800,SQUID_INK,1776.0,31.0,,,,,1779.0,31.0,,,,,1777.5,0.0
2,117900,SQUID_INK,1774.0,29.0,,,,,1777.0,29.0,,,,,1775.5,0.0
2,118000,SQUID_INK,1777.0,27.0,,,,,1780.0,27.0,,,,,1778.5,0.0
2,118100,SQUID_INK,1776.0,4.0,1775.0,21.0,,,1778.0,21.0,,,,,1777.0,0.0
2,118200,SQUID_INK,1775.0,29.0,,,,,1777.0,2.0,1778.0,29.0,,,1776.0,0.0
2,118300,SQUID_INK,1776.0,6.0,1775.0,32.0,,,1777.0,6.0,1778.0,32.0,,,1776.5,0.0
2,118400,SQUID_INK,1777.0,27.0,,,,,1780.0,27.0,,,,,1778.5,0.0
2,118500,SQUID_INK,1779.0,8.0,1778.0,25.0,,,1782.0,25.0,,,,,1780.5,0.0
2,118600,SQUID_INK,1779.0,26.0,,,,,1782.0,21.0,,,,,1780.5,0.0
2,118700,SQUID_INK,1779.0,22.0,,,,,1782.0,22.0,,,,,1780.5,0.0
2,118800,SQUID_INK,1781.0,26.0,,,,,1784.0,27.0,,,,,1782.5,0.0
2,118900,SQUID_INK,1781.0,24.0,,,,,1784.0,24.0,,,,,1782.5,0.0
2,119000,SQUID_INK,1781.0,29.0,,,,,1784.0,29.0,,,,,1782.5,0.0
2,119100,SQUID_INK,1784.0,25.0,,,,,1787.0,25.0,,,,,1785.5,0.0
2,119200,SQUID_INK,1784.0,21.0,,,,,1787.0,21.0,,,,,1785.5,0.0
2,119300,SQUID_INK,1784.0,2.0,1783.0,28.0,,,1787.0,30.0,,,,,1785.5,0.0
2,119400,SQUID_INK,1782.0,26.0,,,,,1785.0,26.0,,,,,1783.5,0.0
2,119500,SQUID_INK,1783.0,30.0,,,,,1786.0,30.0,,,,,1784.5,0.0
2,119600,SQUID_INK,1783.0,24.0,,,,,1786.0,24.0,,,,,1784.5,0.0
2,119700,SQUID_INK,1782.0,27.0,,,,,1786.0,27.0,,,,,1784.0,0.0
2,119800,SQUID_INK,1783.0,32.0,,,,,1786.0,32.0,,,,,1784.5,0.0
2,119900,SQUID_INK,1785.0,24.0,,,,,1786.0,4.0,1788.0,24.0,,,1785.5,0.0
2,120000,SQUID_INK,1785.0,24.0,,,,,1789.0,24.0,,,,,1787.0,0.0
2,120100,SQUID_INK,1784.0,30.0,,,,,1787.0,30.0,,,,,1785.5,0.0
2,120200,SQUID_INK,1783.0,20.0,,,,,1787.0,20.0,,,,,1785.0,0.0
2,120300,SQUID_INK,1784.0,24.0,,,,,1786.0,2.0,1788.0,24.0,,,1785.0,0.0
2,120400,SQUID_INK,1784.0,33.0,,,,,1787.0,28.0,,,,,1785.5,0.0
2,120500,SQUID_INK,1785.0,23.0,,,,,1788.0,23.0,,,,,1786.5,0.0
2,120600,SQUID_INK,1786.0,25.0,,,,,1789.0,22.0,,,,,1787.5,0.0
2,120700,SQUID_INK,1787.0,32.0,,,,,1790.0,32.0,,,,,1788.5,0.0
2,120800,SQUID_INK,1787.0,23.0,,,,,1790.0,23.0,,,,,1788.5,0.0
2,120900,SQUID_INK,1788.0,27.0,,,,,1789.0,6.0,1791.0,27.0,,,1788.5,0.0
2,121000,SQUID_INK,1789.0,23.0,,,,,1790.0,6.0,1792.0,23.0,,,1789.5,0.0
2,121100,SQUID_INK,1791.0,29.0,,,,,1792.0,5.0,1794.0,29.0,,,1791.5,0.0
2,121200,SQUID_INK,1792.0,1.0,1791.0,29.0,,,1794.0,1.0,1795.0,29.0,,,1793.0,0.0
2,121300,SQUID_INK,1792.0,25.0,,,,,1795.0,25.0,,,,,1793.5,0.0
2,121400,SQUID_INK,1790.0,24.0,,,,,1793.0,25.0,,,,,1791.5,0.0
2,121500,SQUID_INK,1789.0,27.0,,,,,1792.0,27.0,,,,,1790.5,0.0
2,121600,SQUID_INK,1790.0,20.0,,,,,1791.0,1.0,1792.0,1.0,1794.0,20.0,1790.5,0.0
2,121700,SQUID_INK,1791.0,26.0,,,,,1794.0,26.0,,,,,1792.5,0.0
2,121800,SQUID_INK,1792.0,20.0,,,,,1794.0,7.0,1795.0,20.0,,,1793.0,0.0
2,121900,SQUID_INK,1786.0,31.0,,,,,1789.0,31.0,,,,,1787.5,0.0
2,122000,SQUID_INK,1783.0,29.0,,,,,1785.0,6.0,1786.0,29.0,,,1784.0,0.0
2,122100,SQUID_INK,1783.0,24.0,,,,,1786.0,23.0,,,,,1784.5,0.0
2,122200,SQUID_INK,1784.0,30.0,,,,,1785.0,1.0,1787.0,2.0,1788.0,28.0,1784.5,0.0
2,122300,SQUID_INK,1785.0,27.0,,,,,1788.0,27.0,,,,,1786.5,0.0
2,122400,SQUID_INK,1783.0,30.0,,,,,1786.0,30.0,,,,,1784.5,0.0
2,122500,SQUID_INK,1785.0,25.0,,,,,1787.0,7.0,1788.0,26.0,,,1786.0,0.0
2,122600,SQUID_INK,1786.0,27.0,,,,,1789.0,23.0,,,,,1787.5,0.0
2,122700,SQUID_INK,1784.0,31.0,,,,,1787.0,31.0,,,,,1785.5,0.0
2,122800,SQUID_INK,1785.0,30.0,,,,,1788.0,30.0,,,,,1786.5,0.0
2,122900,SQUID_INK,1783.0,30.0,,,,,1785.0,4.0,1786.0,30.0,,,1784.0,0.0
2,123000,SQUID_INK,1786.0,1.0,1784.0,32.0,,,1787.0,32.0,,,,,1786.5,0.0
2,123100,SQUID_INK,1786.0,3.0,1784.0,23.0,,,1787.0,23.0,,,,,1786.5,0.0
2,123200,SQUID_INK,1786.0,1.0,1784.0,29.0,,,1787.0,29.0,,,,,1786.5,0.0
2,123300,SQUID_INK,1785.0,21.0,,,,,1788.0,21.0,,,,,1786.5,0.0
2,123400,SQUID_INK,1785.0,21.0,,,,,1788.0,21.0,,,,,1786.5,0.0
2,123500,SQUID_INK,1786.0,26.0,,,,,1789.0,24.0,,,,,1787.5,0.0
2,123600,SQUID_INK,1785.0,25.0,,,,,1788.0,25.0,,,,,1786.5,0.0
2,123700,SQUID_INK,1783.0,25.0,,,,,1786.0,25.0,,,,,1784.5,0.0
2,123800,SQUID_INK,1782.0,21.0,,,,,1785.0,21.0,,,,,1783.5,0.0
2,123900,SQUID_INK,1783.0,1.0,1782.0,6.0,1781.0,27.0,1784.0,27.0,,,,,1783.5,0.0
2,124000,SQUID_INK,1782.0,31.0,,,,,1785.0,31.0,,,,,1783.5,0.0
2,124100,SQUID_INK,1780.0,24.0,,,,,1783.0,24.0,,,,,1781.5,0.0
2,124200,SQUID_INK,1780.0,23.0,,,,,1783.0,2.0,1784.0,21.0,,,1781.5,0.0
2,124300,SQUID_INK,1779.0,30.0,,,,,1782.0,29.0,,,,,1780.5,0.0
2,124400,SQUID_INK,1782.0,1.0,1780.0,28.0,,,1783.0,28.0,,,,,1782.5,0.0
2,124500,SQUID_INK,1781.0,29.0,,,,,1784.0,29.0,,,,,1782.5,0.0
2,124600,SQUID_INK,1780.0,26.0,,,,,1783.0,26.0,,,,,1781.5,0.0
2,124700,SQUID_INK,1779.0,23.0,,,,,1782.0,23.0,,,,,1780.5,0.0
2,124800,SQUID_INK,1780.0,32.0,,,,,1783.0,32.0,,,,,1781.5,0.0
2,124900,SQUID_INK,1781.0,21.0,,,,,1784.0,21.0,,,,,1782.5,0.0
2,125000,SQUID_INK,1780.0,32.0,,,,,1783.0,32.0,,,,,1781.5,0.0
2,125100,SQUID_INK,1781.0,1.0,1780.0,29.0,,,1783.0,2.0,1784.0,29.0,,,1782.0,0.0
2,125200,SQUID_INK,1782.0,5.0,1781.0,30.0,,,1784.0,1.0,1785.0,30.0,,,1783.0,0.0
2,125300,SQUID_INK,1782.0,25.0,,,,,1785.0,26.0,,,,,1783.5,0.0
2,125400,SQUID_INK,1781.0,32.0,,,,,1784.0,32.0,,,,,1782.5,0.0
2,125500,SQUID_INK,1780.0,22.0,,,,,1783.0,22.0,,,,,1781.5,0.0
2,125600,SQUID_INK,1780.0,26.0,,,,,1782.0,1.0,1783.0,26.0,,,1781.0,0.0
2,125700,SQUID_INK,1779.0,4.0,1778.0,21.0,,,1781.0,1.0,1782.0,20.0,,,1780.0,0.0
2,125800,SQUID_INK,1781.0,30.0,,,,,1783.0,5.0,1784.0,30.0,,,1782.0,0.0
2,125900,SQUID_INK,1784.0,2.0,1782.0,29.0,,,1785.0,29.0,,,,,1784.5,0.0
2,126000,SQUID_INK,1782.0,24.0,,,,,1785.0,24.0,,,,,1783.5,0.0
2,126100,SQUID_INK,1782.0,1.0,1781.0,24.0,,,1784.0,1.0,1785.0,24.0,,,1783.0,0.0
2,126200,SQUID_INK,1782.0,27.0,,,,,1785.0,24.0,,,,,1783.5,0.0
2,126300,SQUID_INK,1783.0,27.0,,,,,1786.0,27.0,,,,,1784.5,0.0
2,126400,SQUID_INK,1783.0,24.0,,,,,1786.0,24.0,,,,,1784.5,0.0
2,126500,SQUID_INK,1785.0,1.0,1784.0,3.0,1783.0,25.0,1787.0,25.0,,,,,1786.0,0.0
2,126600,SQUID_INK,1783.0,32.0,,,,,1786.0,29.0,,,,,1784.5,0.0
2,126700,SQUID_INK,1783.0,27.0,,,,,1784.0,1.0,1786.0,27.0,,,1783.5,0.0
2,126800,SQUID_INK,1781.0,31.0,,,,,1784.0,31.0,,,,,1782.5,0.0
2,126900,SQUID_INK,1781.0,30.0,,,,,1782.0,5.0,1784.0,30.0,,,1781.5,0.0
2,127000,SQUID_INK,1780.0,22.0,,,,,1781.0,2.0,1783.0,22.0,,,1780.5,0.0
2,127100,SQUID_INK,1780.0,5.0,1779.0,25.0,,,1781.0,1.0,1782.0,25.0,,,1780.5,0.0
2,127200,SQUID_INK,1781.0,2.0,1780.0,23.0,,,1783.0,23.0,,,,,1782.0,0.0
2,127300,SQUID_INK,1781.0,31.0,,,,,1784.0,31.0,,,,,1782.5,0.0
2,127400,SQUID_INK,1781.0,30.0,,,,,1784.0,30.0,,,,,1782.5,0.0
2,127500,SQUID_INK,1781.0,1.0,1780.0,23.0,,,1782.0,3.0,1783.0,1.0,1784.0,23.0,1781.5,0.0
2,127600,SQUID_INK,1780.0,7.0,1779.0,22.0,,,1782.0,22.0,,,,,1781.0,0.0
2,127700,SQUID_INK,1780.0,23.0,,,,,1783.0,20.0,,,,,1781.5,0.0
2,127800,SQUID_INK,1779.0,28.0,,,,,1781.0,7.0,1782.0,30.0,,,1780.0,0.0
2,127900,SQUID_INK,1780.0,1.0,1779.0,28.0,,,1783.0,30.0,,,,,1781.5,0.0
2,128000,SQUID_INK,1780.0,24.0,,,,,1783.0,20.0,,,,,1781.5,0.0
2,128100,SQUID_INK,1777.0,29.0,,,,,1778.0,4.0,1780.0,28.0,,,1777.5,0.0
2,128200,SQUID_INK,1776.0,20.0,,,,,1777.0,1.0,1780.0,20.0,,,1776.5,0.0
2,128300,SQUID_INK,1775.0,29.0,,,,,1778.0,29.0,,,,,1776.5,0.0
2,128400,SQUID_INK,1772.0,24.0,,,,,1775.0,24.0,,,,,1773.5,0.0
2,128500,SQUID_INK,1774.0,29.0,,,,,1777.0,29.0,,,,,1775.5,0.0
2,128600,SQUID_INK,1773.0,39.0,,,,,1776.0,31.0,,,,,1774.5,0.0
2,128700,SQUID_INK,1771.0,25.0,,,,,1774.0,25.0,,,,,1772.5,0.0
2,128800,SQUID_INK,1773.0,30.0,,,,,1776.0,24.0,,,,,1774.5,0.0
2,128900,SQUID_INK,1773.0,27.0,,,,,1776.0,27.0,,,,,1774.5,0.0
2,129000,SQUID_INK,1772.0,32.0,,,,,1775.0,32.0,,,,,1773.5,0.0
2,129100,SQUID_INK,1772.0,23.0,,,,,1775.0,24.0,,,,,1773.5,0.0
2,129200,SQUID_INK,1773.0,23.0,,,,,1774.0,3.0,1776.0,24.0,,,1773.5,0.0
2,129300,SQUID_INK,1773.0,29.0,,,,,1776.0,24.0,,,,,1774.5,0.0
2,129400,SQUID_INK,1773.0,28.0,,,,,1776.0,28.0,,,,,1774.5,0.0
2,129500,SQUID_INK,1772.0,26.0,,,,,1775.0,26.0,,,,,1773.5,0.0
2,129600,SQUID_INK,1770.0,31.0,,,,,1771.0,3.0,1773.0,29.0,,,1770.5,0.0
2,129700,SQUID_INK,1773.0,20.0,,,,,1776.0,24.0,,,,,1774.5,0.0
2,129800,SQUID_INK,1775.0,29.0,,,,,1778.0,29.0,,,,,1776.5,0.0
2,129900,SQUID_INK,1775.0,31.0,,,,,1778.0,31.0,,,,,1776.5,0.0
2,130000,SQUID_INK,1775.0,29.0,,,,,1778.0,29.0,,,,,1776.5,0.0
2,130100,SQUID_INK,1774.0,23.0,,,,,1776.0,5.0,1777.0,23.0,,,1775.0,0.0
2,130200,SQUID_INK,1775.0,1.0,1773.0,21.0,,,1776.0,21.0,,,,,1775.5,0.0
2,130300,SQUID_INK,1774.0,31.0,,,,,1777.0,31.0,,,,,1775.5,0.0
2,130400,SQUID_INK,1774.0,3.0,1773.0,30.0,,,1776.0,30.0,,,,,1775.0,0.0
2,130500,SQUID_INK,1774.0,26.0,,,,,1775.0,6.0,1777.0,26.0,,,1774.5,0.0
2,130600,SQUID_INK,1774.0,1.0,1773.0,24.0,,,1776.0,1.0,1777.0,24.0,,,1775.0,0.0
2,130700,SQUID_INK,1771.0,29.0,,,,,1774.0,29.0,,,,,1772.5,0.0
2,130800,SQUID_INK,1771.0,33.0,,,,,1774.0,26.0,,,,,1772.5,0.0
2,130900,SQUID_INK,1771.0,22.0,,,,,1775.0,22.0,,,,,1773.0,0.0
2,131000,SQUID_INK,1773.0,26.0,,,,,1776.0,26.0,,,,,1774.5,0.0
2,131100,SQUID_INK,1772.0,25.0,,,,,1775.0,25.0,,,,,1773.5,0.0
2,131200,SQUID_INK,1771.0,21.0,,,,,1774.0,21.0,,,,,1772.5,0.0
2,131300,SQUID_INK,1773.0,25.0,,,,,1776.0,25.0,,,,,1774.5,0.0
2,131400,SQUID_INK,1776.0,1.0,1774.0,25.0,,,1778.0,25.0,,,,,1777.0,0.0
2,131500,SQUID_INK,1774.0,20.0,,,,,1777.0,20.0,,,,,1775.5,0.0
2,131600,SQUID_INK,1776.0,2.0,1775.0,7.0,1774.0,24.0,1777.0,24.0,,,,,1776.5,0.0
2,131700,SQUID_INK,1773.0,29.0,,,,,1776.0,29.0,,,,,1774.5,0.0
2,131800,SQUID_INK,1774.0,8.0,1773.0,25.0,,,1777.0,25.0,,,,,1775.5,0.0
2,131900,SQUID_INK,1775.0,1.0,1774.0,26.0,,,1777.0,26.0,,,,,1776.0,0.0
2,132000,SQUID_INK,1776.0,25.0,,,,,1779.0,25.0,,,,,1777.5,0.0
2,132100,SQUID_INK,1775.0,36.0,,,,,1778.0,30.0,,,,,1776.5,0.0
2,132200,SQUID_INK,1775.0,31.0,,,,,1778.0,31.0,,,,,1776.5,0.0
2,132300,SQUID_INK,1775.0,30.0,,,,,1778.0,30.0,,,,,1776.5,0.0
2,132400,SQUID_INK,1775.0,32.0,,,,,1778.0,32.0,,,,,1776.5,0.0
2,132500,SQUID_INK,1774.0,3.0,1773.0,30.0,,,1775.0,5.0,1777.0,31.0,,,1774.5,0.0
2,132600,SQUID_INK,1775.0,31.0,,,,,1778.0,27.0,,,,,1776.5,0.0
2,132700,SQUID_INK,1775.0,28.0,,,,,1778.0,28.0,,,,,1776.5,0.0
2,132800,SQUID_INK,1777.0,28.0,,,,,1780.0,28.0,,,,,1778.5,0.0
2,132900,SQUID_INK,1778.0,2.0,1777.0,25.0,,,1780.0,25.0,,,,,1779.0,0.0
2,133000,SQUID_INK,1776.0,3.0,1775.0,29.0,,,1778.0,29.0,,,,,1777.0,0.0
2,133100,SQUID_INK,1775.0,31.0,,,,,1778.0,31.0,,,,,1776.5,0.0
2,133200,SQUID_INK,1775.0,37.0,,,,,1778.0,29.0,,,,,1776.5,0.0
2,133300,SQUID_INK,1775.0,23.0,,,,,1778.0,23.0,,,,,1776.5,0.0
2,133400,SQUID_INK,1776.0,4.0,1775.0,36.0,,,1778.0,28.0,,,,,1777.0,0.0
2,133500,SQUID_INK,1774.0,34.0,,,,,1777.0,29.0,,,,,1775.5,0.0
2,133600,SQUID_INK,1775.0,4.0,1774.0,31.0,,,1776.0,6.0,1777.0,31.0,,,1775.5,0.0
2,133700,SQUID_INK,1776.0,25.0,,,,,1779.0,25.0,,,,,1777.5,0.0
2,133800,SQUID_INK,1776.0,22.0,,,,,1777.0,6.0,1779.0,22.0,,,1776.5,0.0
2,133900,SQUID_INK,1774.0,28.0,,,,,1777.0,28.0,,,,,1775.5,0.0
2,134000,SQUID_INK,1775.0,2.0,1774.0,26.0,,,1777.0,2.0,1778.0,26.0,,,1776.0,0.0
2,134100,SQUID_INK,1774.0,28.0,,,,,1777.0,1.0,1778.0,27.0,,,1775.5,0.0
2,134200,SQUID_INK,1775.0,28.0,,,,,1776.0,6.0,1778.0,23.0,,,1775.5,0.0
2,134300,SQUID_INK,1775.0,21.0,,,,,1777.0,8.0,1778.0,21.0,,,1776.0,0.0
2,134400,SQUID_INK,1776.0,28.0,,,,,1779.0,28.0,,,,,1777.5,0.0
2,134500,SQUID_INK,1776.0,32.0,,,,,1778.0,7.0,1779.0,32.0,,,1777.0,0.0
2,134600,SQUID_INK,1776.0,28.0,,,,,1779.0,28.0,,,,,1777.5,0.0
2,134700,SQUID_INK,1777.0,1.0,1775.0,32.0,,,1778.0,29.0,,,,,1777.5,0.0
2,134800,SQUID_INK,1777.0,22.0,,,,,1780.0,22.0,,,,,1778.5,0.0
2,134900,SQUID_INK,1776.0,31.0,,,,,1777.0,5.0,1779.0,31.0,,,1776.5,0.0
2,135000,SQUID_INK,1778.0,1.0,1776.0,21.0,,,1779.0,21.0,,,,,1778.5,0.0
2,135100,SQUID_INK,1777.0,26.0,,,,,1780.0,26.0,,,,,1778.5,0.0
2,135200,SQUID_INK,1776.0,25.0,,,,,1778.0,1.0,1780.0,25.0,,,1777.0,0.0
2,135300,SQUID_INK,1776.0,32.0,,,,,1779.0,2.0,1780.0,30.0,,,1777.5,0.0
2,135400,SQUID_INK,1776.0,27.0,,,,,1777.0,6.0,1779.0,27.0,,,1776.5,0.0
2,135500,SQUID_INK,1776.0,31.0,,,,,1779.0,2.0,1780.0,29.0,,,1777.5,0.0
2,135600,SQUID_INK,1776.0,21.0,,,,,1780.0,21.0,,,,,1778.0,0.0
2,135700,SQUID_INK,1777.0,26.0,,,,,1780.0,26.0,,,,,1778.5,0.0
2,135800,SQUID_INK,1777.0,22.0,,,,,1779.0,8.0,1780.0,22.0,,,1778.0,0.0
2,135900,SQUID_INK,1777.0,26.0,,,,,1780.0,26.0,,,,,1778.5,0.0
2,136000,SQUID_INK,1776.0,26.0,,,,,1778.0,5.0,1780.0,26.0,,,1777.0,0.0
2,136100,SQUID_INK,1776.0,26.0,,,,,1779.0,26.0,,,,,1777.5,0.0
2,136200,SQUID_INK,1777.0,29.0,,,,,1780.0,29.0,,,,,1778.5,0.0
2,136300,SQUID_INK,1778.0,30.0,,,,,1781.0,30.0,,,,,1779.5,0.0
2,136400,SQUID_INK,1778.0,27.0,,,,,1781.0,27.0,,,,,1779.5,0.0
2,136500,SQUID_INK,1778.0,31.0,,,,,1780.0,4.0,1781.0,31.0,,,1779.0,0.0
2,136600,SQUID_INK,1775.0,24.0,,,,,1776.0,2.0,1778.0,24.0,,,1775.5,0.0
2,136700,SQUID_INK,1776.0,26.0,,,,,1779.0,26.0,,,,,1777.5,0.0
2,136800,SQUID_INK,1776.0,28.0,,,,,1779.0,29.0,,,,,1777.5,0.0
2,136900,SQUID_INK,1776.0,31.0,,,,,1779.0,27.0,,,,,1777.5,0.0
2,137000,SQUID_INK,1775.0,28.0,,,,,1778.0,28.0,,,,,1776.5,0.0
2,137100,SQUID_INK,1776.0,22.0,,,,,1779.0,22.0,,,,,1777.5,0.0
2,137200,SQUID_INK,1776.0,25.0,,,,,1779.0,25.0,,,,,1777.5,0.0
2,137300,SQUID_INK,1775.0,24.0,,,,,1776.0,10.0,1779.0,24.0,,,1775.5,0.0
2,137400,SQUID_INK,1775.0,22.0,,,,,1778.0,22.0,,,,,1776.5,0.0
2,137500,SQUID_INK,1775.0,30.0,,,,,1778.0,30.0,,,,,1776.5,0.0
2,137600,SQUID_INK,1776.0,27.0,,,,,1778.0,5.0,1779.0,27.0,,,1777.0,0.0
2,137700,SQUID_INK,1777.0,23.0,,,,,1780.0,23.0,,,,,1778.5,0.0
2,137800,SQUID_INK,1779.0,22.0,,,,,1782.0,22.0,,,,,1780.5,0.0
2,137900,SQUID_INK,1779.0,23.0,,,,,1780.0,3.0,1782.0,23.0,,,1779.5,0.0
2,138000,SQUID_INK,1778.0,25.0,,,,,1781.0,25.0,,,,,1779.5,0.0
2,138100,SQUID_INK,1774.0,29.0,,,,,1777.0,29.0,,,,,1775.5,0.0
2,138200,SQUID_INK,1774.0,24.0,,,,,1777.0,24.0,,,,,1775.5,0.0
2,138300,SQUID_INK,1775.0,25.0,,,,,1778.0,25.0,,,,,1776.5,0.0
2,138400,SQUID_INK,1777.0,37.0,,,,,1780.0,29.0,,,,,1778.5,0.0
2,138500,SQUID_INK,1778.0,23.0,,,,,1781.0,23.0,,,,,1779.5,0.0
2,138600,SQUID_INK,1777.0,27.0,,,,,1780.0,27.0,,,,,1778.5,0.0
2,138700,SQUID_INK,1777.0,20.0,,,,,1779.0,7.0,1780.0,20.0,,,1778.0,0.0
2,138800,SQUID_INK,1780.0,1.0,1778.0,30.0,,,1781.0,30.0,,,,,1780.5,0.0
2,138900,SQUID_INK,1778.0,24.0,,,,,1781.0,24.0,,,,,1779.5,0.0
2,139000,SQUID_INK,1778.0,1.0,1777.0,24.0,,,1781.0,25.0,,,,,1779.5,0.0
2,139100,SQUID_INK,1778.0,3.0,1777.0,32.0,,,1780.0,32.0,,,,,1779.0,0.0
2,139200,SQUID_INK,1777.0,28.0,,,,,1780.0,28.0,,,,,1778.5,0.0
2,139300,SQUID_INK,1776.0,25.0,,,,,1779.0,25.0,,,,,1777.5,0.0
2,139400,SQUID_INK,1776.0,25.0,,,,,1778.0,6.0,1779.0,25.0,,,1777.0,0.0
2,139500,SQUID_INK,1778.0,27.0,,,,,1781.0,27.0,,,,,1779.5,0.0
2,139600,SQUID_INK,1778.0,23.0,,,,,1781.0,23.0,,,,,1779.5,0.0
2,139700,SQUID_INK,1777.0,27.0,,,,,1780.0,1.0,1781.0,26.0,,,1778.5,0.0
2,139800,SQUID_INK,1776.0,28.0,,,,,1779.0,28.0,,,,,1777.5,0.0
2,139900,SQUID_INK,1774.0,21.0,,,,,1778.0,21.0,,,,,1776.0,0.0
2,140000,SQUID_INK,1776.0,22.0,,,,,1779.0,22.0,,,,,1777.5,0.0
2,140100,SQUID_INK,1775.0,31.0,,,,,1778.0,25.0,,,,,1776.5,0.0
2,140200,SQUID_INK,1774.0,32.0,,,,,1777.0,32.0,,,,,1775.5,0.0
2,140300,SQUID_INK,1773.0,29.0,,,,,1776.0,27.0,,,,,1774.5,0.0
2,140400,SQUID_INK,1774.0,3.0,1773.0,27.0,,,1776.0,2.0,1777.0,27.0,,,1775.0,0.0
2,140500,SQUID_INK,1777.0,1.0,1775.0,22.0,,,1778.0,22.0,,,,,1777.5,0.0
2,140600,SQUID_INK,1773.0,24.0,,,,,1776.0,24.0,,,,,1774.5,0.0
2,140700,SQUID_INK,1776.0,1.0,1774.0,28.0,,,1777.0,28.0,,,,,1776.5,0.0
2,140800,SQUID_INK,1774.0,22.0,,,,,1775.0,5.0,1777.0,22.0,,,1774.5,0.0
2,140900,SQUID_INK,1775.0,1.0,1774.0,21.0,,,1777.0,1.0,1778.0,21.0,,,1776.0,0.0
2,141000,SQUID_INK,1774.0,28.0,,,,,1777.0,28.0,,,,,1775.5,0.0
2,141100,SQUID_INK,1776.0,26.0,,,,,1779.0,27.0,,,,,1777.5,0.0
2,141200,SQUID_INK,1775.0,1.0,1774.0,28.0,,,1777.0,1.0,1778.0,28.0,,,1776.0,0.0
2,141300,SQUID_INK,1777.0,4.0,1775.0,31.0,,,1778.0,31.0,,,,,1777.5,0.0
2,141400,SQUID_INK,1774.0,27.0,,,,,1777.0,27.0,,,,,1775.5,0.0
2,141500,SQUID_INK,1773.0,13.0,,,,,1776.0,22.0,,,,,1774.5,0.0
2,141600,SQUID_INK,1772.0,28.0,,,,,1774.0,7.0,1775.0,28.0,,,1773.0,0.0
2,141700,SQUID_INK,1773.0,25.0,,,,,1776.0,25.0,,,,,1774.5,0.0
2,141800,SQUID_INK,1773.0,21.0,,,,,1776.0,21.0,,,,,1774.5,0.0
2,141900,SQUID_INK,1774.0,24.0,,,,,1777.0,21.0,,,,,1775.5,0.0
2,142000,SQUID_INK,1774.0,31.0,,,,,1777.0,31.0,,,,,1775.5,0.0
2,142100,SQUID_INK,1774.0,2.0,1773.0,29.0,,,1775.0,5.0,1777.0,31.0,,,1774.5,0.0
2,142200,SQUID_INK,1775.0,1.0,1773.0,30.0,,,1776.0,30.0,,,,,1775.5,0.0
2,142300,SQUID_INK,1773.0,26.0,,,,,1776.0,27.0,,,,,1774.5,0.0
2,142400,SQUID_INK,1774.0,30.0,,,,,1777.0,30.0,,,,,1775.5,0.0
2,142500,SQUID_INK,1775.0,1.0,1773.0,25.0,,,1776.0,25.0,,,,,1775.5,0.0
2,142600,SQUID_INK,1770.0,29.0,,,,,1773.0,29.0,,,,,1771.5,0.0
2,142700,SQUID_INK,1770.0,20.0,,,,,1774.0,20.0,,,,,1772.0,0.0
2,142800,SQUID_INK,1773.0,1.0,1772.0,24.0,,,1775.0,24.0,,,,,1774.0,0.0
2,142900,SQUID_INK,1772.0,28.0,,,,,1775.0,28.0,,,,,1773.5,0.0
2,143000,SQUID_INK,1774.0,9.0,1772.0,26.0,,,1775.0,26.0,,,,,1774.5,0.0
2,143100,SQUID_INK,1775.0,1.0,1774.0,2.0,1773.0,23.0,1776.0,23.0,,,,,1775.5,0.0
2,143200,SQUID_INK,1775.0,1.0,1773.0,26.0,,,1776.0,26.0,,,,,1775.5,0.0
2,143300,SQUID_INK,1775.0,28.0,,,,,1778.0,23.0,,,,,1776.5,0.0
2,143400,SQUID_INK,1773.0,23.0,,,,,1777.0,23.0,,,,,1775.0,0.0
2,143500,SQUID_INK,1774.0,3.0,1773.0,24.0,,,1776.0,24.0,,,,,1775.0,0.0
2,143600,SQUID_INK,1774.0,22.0,,,,,1777.0,22.0,,,,,1775.5,0.0
2,143700,SQUID_INK,1773.0,26.0,,,,,1776.0,26.0,,,,,1774.5,0.0
2,143800,SQUID_INK,1775.0,1.0,1773.0,37.0,,,1776.0,30.0,,,,,1775.5,0.0
2,143900,SQUID_INK,1775.0,5.0,1773.0,21.0,,,1776.0,21.0,,,,,1775.5,0.0
2,144000,SQUID_INK,1772.0,29.0,,,,,1774.0,3.0,1776.0,29.0,,,1773.0,0.0
2,144100,SQUID_INK,1773.0,24.0,,,,,1776.0,24.0,,,,,1774.5,0.0
2,144200,SQUID_INK,1773.0,30.0,,,,,1776.0,27.0,,,,,1774.5,0.0
2,144300,SQUID_INK,1773.0,28.0,,,,,1775.0,6.0,1776.0,28.0,,,1774.0,0.0
2,144400,SQUID_INK,1771.0,21.0,,,,,1774.0,21.0,,,,,1772.5,0.0
2,144500,SQUID_INK,1772.0,29.0,,,,,1775.0,29.0,,,,,1773.5,0.0
2,144600,SQUID_INK,1775.0,1.0,1773.0,37.0,,,1776.0,29.0,,,,,1775.5,0.0
2,144700,SQUID_INK,1774.0,30.0,,,,,1777.0,30.0,,,,,1775.5,0.0
2,144800,SQUID_INK,1775.0,24.0,,,,,1778.0,24.0,,,,,1776.5,0.0
2,144900,SQUID_INK,1773.0,30.0,,,,,1776.0,30.0,,,,,1774.5,0.0
2,145000,SQUID_INK,1774.0,6.0,1773.0,1.0,1772.0,25.0,1776.0,26.0,,,,,1775.0,0.0
2,145100,SQUID_INK,1774.0,29.0,,,,,1777.0,27.0,,,,,1775.5,0.0
2,145200,SQUID_INK,1774.0,2.0,1773.0,30.0,,,1776.0,2.0,1777.0,30.0,,,1775.0,0.0
2,145300,SQUID_INK,1773.0,22.0,,,,,1774.0,1.0,1777.0,22.0,,,1773.5,0.0
2,145400,SQUID_INK,1774.0,31.0,,,,,1777.0,31.0,,,,,1775.5,0.0
2,145500,SQUID_INK,1774.0,30.0,,,,,1775.0,6.0,1777.0,30.0,,,1774.5,0.0
2,145600,SQUID_INK,1772.0,22.0,,,,,1774.0,8.0,1775.0,23.0,,,1773.0,0.0
2,145700,SQUID_INK,1773.0,28.0,,,,,1775.0,5.0,1776.0,28.0,,,1774.0,0.0
2,145800,SQUID_INK,1776.0,2.0,1775.0,27.0,,,1778.0,27.0,,,,,1777.0,0.0
2,145900,SQUID_INK,1777.0,1.0,1775.0,32.0,,,1778.0,32.0,,,,,1777.5,0.0
2,146000,SQUID_INK,1775.0,22.0,,,,,1779.0,22.0,,,,,1777.0,0.0
2,146100,SQUID_INK,1775.0,20.0,,,,,1776.0,5.0,1778.0,20.0,,,1775.5,0.0
2,146200,SQUID_INK,1775.0,21.0,,,,,1776.0,7.0,1778.0,21.0,,,1775.5,0.0
2,146300,SQUID_INK,1775.0,25.0,,,,,1778.0,25.0,,,,,1776.5,0.0
2,146400,SQUID_INK,1776.0,36.0,,,,,1779.0,30.0,,,,,1777.5,0.0
2,146500,SQUID_INK,1776.0,28.0,,,,,1779.0,28.0,,,,,1777.5,0.0
2,146600,SQUID_INK,1776.0,26.0,,,,,1779.0,26.0,,,,,1777.5,0.0
2,146700,SQUID_INK,1777.0,26.0,,,,,1780.0,26.0,,,,,1778.5,0.0
2,146800,SQUID_INK,1778.0,7.0,1777.0,25.0,,,1780.0,25.0,,,,,1779.0,0.0
2,146900,SQUID_INK,1776.0,32.0,,,,,1779.0,32.0,,,,,1777.5,0.0
2,147000,SQUID_INK,1777.0,24.0,,,,,1780.0,24.0,,,,,1778.5,0.0
2,147100,SQUID_INK,1777.0,30.0,,,,,1780.0,22.0,,,,,1778.5,0.0
2,147200,SQUID_INK,1776.0,24.0,,,,,1779.0,24.0,,,,,1777.5,0.0
2,147300,SQUID_INK,1779.0,1.0,1777.0,30.0,,,1780.0,30.0,,,,,1779.5,0.0
2,147400,SQUID_INK,1778.0,26.0,,,,,1781.0,26.0,,,,,1779.5,0.0
2,147500,SQUID_INK,1778.0,2.0,1777.0,30.0,,,1781.0,32.0,,,,,1779.5,0.0
2,147600,SQUID_INK,1778.0,27.0,,,,,1781.0,28.0,,,,,1779.5,0.0
2,147700,SQUID_INK,1778.0,35.0,,,,,1781.0,30.0,,,,,1779.5,0.0
2,147800,SQUID_INK,1778.0,31.0,,,,,1781.0,31.0,,,,,1779.5,0.0
2,147900,SQUID_INK,1778.0,23.0,,,,,1781.0,23.0,,,,,1779.5,0.0
2,148000,SQUID_INK,1778.0,24.0,,,,,1781.0,24.0,,,,,1779.5,0.0
2,148100,SQUID_INK,1777.0,26.0,,,,,1780.0,26.0,,,,,1778.5,0.0
2,148200,SQUID_INK,1777.0,21.0,,,,,1780.0,21.0,,,,,1778.5,0.0
2,148300,SQUID_INK,1777.0,26.0,,,,,1780.0,26.0,,,,,1778.5,0.0
2,148400,SQUID_INK,1777.0,23.0,,,,,1780.0,23.0,,,,,1778.5,0.0
2,148500,SQUID_INK,1777.0,26.0,,,,,1780.0,24.0,,,,,1778.5,0.0
2,148600,SQUID_INK,1778.0,23.0,,,,,1781.0,23.0,,,,,1779.5,0.0
2,148700,SQUID_INK,1778.0,23.0,,,,,1781.0,23.0,,,,,1779.5,0.0
2,148800,SQUID_INK,1778.0,23.0,,,,,1780.0,2.0,1782.0,23.0,,,1779.0,0.0
2,148900,SQUID_INK,1778.0,21.0,,,,,1781.0,21.0,,,,,1779.5,0.0
2,149000,SQUID_INK,1779.0,28.0,,,,,1781.0,5.0,1782.0,28.0,,,1780.0,0.0
2,149100,SQUID_INK,1779.0,27.0,,,,,1782.0,24.0,,,,,1780.5,0.0
2,149200,SQUID_INK,1780.0,29.0,,,,,1783.0,24.0,,,,,1781.5,0.0
2,149300,SQUID_INK,1781.0,33.0,,,,,1784.0,30.0,,,,,1782.5,0.0
2,149400,SQUID_INK,1781.0,25.0,,,,,1784.0,26.0,,,,,1782.5,0.0
2,149500,SQUID_INK,1781.0,26.0,,,,,1783.0,4.0,1784.0,26.0,,,1782.0,0.0
2,149600,SQUID_INK,1782.0,1.0,1780.0,28.0,,,1783.0,24.0,,,,,1782.5,0.0
2,149700,SQUID_INK,1782.0,7.0,1781.0,26.0,,,1784.0,1.0,1785.0,25.0,,,1783.0,0.0
2,149800,SQUID_INK,1783.0,30.0,,,,,1784.0,7.0,1786.0,30.0,,,1783.5,0.0
2,149900,SQUID_INK,1782.0,26.0,,,,,1785.0,26.0,,,,,1783.5,0.0
2,150000,SQUID_INK,1781.0,36.0,,,,,1784.0,28.0,,,,,1782.5,0.0
2,150100,SQUID_INK,1783.0,24.0,,,,,1785.0,1.0,1786.0,25.0,,,1784.0,0.0
2,150200,SQUID_INK,1782.0,30.0,,,,,1785.0,25.0,,,,,1783.5,0.0
2,150300,SQUID_INK,1781.0,29.0,,,,,1784.0,29.0,,,,,1782.5,0.0
2,150400,SQUID_INK,1782.0,1.0,1781.0,24.0,,,1785.0,24.0,,,,,1783.5,0.0
2,150500,SQUID_INK,1783.0,1.0,1782.0,30.0,,,1785.0,1.0,1786.0,30.0,,,1784.0,0.0
2,150600,SQUID_INK,1784.0,22.0,,,,,1787.0,22.0,,,,,1785.5,0.0
2,150700,SQUID_INK,1779.0,22.0,,,,,1782.0,22.0,,,,,1780.5,0.0
2,150800,SQUID_INK,1779.0,22.0,,,,,1782.0,21.0,,,,,1780.5,0.0
2,150900,SQUID_INK,1779.0,22.0,,,,,1781.0,2.0,1782.0,22.0,,,1780.0,0.0
2,151000,SQUID_INK,1781.0,29.0,,,,,1784.0,22.0,,,,,1782.5,0.0
2,151100,SQUID_INK,1782.0,22.0,,,,,1784.0,2.0,1785.0,22.0,,,1783.0,0.0
2,151200,SQUID_INK,1781.0,34.0,,,,,1784.0,29.0,,,,,1782.5,0.0
2,151300,SQUID_INK,1781.0,29.0,,,,,1784.0,29.0,,,,,1782.5,0.0
2,151400,SQUID_INK,1781.0,29.0,,,,,1783.0,8.0,1784.0,29.0,,,1782.0,0.0
2,151500,SQUID_INK,1780.0,29.0,,,,,1784.0,29.0,,,,,1782.0,0.0
