timestamp,buyer,seller,symbol,currency,price,quantity
3500,Camilla,Caesar,VOLCANIC_ROCK_VOUCHER_10500,SEASHELLS,9.0,14
3500,Caesar,Caesar,VOLCANIC_ROCK_VOUCHER_10500,SEASHELLS,9.0,2
4200,Camilla,Pablo,VOLCANIC_ROCK_VOUCHER_10500,SEASHELLS,8.0,7
7600,Camilla,Caesar,VOLCANIC_ROCK_VOUCHER_10500,SEASHELLS,9.0,13
9400,Camilla,Pablo,VOLCANIC_ROCK_VOUCHER_10500,SEASHELLS,9.0,10
12500,Camilla,Caesar,VOLCANIC_ROCK_VOUCHER_10500,SEASHELLS,7.0,18
15000,Camilla,Caesar,VOLCANIC_ROCK_VOUCHER_10500,SEASHELLS,7.0,17
17300,Camilla,Pablo,VOLCANIC_ROCK_VOUCHER_10500,SEASHELLS,6.0,9
17900,Camilla,Pablo,VOLCANIC_ROCK_VOUCHER_10500,SEASHELLS,7.0,14
19400,Camilla,Caesar,VOLCANIC_ROCK_VOUCHER_10500,SEASHELLS,7.0,17
21000,Camilla,Caesar,VOLCANIC_ROCK_VOUCHER_10500,SEASHELLS,7.0,12
21300,Camilla,Caesar,VOLCANIC_ROCK_VOUCHER_10500,SEASHELLS,7.0,14
22800,Camilla,Caesar,VOLCANIC_ROCK_VOUCHER_10500,SEASHELLS,7.0,17
22800,Caesar,Caesar,VOLCANIC_ROCK_VOUCHER_10500,SEASHELLS,7.0,1
24100,Camilla,Caesar,VOLCANIC_ROCK_VOUCHER_10500,SEASHELLS,7.0,15
26400,Camilla,Caesar,VOLCANIC_ROCK_VOUCHER_10500,SEASHELLS,7.0,10
27100,Camilla,Caesar,VOLCANIC_ROCK_VOUCHER_10500,SEASHELLS,7.0,11
27800,Camilla,Caesar,VOLCANIC_ROCK_VOUCHER_10500,SEASHELLS,7.0,15
29500,Camilla,Caesar,VOLCANIC_ROCK_VOUCHER_10500,SEASHELLS,6.0,11
31800,Camilla,Caesar,VOLCANIC_ROCK_VOUCHER_10500,SEASHELLS,6.0,16
31800,Caesar,Caesar,VOLCANIC_ROCK_VOUCHER_10500,SEASHELLS,6.0,1
34800,Camilla,Caesar,VOLCANIC_ROCK_VOUCHER_10500,SEASHELLS,6.0,10
35600,Camilla,Caesar,VOLCANIC_ROCK_VOUCHER_10500,SEASHELLS,6.0,14
36800,Camilla,Pablo,VOLCANIC_ROCK_VOUCHER_10500,SEASHELLS,6.0,12
36800,Caesar,Pablo,VOLCANIC_ROCK_VOUCHER_10500,SEASHELLS,6.0,2
38100,Camilla,Caesar,VOLCANIC_ROCK_VOUCHER_10500,SEASHELLS,6.0,13
41200,Camilla,Caesar,VOLCANIC_ROCK_VOUCHER_10500,SEASHELLS,6.0,11
43600,Camilla,Caesar,VOLCANIC_ROCK_VOUCHER_10500,SEASHELLS,6.0,12
45300,Camilla,Pablo,VOLCANIC_ROCK_VOUCHER_10500,SEASHELLS,6.0,12
45700,Camilla,Caesar,VOLCANIC_ROCK_VOUCHER_10500,SEASHELLS,6.0,14
46100,Camilla,Pablo,VOLCANIC_ROCK_VOUCHER_10500,SEASHELLS,6.0,10
47600,Camilla,Caesar,VOLCANIC_ROCK_VOUCHER_10500,SEASHELLS,6.0,12
48300,Camilla,Pablo,VOLCANIC_ROCK_VOUCHER_10500,SEASHELLS,5.0,10
48300,Caesar,Pablo,VOLCANIC_ROCK_VOUCHER_10500,SEASHELLS,5.0,2
50100,Camilla,Caesar,VOLCANIC_ROCK_VOUCHER_10500,SEASHELLS,5.0,12
50100,Caesar,Caesar,VOLCANIC_ROCK_VOUCHER_10500,SEASHELLS,5.0,2
50700,Camilla,Caesar,VOLCANIC_ROCK_VOUCHER_10500,SEASHELLS,5.0,11
52700,Camilla,Pablo,VOLCANIC_ROCK_VOUCHER_10500,SEASHELLS,5.0,10
52700,Caesar,Pablo,VOLCANIC_ROCK_VOUCHER_10500,SEASHELLS,5.0,2
53400,Camilla,Pablo,VOLCANIC_ROCK_VOUCHER_10500,SEASHELLS,5.0,11
56500,Camilla,Caesar,VOLCANIC_ROCK_VOUCHER_10500,SEASHELLS,4.0,15
56500,Caesar,Caesar,VOLCANIC_ROCK_VOUCHER_10500,SEASHELLS,4.0,2
56600,Camilla,Caesar,VOLCANIC_ROCK_VOUCHER_10500,SEASHELLS,4.0,16
57000,Camilla,Caesar,VOLCANIC_ROCK_VOUCHER_10500,SEASHELLS,5.0,19
57000,Caesar,Caesar,VOLCANIC_ROCK_VOUCHER_10500,SEASHELLS,5.0,1
58200,Camilla,Caesar,VOLCANIC_ROCK_VOUCHER_10500,SEASHELLS,4.0,19
58700,Camilla,Caesar,VOLCANIC_ROCK_VOUCHER_10500,SEASHELLS,4.0,10
65200,Camilla,Caesar,VOLCANIC_ROCK_VOUCHER_10500,SEASHELLS,6.0,17
66300,Camilla,Caesar,VOLCANIC_ROCK_VOUCHER_10500,SEASHELLS,6.0,13
67200,Camilla,Caesar,VOLCANIC_ROCK_VOUCHER_10500,SEASHELLS,6.0,11
67200,Caesar,Caesar,VOLCANIC_ROCK_VOUCHER_10500,SEASHELLS,6.0,1
69300,Camilla,Pablo,VOLCANIC_ROCK_VOUCHER_10500,SEASHELLS,6.0,15
69600,Camilla,Caesar,VOLCANIC_ROCK_VOUCHER_10500,SEASHELLS,6.0,20
71700,Camilla,Caesar,VOLCANIC_ROCK_VOUCHER_10500,SEASHELLS,6.0,11
71700,Caesar,Caesar,VOLCANIC_ROCK_VOUCHER_10500,SEASHELLS,6.0,1
73000,Camilla,Caesar,VOLCANIC_ROCK_VOUCHER_10500,SEASHELLS,6.0,12
74900,Camilla,Caesar,VOLCANIC_ROCK_VOUCHER_10500,SEASHELLS,6.0,14
76000,Camilla,Caesar,VOLCANIC_ROCK_VOUCHER_10500,SEASHELLS,6.0,16
76000,Caesar,Caesar,VOLCANIC_ROCK_VOUCHER_10500,SEASHELLS,6.0,1
78500,Camilla,Caesar,VOLCANIC_ROCK_VOUCHER_10500,SEASHELLS,6.0,14
80000,Camilla,Pablo,VOLCANIC_ROCK_VOUCHER_10500,SEASHELLS,6.0,15
80200,Camilla,Caesar,VOLCANIC_ROCK_VOUCHER_10500,SEASHELLS,6.0,12
83800,Camilla,Caesar,VOLCANIC_ROCK_VOUCHER_10500,SEASHELLS,6.0,11
85100,Camilla,Pablo,VOLCANIC_ROCK_VOUCHER_10500,SEASHELLS,6.0,5
85400,Camilla,Pablo,VOLCANIC_ROCK_VOUCHER_10500,SEASHELLS,6.0,9
88700,Camilla,Caesar,VOLCANIC_ROCK_VOUCHER_10500,SEASHELLS,5.0,12
90400,Camilla,Pablo,VOLCANIC_ROCK_VOUCHER_10500,SEASHELLS,5.0,10
92400,Camilla,Caesar,VOLCANIC_ROCK_VOUCHER_10500,SEASHELLS,6.0,11
92900,Camilla,Caesar,VOLCANIC_ROCK_VOUCHER_10500,SEASHELLS,6.0,16
94000,Camilla,Caesar,VOLCANIC_ROCK_VOUCHER_10500,SEASHELLS,6.0,15
94000,Caesar,Caesar,VOLCANIC_ROCK_VOUCHER_10500,SEASHELLS,6.0,2
95900,Camilla,Caesar,VOLCANIC_ROCK_VOUCHER_10500,SEASHELLS,5.0,15
101300,Camilla,Caesar,VOLCANIC_ROCK_VOUCHER_10500,SEASHELLS,4.0,17
102000,Camilla,Caesar,VOLCANIC_ROCK_VOUCHER_10500,SEASHELLS,4.0,13
102100,Camilla,Pablo,VOLCANIC_ROCK_VOUCHER_10500,SEASHELLS,4.0,8
102600,Camilla,Caesar,VOLCANIC_ROCK_VOUCHER_10500,SEASHELLS,4.0,19
104000,Camilla,Pablo,VOLCANIC_ROCK_VOUCHER_10500,SEASHELLS,5.0,5
104200,Camilla,Caesar,VOLCANIC_ROCK_VOUCHER_10500,SEASHELLS,4.0,16
104200,Caesar,Caesar,VOLCANIC_ROCK_VOUCHER_10500,SEASHELLS,4.0,2
108400,Camilla,Caesar,VOLCANIC_ROCK_VOUCHER_10500,SEASHELLS,4.0,16
112000,Camilla,Caesar,VOLCANIC_ROCK_VOUCHER_10500,SEASHELLS,5.0,14
112000,Caesar,Caesar,VOLCANIC_ROCK_VOUCHER_10500,SEASHELLS,5.0,2
113600,Camilla,Caesar,VOLCANIC_ROCK_VOUCHER_10500,SEASHELLS,4.0,12
113600,Caesar,Caesar,VOLCANIC_ROCK_VOUCHER_10500,SEASHELLS,4.0,2
113900,Camilla,Pablo,VOLCANIC_ROCK_VOUCHER_10500,SEASHELLS,5.0,7
114500,Camilla,Caesar,VOLCANIC_ROCK_VOUCHER_10500,SEASHELLS,4.0,11
114500,Caesar,Caesar,VOLCANIC_ROCK_VOUCHER_10500,SEASHELLS,4.0,2
116400,Camilla,Caesar,VOLCANIC_ROCK_VOUCHER_10500,SEASHELLS,4.0,19
116400,Caesar,Caesar,VOLCANIC_ROCK_VOUCHER_10500,SEASHELLS,4.0,1
121700,Camilla,Caesar,VOLCANIC_ROCK_VOUCHER_10500,SEASHELLS,4.0,11
127200,Camilla,Caesar,VOLCANIC_ROCK_VOUCHER_10500,SEASHELLS,4.0,10
128900,Camilla,Caesar,VOLCANIC_ROCK_VOUCHER_10500,SEASHELLS,4.0,12
129100,Camilla,Pablo,VOLCANIC_ROCK_VOUCHER_10500,SEASHELLS,4.0,15
130400,Camilla,Pablo,VOLCANIC_ROCK_VOUCHER_10500,SEASHELLS,4.0,12
130500,Camilla,Pablo,VOLCANIC_ROCK_VOUCHER_10500,SEASHELLS,4.0,13
131900,Camilla,Caesar,VOLCANIC_ROCK_VOUCHER_10500,SEASHELLS,4.0,11
132000,Camilla,Pablo,VOLCANIC_ROCK_VOUCHER_10500,SEASHELLS,4.0,5
133200,Camilla,Caesar,VOLCANIC_ROCK_VOUCHER_10500,SEASHELLS,4.0,13
133200,Caesar,Caesar,VOLCANIC_ROCK_VOUCHER_10500,SEASHELLS,4.0,1
134200,Camilla,Caesar,VOLCANIC_ROCK_VOUCHER_10500,SEASHELLS,5.0,13
134200,Caesar,Caesar,VOLCANIC_ROCK_VOUCHER_10500,SEASHELLS,5.0,2
135000,Camilla,Pablo,VOLCANIC_ROCK_VOUCHER_10500,SEASHELLS,5.0,11
136700,Camilla,Caesar,VOLCANIC_ROCK_VOUCHER_10500,SEASHELLS,5.0,17
139700,Camilla,Caesar,VOLCANIC_ROCK_VOUCHER_10500,SEASHELLS,5.0,12
139700,Caesar,Caesar,VOLCANIC_ROCK_VOUCHER_10500,SEASHELLS,5.0,1
140100,Camilla,Caesar,VOLCANIC_ROCK_VOUCHER_10500,SEASHELLS,5.0,10
143100,Penelope,Camilla,VOLCANIC_ROCK_VOUCHER_10500,SEASHELLS,6.0,12
143600,Camilla,Pablo,VOLCANIC_ROCK_VOUCHER_10500,SEASHELLS,6.0,5
143900,Camilla,Caesar,VOLCANIC_ROCK_VOUCHER_10500,SEASHELLS,5.0,11
144400,Camilla,Caesar,VOLCANIC_ROCK_VOUCHER_10500,SEASHELLS,5.0,14
144800,Camilla,Caesar,VOLCANIC_ROCK_VOUCHER_10500,SEASHELLS,5.0,13
151400,Penelope,Camilla,VOLCANIC_ROCK_VOUCHER_10500,SEASHELLS,6.0,10
151400,Penelope,Caesar,VOLCANIC_ROCK_VOUCHER_10500,SEASHELLS,6.0,1
153900,Camilla,Caesar,VOLCANIC_ROCK_VOUCHER_10500,SEASHELLS,6.0,12
154800,Camilla,Pablo,VOLCANIC_ROCK_VOUCHER_10500,SEASHELLS,6.0,9
155200,Camilla,Caesar,VOLCANIC_ROCK_VOUCHER_10500,SEASHELLS,6.0,13
155300,Camilla,Caesar,VOLCANIC_ROCK_VOUCHER_10500,SEASHELLS,6.0,12
156000,Camilla,Caesar,VOLCANIC_ROCK_VOUCHER_10500,SEASHELLS,6.0,19
156200,Camilla,Pablo,VOLCANIC_ROCK_VOUCHER_10500,SEASHELLS,6.0,6
156500,Camilla,Caesar,VOLCANIC_ROCK_VOUCHER_10500,SEASHELLS,6.0,11
156900,Camilla,Caesar,VOLCANIC_ROCK_VOUCHER_10500,SEASHELLS,6.0,19
161800,Camilla,Caesar,VOLCANIC_ROCK_VOUCHER_10500,SEASHELLS,6.0,16
162300,Camilla,Caesar,VOLCANIC_ROCK_VOUCHER_10500,SEASHELLS,7.0,11
162300,Caesar,Caesar,VOLCANIC_ROCK_VOUCHER_10500,SEASHELLS,7.0,2
162600,Camilla,Caesar,VOLCANIC_ROCK_VOUCHER_10500,SEASHELLS,7.0,11
167800,Camilla,Caesar,VOLCANIC_ROCK_VOUCHER_10500,SEASHELLS,6.0,17
168300,Camilla,Caesar,VOLCANIC_ROCK_VOUCHER_10500,SEASHELLS,6.0,10
169300,Camilla,Caesar,VOLCANIC_ROCK_VOUCHER_10500,SEASHELLS,5.0,13
172200,Camilla,Pablo,VOLCANIC_ROCK_VOUCHER_10500,SEASHELLS,5.0,13
172500,Camilla,Pablo,VOLCANIC_ROCK_VOUCHER_10500,SEASHELLS,5.0,15
172900,Camilla,Pablo,VOLCANIC_ROCK_VOUCHER_10500,SEASHELLS,5.0,12
172900,Caesar,Pablo,VOLCANIC_ROCK_VOUCHER_10500,SEASHELLS,5.0,1
173300,Camilla,Caesar,VOLCANIC_ROCK_VOUCHER_10500,SEASHELLS,5.0,11
173500,Camilla,Pablo,VOLCANIC_ROCK_VOUCHER_10500,SEASHELLS,5.0,7
176200,Camilla,Caesar,VOLCANIC_ROCK_VOUCHER_10500,SEASHELLS,5.0,12
178300,Camilla,Pablo,VOLCANIC_ROCK_VOUCHER_10500,SEASHELLS,4.0,10
178400,Camilla,Caesar,VOLCANIC_ROCK_VOUCHER_10500,SEASHELLS,4.0,14
179300,Camilla,Caesar,VOLCANIC_ROCK_VOUCHER_10500,SEASHELLS,4.0,15
179300,Caesar,Caesar,VOLCANIC_ROCK_VOUCHER_10500,SEASHELLS,4.0,2
180800,Camilla,Caesar,VOLCANIC_ROCK_VOUCHER_10500,SEASHELLS,4.0,10
180900,Camilla,Pablo,VOLCANIC_ROCK_VOUCHER_10500,SEASHELLS,4.0,6
182100,Camilla,Pablo,VOLCANIC_ROCK_VOUCHER_10500,SEASHELLS,4.0,9
183500,Camilla,Caesar,VOLCANIC_ROCK_VOUCHER_10500,SEASHELLS,4.0,14
184100,Camilla,Caesar,VOLCANIC_ROCK_VOUCHER_10500,SEASHELLS,4.0,16
186500,Camilla,Caesar,VOLCANIC_ROCK_VOUCHER_10500,SEASHELLS,4.0,13
187500,Camilla,Caesar,VOLCANIC_ROCK_VOUCHER_10500,SEASHELLS,4.0,16
188400,Camilla,Caesar,VOLCANIC_ROCK_VOUCHER_10500,SEASHELLS,4.0,18
188400,Caesar,Caesar,VOLCANIC_ROCK_VOUCHER_10500,SEASHELLS,4.0,2
189200,Camilla,Caesar,VOLCANIC_ROCK_VOUCHER_10500,SEASHELLS,4.0,16
189200,Caesar,Caesar,VOLCANIC_ROCK_VOUCHER_10500,SEASHELLS,4.0,1
191100,Camilla,Caesar,VOLCANIC_ROCK_VOUCHER_10500,SEASHELLS,4.0,18
191100,Caesar,Caesar,VOLCANIC_ROCK_VOUCHER_10500,SEASHELLS,4.0,2
191200,Camilla,Caesar,VOLCANIC_ROCK_VOUCHER_10500,SEASHELLS,4.0,16
193000,Camilla,Caesar,VOLCANIC_ROCK_VOUCHER_10500,SEASHELLS,4.0,19
195900,Camilla,Caesar,VOLCANIC_ROCK_VOUCHER_10500,SEASHELLS,4.0,10
195900,Caesar,Caesar,VOLCANIC_ROCK_VOUCHER_10500,SEASHELLS,4.0,2
197300,Camilla,Caesar,VOLCANIC_ROCK_VOUCHER_10500,SEASHELLS,4.0,17
197800,Camilla,Caesar,VOLCANIC_ROCK_VOUCHER_10500,SEASHELLS,4.0,10
200300,Camilla,Caesar,VOLCANIC_ROCK_VOUCHER_10500,SEASHELLS,4.0,11
201400,Camilla,Caesar,VOLCANIC_ROCK_VOUCHER_10500,SEASHELLS,4.0,17
202600,Camilla,Caesar,VOLCANIC_ROCK_VOUCHER_10500,SEASHELLS,4.0,12
202600,Caesar,Caesar,VOLCANIC_ROCK_VOUCHER_10500,SEASHELLS,4.0,2
205900,Camilla,Caesar,VOLCANIC_ROCK_VOUCHER_10500,SEASHELLS,4.0,15
206500,Camilla,Caesar,VOLCANIC_ROCK_VOUCHER_10500,SEASHELLS,5.0,16
208200,Camilla,Caesar,VOLCANIC_ROCK_VOUCHER_10500,SEASHELLS,4.0,19
208600,Camilla,Pablo,VOLCANIC_ROCK_VOUCHER_10500,SEASHELLS,5.0,13
209100,Camilla,Pablo,VOLCANIC_ROCK_VOUCHER_10500,SEASHELLS,4.0,7
211800,Camilla,Caesar,VOLCANIC_ROCK_VOUCHER_10500,SEASHELLS,4.0,10
212900,Camilla,Caesar,VOLCANIC_ROCK_VOUCHER_10500,SEASHELLS,4.0,12
213200,Camilla,Caesar,VOLCANIC_ROCK_VOUCHER_10500,SEASHELLS,4.0,12
213200,Caesar,Caesar,VOLCANIC_ROCK_VOUCHER_10500,SEASHELLS,4.0,1
214200,Camilla,Caesar,VOLCANIC_ROCK_VOUCHER_10500,SEASHELLS,4.0,15
217100,Camilla,Caesar,VOLCANIC_ROCK_VOUCHER_10500,SEASHELLS,4.0,14
217700,Camilla,Pablo,VOLCANIC_ROCK_VOUCHER_10500,SEASHELLS,4.0,13
218700,Camilla,Caesar,VOLCANIC_ROCK_VOUCHER_10500,SEASHELLS,4.0,10
218700,Caesar,Caesar,VOLCANIC_ROCK_VOUCHER_10500,SEASHELLS,4.0,1
218800,Camilla,Caesar,VOLCANIC_ROCK_VOUCHER_10500,SEASHELLS,4.0,12
218800,Caesar,Caesar,VOLCANIC_ROCK_VOUCHER_10500,SEASHELLS,4.0,2
219700,Camilla,Caesar,VOLCANIC_ROCK_VOUCHER_10500,SEASHELLS,4.0,14
220900,Camilla,Caesar,VOLCANIC_ROCK_VOUCHER_10500,SEASHELLS,4.0,12
220900,Caesar,Caesar,VOLCANIC_ROCK_VOUCHER_10500,SEASHELLS,4.0,2
224100,Camilla,Caesar,VOLCANIC_ROCK_VOUCHER_10500,SEASHELLS,4.0,20
224200,Camilla,Pablo,VOLCANIC_ROCK_VOUCHER_10500,SEASHELLS,4.0,14
225200,Camilla,Caesar,VOLCANIC_ROCK_VOUCHER_10500,SEASHELLS,4.0,12
228000,Camilla,Pablo,VOLCANIC_ROCK_VOUCHER_10500,SEASHELLS,4.0,7
228500,Camilla,Caesar,VOLCANIC_ROCK_VOUCHER_10500,SEASHELLS,4.0,17
229700,Camilla,Caesar,VOLCANIC_ROCK_VOUCHER_10500,SEASHELLS,4.0,14
229700,Caesar,Caesar,VOLCANIC_ROCK_VOUCHER_10500,SEASHELLS,4.0,1
231600,Camilla,Pablo,VOLCANIC_ROCK_VOUCHER_10500,SEASHELLS,4.0,14
234800,Camilla,Caesar,VOLCANIC_ROCK_VOUCHER_10500,SEASHELLS,4.0,19
236000,Camilla,Caesar,VOLCANIC_ROCK_VOUCHER_10500,SEASHELLS,4.0,11
236400,Camilla,Caesar,VOLCANIC_ROCK_VOUCHER_10500,SEASHELLS,4.0,11
236800,Camilla,Caesar,VOLCANIC_ROCK_VOUCHER_10500,SEASHELLS,4.0,17
237800,Camilla,Caesar,VOLCANIC_ROCK_VOUCHER_10500,SEASHELLS,4.0,13
239000,Camilla,Caesar,VOLCANIC_ROCK_VOUCHER_10500,SEASHELLS,3.0,10
239300,Camilla,Caesar,VOLCANIC_ROCK_VOUCHER_10500,SEASHELLS,3.0,11
239300,Caesar,Caesar,VOLCANIC_ROCK_VOUCHER_10500,SEASHELLS,3.0,1
239400,Camilla,Caesar,VOLCANIC_ROCK_VOUCHER_10500,SEASHELLS,3.0,14
239400,Caesar,Caesar,VOLCANIC_ROCK_VOUCHER_10500,SEASHELLS,3.0,1
240200,Camilla,Caesar,VOLCANIC_ROCK_VOUCHER_10500,SEASHELLS,4.0,10
240800,Camilla,Caesar,VOLCANIC_ROCK_VOUCHER_10500,SEASHELLS,3.0,12
240800,Caesar,Caesar,VOLCANIC_ROCK_VOUCHER_10500,SEASHELLS,3.0,1
242000,Camilla,Caesar,VOLCANIC_ROCK_VOUCHER_10500,SEASHELLS,3.0,14
243600,Camilla,Caesar,VOLCANIC_ROCK_VOUCHER_10500,SEASHELLS,3.0,10
244200,Camilla,Caesar,VOLCANIC_ROCK_VOUCHER_10500,SEASHELLS,3.0,15
245000,Camilla,Caesar,VOLCANIC_ROCK_VOUCHER_10500,SEASHELLS,3.0,17
246200,Camilla,Caesar,VOLCANIC_ROCK_VOUCHER_10500,SEASHELLS,3.0,10
246200,Caesar,Caesar,VOLCANIC_ROCK_VOUCHER_10500,SEASHELLS,3.0,2
246300,Camilla,Caesar,VOLCANIC_ROCK_VOUCHER_10500,SEASHELLS,3.0,12
248100,Camilla,Caesar,VOLCANIC_ROCK_VOUCHER_10500,SEASHELLS,3.0,16
248800,Camilla,Caesar,VOLCANIC_ROCK_VOUCHER_10500,SEASHELLS,4.0,15
249100,Camilla,Caesar,VOLCANIC_ROCK_VOUCHER_10500,SEASHELLS,4.0,15
250300,Camilla,Caesar,VOLCANIC_ROCK_VOUCHER_10500,SEASHELLS,3.0,16
250800,Camilla,Caesar,VOLCANIC_ROCK_VOUCHER_10500,SEASHELLS,3.0,15
252600,Camilla,Caesar,VOLCANIC_ROCK_VOUCHER_10500,SEASHELLS,4.0,14
252700,Camilla,Caesar,VOLCANIC_ROCK_VOUCHER_10500,SEASHELLS,4.0,14
255800,Camilla,Caesar,VOLCANIC_ROCK_VOUCHER_10500,SEASHELLS,4.0,10
256800,Camilla,Caesar,VOLCANIC_ROCK_VOUCHER_10500,SEASHELLS,4.0,15
257800,Camilla,Caesar,VOLCANIC_ROCK_VOUCHER_10500,SEASHELLS,4.0,17
258000,Camilla,Pablo,VOLCANIC_ROCK_VOUCHER_10500,SEASHELLS,4.0,8
258600,Camilla,Caesar,VOLCANIC_ROCK_VOUCHER_10500,SEASHELLS,4.0,16
260400,Camilla,Caesar,VOLCANIC_ROCK_VOUCHER_10500,SEASHELLS,3.0,14
260400,Caesar,Caesar,VOLCANIC_ROCK_VOUCHER_10500,SEASHELLS,3.0,2
263800,Camilla,Pablo,VOLCANIC_ROCK_VOUCHER_10500,SEASHELLS,3.0,8
265300,Camilla,Caesar,VOLCANIC_ROCK_VOUCHER_10500,SEASHELLS,2.0,19
265300,Penelope,Camilla,VOLCANIC_ROCK_VOUCHER_10500,SEASHELLS,3.0,20
265700,Camilla,Caesar,VOLCANIC_ROCK_VOUCHER_10500,SEASHELLS,3.0,14
266100,Camilla,Caesar,VOLCANIC_ROCK_VOUCHER_10500,SEASHELLS,3.0,11
266500,Camilla,Pablo,VOLCANIC_ROCK_VOUCHER_10500,SEASHELLS,3.0,11
267100,Camilla,Caesar,VOLCANIC_ROCK_VOUCHER_10500,SEASHELLS,3.0,10
267100,Caesar,Caesar,VOLCANIC_ROCK_VOUCHER_10500,SEASHELLS,3.0,2
267800,Camilla,Caesar,VOLCANIC_ROCK_VOUCHER_10500,SEASHELLS,3.0,15
267800,Caesar,Caesar,VOLCANIC_ROCK_VOUCHER_10500,SEASHELLS,3.0,2
268200,Camilla,Pablo,VOLCANIC_ROCK_VOUCHER_10500,SEASHELLS,3.0,11
268200,Caesar,Pablo,VOLCANIC_ROCK_VOUCHER_10500,SEASHELLS,3.0,1
269100,Camilla,Caesar,VOLCANIC_ROCK_VOUCHER_10500,SEASHELLS,3.0,12
269100,Caesar,Caesar,VOLCANIC_ROCK_VOUCHER_10500,SEASHELLS,3.0,1
271300,Camilla,Penelope,VOLCANIC_ROCK_VOUCHER_10500,SEASHELLS,3.0,13
271300,Caesar,Penelope,VOLCANIC_ROCK_VOUCHER_10500,SEASHELLS,3.0,1
274000,Camilla,Caesar,VOLCANIC_ROCK_VOUCHER_10500,SEASHELLS,3.0,10
274100,Camilla,Pablo,VOLCANIC_ROCK_VOUCHER_10500,SEASHELLS,3.0,12
275000,Camilla,Penelope,VOLCANIC_ROCK_VOUCHER_10500,SEASHELLS,3.0,10
276700,Camilla,Caesar,VOLCANIC_ROCK_VOUCHER_10500,SEASHELLS,2.0,15
277800,Camilla,Caesar,VOLCANIC_ROCK_VOUCHER_10500,SEASHELLS,2.0,16
278700,Camilla,Caesar,VOLCANIC_ROCK_VOUCHER_10500,SEASHELLS,2.0,14
280300,Camilla,Pablo,VOLCANIC_ROCK_VOUCHER_10500,SEASHELLS,2.0,8
280400,Camilla,Caesar,VOLCANIC_ROCK_VOUCHER_10500,SEASHELLS,2.0,12
284800,Camilla,Caesar,VOLCANIC_ROCK_VOUCHER_10500,SEASHELLS,2.0,12
291800,Camilla,Caesar,VOLCANIC_ROCK_VOUCHER_10500,SEASHELLS,3.0,19
293800,Camilla,Caesar,VOLCANIC_ROCK_VOUCHER_10500,SEASHELLS,3.0,10
294000,Camilla,Caesar,VOLCANIC_ROCK_VOUCHER_10500,SEASHELLS,3.0,16
295100,Camilla,Caesar,VOLCANIC_ROCK_VOUCHER_10500,SEASHELLS,3.0,12
295100,Caesar,Caesar,VOLCANIC_ROCK_VOUCHER_10500,SEASHELLS,3.0,1
296900,Camilla,Caesar,VOLCANIC_ROCK_VOUCHER_10500,SEASHELLS,3.0,10
299500,Camilla,Caesar,VOLCANIC_ROCK_VOUCHER_10500,SEASHELLS,4.0,16
299900,Camilla,Caesar,VOLCANIC_ROCK_VOUCHER_10500,SEASHELLS,4.0,19
302200,Camilla,Caesar,VOLCANIC_ROCK_VOUCHER_10500,SEASHELLS,4.0,19
303500,Camilla,Caesar,VOLCANIC_ROCK_VOUCHER_10500,SEASHELLS,4.0,11
305200,Camilla,Pablo,VOLCANIC_ROCK_VOUCHER_10500,SEASHELLS,4.0,8
305400,Camilla,Caesar,VOLCANIC_ROCK_VOUCHER_10500,SEASHELLS,4.0,16
305400,Caesar,Caesar,VOLCANIC_ROCK_VOUCHER_10500,SEASHELLS,4.0,1
307100,Camilla,Pablo,VOLCANIC_ROCK_VOUCHER_10500,SEASHELLS,4.0,9
307800,Camilla,Caesar,VOLCANIC_ROCK_VOUCHER_10500,SEASHELLS,4.0,18
308000,Camilla,Caesar,VOLCANIC_ROCK_VOUCHER_10500,SEASHELLS,3.0,15
308000,Caesar,Caesar,VOLCANIC_ROCK_VOUCHER_10500,SEASHELLS,3.0,1
308200,Camilla,Pablo,VOLCANIC_ROCK_VOUCHER_10500,SEASHELLS,4.0,14
309400,Camilla,Caesar,VOLCANIC_ROCK_VOUCHER_10500,SEASHELLS,4.0,19
309400,Caesar,Caesar,VOLCANIC_ROCK_VOUCHER_10500,SEASHELLS,4.0,1
309600,Camilla,Caesar,VOLCANIC_ROCK_VOUCHER_10500,SEASHELLS,4.0,10
309900,Camilla,Pablo,VOLCANIC_ROCK_VOUCHER_10500,SEASHELLS,4.0,14
313200,Camilla,Caesar,VOLCANIC_ROCK_VOUCHER_10500,SEASHELLS,3.0,20
314700,Camilla,Caesar,VOLCANIC_ROCK_VOUCHER_10500,SEASHELLS,3.0,12
315300,Camilla,Caesar,VOLCANIC_ROCK_VOUCHER_10500,SEASHELLS,3.0,12
315700,Camilla,Caesar,VOLCANIC_ROCK_VOUCHER_10500,SEASHELLS,3.0,14
317100,Camilla,Caesar,VOLCANIC_ROCK_VOUCHER_10500,SEASHELLS,3.0,15
317100,Caesar,Caesar,VOLCANIC_ROCK_VOUCHER_10500,SEASHELLS,3.0,2
317200,Camilla,Caesar,VOLCANIC_ROCK_VOUCHER_10500,SEASHELLS,3.0,11
317500,Camilla,Caesar,VOLCANIC_ROCK_VOUCHER_10500,SEASHELLS,3.0,10
317500,Caesar,Caesar,VOLCANIC_ROCK_VOUCHER_10500,SEASHELLS,3.0,2
320200,Camilla,Caesar,VOLCANIC_ROCK_VOUCHER_10500,SEASHELLS,3.0,10
320200,Caesar,Caesar,VOLCANIC_ROCK_VOUCHER_10500,SEASHELLS,3.0,2
320500,Camilla,Caesar,VOLCANIC_ROCK_VOUCHER_10500,SEASHELLS,3.0,10
321000,Camilla,Caesar,VOLCANIC_ROCK_VOUCHER_10500,SEASHELLS,3.0,17
321100,Camilla,Pablo,VOLCANIC_ROCK_VOUCHER_10500,SEASHELLS,3.0,9
321800,Camilla,Caesar,VOLCANIC_ROCK_VOUCHER_10500,SEASHELLS,3.0,12
322000,Camilla,Pablo,VOLCANIC_ROCK_VOUCHER_10500,SEASHELLS,3.0,9
322500,Camilla,Caesar,VOLCANIC_ROCK_VOUCHER_10500,SEASHELLS,3.0,18
322500,Caesar,Caesar,VOLCANIC_ROCK_VOUCHER_10500,SEASHELLS,3.0,1
326900,Camilla,Caesar,VOLCANIC_ROCK_VOUCHER_10500,SEASHELLS,2.0,12
329000,Camilla,Caesar,VOLCANIC_ROCK_VOUCHER_10500,SEASHELLS,2.0,19
329000,Caesar,Caesar,VOLCANIC_ROCK_VOUCHER_10500,SEASHELLS,2.0,1
331200,Camilla,Pablo,VOLCANIC_ROCK_VOUCHER_10500,SEASHELLS,2.0,14
331500,Camilla,Caesar,VOLCANIC_ROCK_VOUCHER_10500,SEASHELLS,2.0,13
332100,Camilla,Caesar,VOLCANIC_ROCK_VOUCHER_10500,SEASHELLS,2.0,10
332500,Camilla,Caesar,VOLCANIC_ROCK_VOUCHER_10500,SEASHELLS,2.0,12
333700,Camilla,Caesar,VOLCANIC_ROCK_VOUCHER_10500,SEASHELLS,2.0,16
335200,Camilla,Caesar,VOLCANIC_ROCK_VOUCHER_10500,SEASHELLS,2.0,14
335200,Caesar,Caesar,VOLCANIC_ROCK_VOUCHER_10500,SEASHELLS,2.0,2
338100,Camilla,Caesar,VOLCANIC_ROCK_VOUCHER_10500,SEASHELLS,3.0,10
338100,Caesar,Caesar,VOLCANIC_ROCK_VOUCHER_10500,SEASHELLS,3.0,1
340100,Penelope,Camilla,VOLCANIC_ROCK_VOUCHER_10500,SEASHELLS,3.0,11
342100,Camilla,Caesar,VOLCANIC_ROCK_VOUCHER_10500,SEASHELLS,3.0,13
343500,Camilla,Caesar,VOLCANIC_ROCK_VOUCHER_10500,SEASHELLS,3.0,10
343800,Camilla,Pablo,VOLCANIC_ROCK_VOUCHER_10500,SEASHELLS,3.0,15
345500,Camilla,Caesar,VOLCANIC_ROCK_VOUCHER_10500,SEASHELLS,3.0,14
345700,Camilla,Caesar,VOLCANIC_ROCK_VOUCHER_10500,SEASHELLS,3.0,19
345700,Caesar,Caesar,VOLCANIC_ROCK_VOUCHER_10500,SEASHELLS,3.0,1
347700,Camilla,Caesar,VOLCANIC_ROCK_VOUCHER_10500,SEASHELLS,3.0,10
348200,Camilla,Caesar,VOLCANIC_ROCK_VOUCHER_10500,SEASHELLS,3.0,13
349400,Camilla,Caesar,VOLCANIC_ROCK_VOUCHER_10500,SEASHELLS,2.0,16
349900,Camilla,Caesar,VOLCANIC_ROCK_VOUCHER_10500,SEASHELLS,3.0,18
349900,Caesar,Caesar,VOLCANIC_ROCK_VOUCHER_10500,SEASHELLS,3.0,1
350000,Camilla,Caesar,VOLCANIC_ROCK_VOUCHER_10500,SEASHELLS,3.0,11
350800,Camilla,Pablo,VOLCANIC_ROCK_VOUCHER_10500,SEASHELLS,3.0,14
350800,Caesar,Pablo,VOLCANIC_ROCK_VOUCHER_10500,SEASHELLS,3.0,1
353400,Penelope,Camilla,VOLCANIC_ROCK_VOUCHER_10500,SEASHELLS,3.0,17
353400,Penelope,Caesar,VOLCANIC_ROCK_VOUCHER_10500,SEASHELLS,3.0,2
353800,Camilla,Caesar,VOLCANIC_ROCK_VOUCHER_10500,SEASHELLS,3.0,11
353800,Caesar,Caesar,VOLCANIC_ROCK_VOUCHER_10500,SEASHELLS,3.0,1
354000,Camilla,Caesar,VOLCANIC_ROCK_VOUCHER_10500,SEASHELLS,3.0,10
354000,Caesar,Caesar,VOLCANIC_ROCK_VOUCHER_10500,SEASHELLS,3.0,1
354200,Camilla,Pablo,VOLCANIC_ROCK_VOUCHER_10500,SEASHELLS,3.0,13
355500,Camilla,Caesar,VOLCANIC_ROCK_VOUCHER_10500,SEASHELLS,3.0,17
355500,Caesar,Caesar,VOLCANIC_ROCK_VOUCHER_10500,SEASHELLS,3.0,1
355800,Camilla,Pablo,VOLCANIC_ROCK_VOUCHER_10500,SEASHELLS,3.0,9
356500,Camilla,Caesar,VOLCANIC_ROCK_VOUCHER_10500,SEASHELLS,3.0,10
356900,Camilla,Caesar,VOLCANIC_ROCK_VOUCHER_10500,SEASHELLS,3.0,14
357200,Camilla,Caesar,VOLCANIC_ROCK_VOUCHER_10500,SEASHELLS,3.0,11
358500,Camilla,Pablo,VOLCANIC_ROCK_VOUCHER_10500,SEASHELLS,2.0,12
358600,Camilla,Pablo,VOLCANIC_ROCK_VOUCHER_10500,SEASHELLS,2.0,13
358700,Camilla,Caesar,VOLCANIC_ROCK_VOUCHER_10500,SEASHELLS,2.0,11
358700,Caesar,Caesar,VOLCANIC_ROCK_VOUCHER_10500,SEASHELLS,2.0,1
360500,Camilla,Caesar,VOLCANIC_ROCK_VOUCHER_10500,SEASHELLS,2.0,10
362500,Camilla,Caesar,VOLCANIC_ROCK_VOUCHER_10500,SEASHELLS,2.0,12
362500,Caesar,Caesar,VOLCANIC_ROCK_VOUCHER_10500,SEASHELLS,2.0,2
363300,Camilla,Caesar,VOLCANIC_ROCK_VOUCHER_10500,SEASHELLS,2.0,12
367900,Camilla,Caesar,VOLCANIC_ROCK_VOUCHER_10500,SEASHELLS,2.0,11
368200,Camilla,Caesar,VOLCANIC_ROCK_VOUCHER_10500,SEASHELLS,2.0,12
370800,Camilla,Caesar,VOLCANIC_ROCK_VOUCHER_10500,SEASHELLS,2.0,11
371700,Camilla,Caesar,VOLCANIC_ROCK_VOUCHER_10500,SEASHELLS,2.0,19
371700,Caesar,Caesar,VOLCANIC_ROCK_VOUCHER_10500,SEASHELLS,2.0,1
372300,Camilla,Caesar,VOLCANIC_ROCK_VOUCHER_10500,SEASHELLS,2.0,17
372700,Camilla,Caesar,VOLCANIC_ROCK_VOUCHER_10500,SEASHELLS,2.0,10
373800,Camilla,Caesar,VOLCANIC_ROCK_VOUCHER_10500,SEASHELLS,2.0,17
375100,Camilla,Caesar,VOLCANIC_ROCK_VOUCHER_10500,SEASHELLS,2.0,11
377400,Camilla,Caesar,VOLCANIC_ROCK_VOUCHER_10500,SEASHELLS,2.0,16
377400,Caesar,Caesar,VOLCANIC_ROCK_VOUCHER_10500,SEASHELLS,2.0,1
377600,Camilla,Caesar,VOLCANIC_ROCK_VOUCHER_10500,SEASHELLS,2.0,13
379100,Camilla,Caesar,VOLCANIC_ROCK_VOUCHER_10500,SEASHELLS,2.0,13
379100,Caesar,Caesar,VOLCANIC_ROCK_VOUCHER_10500,SEASHELLS,2.0,1
381000,Camilla,Caesar,VOLCANIC_ROCK_VOUCHER_10500,SEASHELLS,2.0,18
381000,Caesar,Caesar,VOLCANIC_ROCK_VOUCHER_10500,SEASHELLS,2.0,1
382900,Camilla,Caesar,VOLCANIC_ROCK_VOUCHER_10500,SEASHELLS,2.0,13
383000,Camilla,Caesar,VOLCANIC_ROCK_VOUCHER_10500,SEASHELLS,2.0,19
383800,Camilla,Caesar,VOLCANIC_ROCK_VOUCHER_10500,SEASHELLS,2.0,17
384700,Camilla,Caesar,VOLCANIC_ROCK_VOUCHER_10500,SEASHELLS,2.0,12
385100,Camilla,Caesar,VOLCANIC_ROCK_VOUCHER_10500,SEASHELLS,2.0,12
385600,Camilla,Caesar,VOLCANIC_ROCK_VOUCHER_10500,SEASHELLS,2.0,12
385600,Caesar,Caesar,VOLCANIC_ROCK_VOUCHER_10500,SEASHELLS,2.0,1
387100,Camilla,Caesar,VOLCANIC_ROCK_VOUCHER_10500,SEASHELLS,2.0,10
387100,Caesar,Caesar,VOLCANIC_ROCK_VOUCHER_10500,SEASHELLS,2.0,2
387700,Camilla,Caesar,VOLCANIC_ROCK_VOUCHER_10500,SEASHELLS,2.0,16
389600,Camilla,Pablo,VOLCANIC_ROCK_VOUCHER_10500,SEASHELLS,2.0,6
392800,Camilla,Caesar,VOLCANIC_ROCK_VOUCHER_10500,SEASHELLS,2.0,15
392800,Caesar,Caesar,VOLCANIC_ROCK_VOUCHER_10500,SEASHELLS,2.0,1
393000,Camilla,Pablo,VOLCANIC_ROCK_VOUCHER_10500,SEASHELLS,2.0,11
393100,Camilla,Pablo,VOLCANIC_ROCK_VOUCHER_10500,SEASHELLS,2.0,10
394300,Camilla,Caesar,VOLCANIC_ROCK_VOUCHER_10500,SEASHELLS,2.0,17
399200,Camilla,Pablo,VOLCANIC_ROCK_VOUCHER_10500,SEASHELLS,2.0,10
401300,Camilla,Caesar,VOLCANIC_ROCK_VOUCHER_10500,SEASHELLS,2.0,12
401300,Caesar,Caesar,VOLCANIC_ROCK_VOUCHER_10500,SEASHELLS,2.0,1
401500,Camilla,Caesar,VOLCANIC_ROCK_VOUCHER_10500,SEASHELLS,2.0,12
402000,Camilla,Caesar,VOLCANIC_ROCK_VOUCHER_10500,SEASHELLS,2.0,14
402400,Camilla,Caesar,VOLCANIC_ROCK_VOUCHER_10500,SEASHELLS,2.0,12
404400,Camilla,Caesar,VOLCANIC_ROCK_VOUCHER_10500,SEASHELLS,2.0,15
405200,Camilla,Caesar,VOLCANIC_ROCK_VOUCHER_10500,SEASHELLS,2.0,13
407100,Camilla,Caesar,VOLCANIC_ROCK_VOUCHER_10500,SEASHELLS,2.0,13
410500,Camilla,Caesar,VOLCANIC_ROCK_VOUCHER_10500,SEASHELLS,1.0,15
414400,Camilla,Caesar,VOLCANIC_ROCK_VOUCHER_10500,SEASHELLS,1.0,10
414400,Caesar,Caesar,VOLCANIC_ROCK_VOUCHER_10500,SEASHELLS,1.0,2
414600,Camilla,Caesar,VOLCANIC_ROCK_VOUCHER_10500,SEASHELLS,1.0,20
415600,Camilla,Caesar,VOLCANIC_ROCK_VOUCHER_10500,SEASHELLS,1.0,11
418300,Camilla,Caesar,VOLCANIC_ROCK_VOUCHER_10500,SEASHELLS,1.0,10
421900,Camilla,Pablo,VOLCANIC_ROCK_VOUCHER_10500,SEASHELLS,1.0,13
422400,Camilla,Pablo,VOLCANIC_ROCK_VOUCHER_10500,SEASHELLS,1.0,12
426600,Camilla,Caesar,VOLCANIC_ROCK_VOUCHER_10500,SEASHELLS,2.0,12
426600,Caesar,Caesar,VOLCANIC_ROCK_VOUCHER_10500,SEASHELLS,2.0,1
427800,Camilla,Caesar,VOLCANIC_ROCK_VOUCHER_10500,SEASHELLS,2.0,11
429500,Camilla,Caesar,VOLCANIC_ROCK_VOUCHER_10500,SEASHELLS,1.0,17
431700,Camilla,Penelope,VOLCANIC_ROCK_VOUCHER_10500,SEASHELLS,2.0,12
432900,Camilla,Caesar,VOLCANIC_ROCK_VOUCHER_10500,SEASHELLS,1.0,14
434800,Camilla,Caesar,VOLCANIC_ROCK_VOUCHER_10500,SEASHELLS,1.0,11
435200,Camilla,Caesar,VOLCANIC_ROCK_VOUCHER_10500,SEASHELLS,1.0,10
435600,Camilla,Caesar,VOLCANIC_ROCK_VOUCHER_10500,SEASHELLS,1.0,13
435700,Camilla,Caesar,VOLCANIC_ROCK_VOUCHER_10500,SEASHELLS,1.0,18
436500,Camilla,Caesar,VOLCANIC_ROCK_VOUCHER_10500,SEASHELLS,1.0,13
436500,Caesar,Caesar,VOLCANIC_ROCK_VOUCHER_10500,SEASHELLS,1.0,1
439400,Camilla,Caesar,VOLCANIC_ROCK_VOUCHER_10500,SEASHELLS,1.0,12
440500,Camilla,Caesar,VOLCANIC_ROCK_VOUCHER_10500,SEASHELLS,1.0,11
441600,Camilla,Caesar,VOLCANIC_ROCK_VOUCHER_10500,SEASHELLS,1.0,14
441600,Caesar,Caesar,VOLCANIC_ROCK_VOUCHER_10500,SEASHELLS,1.0,1
442000,Camilla,Caesar,VOLCANIC_ROCK_VOUCHER_10500,SEASHELLS,2.0,17
442000,Caesar,Caesar,VOLCANIC_ROCK_VOUCHER_10500,SEASHELLS,2.0,2
442100,Camilla,Caesar,VOLCANIC_ROCK_VOUCHER_10500,SEASHELLS,2.0,13
442900,Camilla,Pablo,VOLCANIC_ROCK_VOUCHER_10500,SEASHELLS,2.0,10
443700,Camilla,Caesar,VOLCANIC_ROCK_VOUCHER_10500,SEASHELLS,2.0,11
444600,Camilla,Caesar,VOLCANIC_ROCK_VOUCHER_10500,SEASHELLS,2.0,10
444600,Caesar,Caesar,VOLCANIC_ROCK_VOUCHER_10500,SEASHELLS,2.0,2
445000,Camilla,Caesar,VOLCANIC_ROCK_VOUCHER_10500,SEASHELLS,2.0,11
445500,Camilla,Caesar,VOLCANIC_ROCK_VOUCHER_10500,SEASHELLS,2.0,11
446800,Camilla,Pablo,VOLCANIC_ROCK_VOUCHER_10500,SEASHELLS,2.0,8
448300,Camilla,Caesar,VOLCANIC_ROCK_VOUCHER_10500,SEASHELLS,2.0,10
449100,Camilla,Caesar,VOLCANIC_ROCK_VOUCHER_10500,SEASHELLS,2.0,17
449600,Camilla,Caesar,VOLCANIC_ROCK_VOUCHER_10500,SEASHELLS,2.0,12
449600,Caesar,Caesar,VOLCANIC_ROCK_VOUCHER_10500,SEASHELLS,2.0,2
449900,Camilla,Caesar,VOLCANIC_ROCK_VOUCHER_10500,SEASHELLS,2.0,15
449900,Caesar,Caesar,VOLCANIC_ROCK_VOUCHER_10500,SEASHELLS,2.0,2
450400,Camilla,Caesar,VOLCANIC_ROCK_VOUCHER_10500,SEASHELLS,2.0,11
450400,Caesar,Caesar,VOLCANIC_ROCK_VOUCHER_10500,SEASHELLS,2.0,1
451700,Camilla,Caesar,VOLCANIC_ROCK_VOUCHER_10500,SEASHELLS,2.0,13
451800,Camilla,Caesar,VOLCANIC_ROCK_VOUCHER_10500,SEASHELLS,2.0,13
453900,Camilla,Pablo,VOLCANIC_ROCK_VOUCHER_10500,SEASHELLS,2.0,11
453900,Caesar,Pablo,VOLCANIC_ROCK_VOUCHER_10500,SEASHELLS,2.0,1
456300,Camilla,Pablo,VOLCANIC_ROCK_VOUCHER_10500,SEASHELLS,2.0,13
456300,Caesar,Pablo,VOLCANIC_ROCK_VOUCHER_10500,SEASHELLS,2.0,2
456800,Camilla,Caesar,VOLCANIC_ROCK_VOUCHER_10500,SEASHELLS,2.0,10
458500,Camilla,Caesar,VOLCANIC_ROCK_VOUCHER_10500,SEASHELLS,2.0,19
458500,Caesar,Caesar,VOLCANIC_ROCK_VOUCHER_10500,SEASHELLS,2.0,1
459100,Camilla,Caesar,VOLCANIC_ROCK_VOUCHER_10500,SEASHELLS,2.0,16
461600,Camilla,Caesar,VOLCANIC_ROCK_VOUCHER_10500,SEASHELLS,2.0,16
463700,Camilla,Pablo,VOLCANIC_ROCK_VOUCHER_10500,SEASHELLS,2.0,8
465400,Camilla,Pablo,VOLCANIC_ROCK_VOUCHER_10500,SEASHELLS,2.0,13
467600,Camilla,Caesar,VOLCANIC_ROCK_VOUCHER_10500,SEASHELLS,2.0,12
467600,Caesar,Caesar,VOLCANIC_ROCK_VOUCHER_10500,SEASHELLS,2.0,2
467800,Camilla,Caesar,VOLCANIC_ROCK_VOUCHER_10500,SEASHELLS,2.0,13
468100,Camilla,Caesar,VOLCANIC_ROCK_VOUCHER_10500,SEASHELLS,2.0,14
468100,Caesar,Caesar,VOLCANIC_ROCK_VOUCHER_10500,SEASHELLS,2.0,2
470000,Camilla,Caesar,VOLCANIC_ROCK_VOUCHER_10500,SEASHELLS,2.0,12
470000,Caesar,Caesar,VOLCANIC_ROCK_VOUCHER_10500,SEASHELLS,2.0,1
470300,Camilla,Pablo,VOLCANIC_ROCK_VOUCHER_10500,SEASHELLS,2.0,6
470700,Camilla,Caesar,VOLCANIC_ROCK_VOUCHER_10500,SEASHELLS,3.0,11
471000,Camilla,Caesar,VOLCANIC_ROCK_VOUCHER_10500,SEASHELLS,2.0,10
472000,Camilla,Caesar,VOLCANIC_ROCK_VOUCHER_10500,SEASHELLS,2.0,10
473100,Camilla,Caesar,VOLCANIC_ROCK_VOUCHER_10500,SEASHELLS,2.0,11
473800,Camilla,Pablo,VOLCANIC_ROCK_VOUCHER_10500,SEASHELLS,2.0,15
477100,Camilla,Caesar,VOLCANIC_ROCK_VOUCHER_10500,SEASHELLS,2.0,14
477100,Caesar,Caesar,VOLCANIC_ROCK_VOUCHER_10500,SEASHELLS,2.0,1
477700,Camilla,Caesar,VOLCANIC_ROCK_VOUCHER_10500,SEASHELLS,2.0,10
478200,Camilla,Caesar,VOLCANIC_ROCK_VOUCHER_10500,SEASHELLS,2.0,12
479000,Camilla,Caesar,VOLCANIC_ROCK_VOUCHER_10500,SEASHELLS,2.0,13
479000,Caesar,Caesar,VOLCANIC_ROCK_VOUCHER_10500,SEASHELLS,2.0,2
480300,Camilla,Caesar,VOLCANIC_ROCK_VOUCHER_10500,SEASHELLS,2.0,17
480700,Camilla,Caesar,VOLCANIC_ROCK_VOUCHER_10500,SEASHELLS,2.0,12
480700,Caesar,Caesar,VOLCANIC_ROCK_VOUCHER_10500,SEASHELLS,2.0,1
483800,Camilla,Caesar,VOLCANIC_ROCK_VOUCHER_10500,SEASHELLS,2.0,12
485300,Camilla,Caesar,VOLCANIC_ROCK_VOUCHER_10500,SEASHELLS,2.0,11
485300,Caesar,Caesar,VOLCANIC_ROCK_VOUCHER_10500,SEASHELLS,2.0,1
486100,Camilla,Caesar,VOLCANIC_ROCK_VOUCHER_10500,SEASHELLS,2.0,10
489400,Camilla,Caesar,VOLCANIC_ROCK_VOUCHER_10500,SEASHELLS,2.0,11
492200,Camilla,Caesar,VOLCANIC_ROCK_VOUCHER_10500,SEASHELLS,3.0,11
492200,Caesar,Caesar,VOLCANIC_ROCK_VOUCHER_10500,SEASHELLS,3.0,2
492900,Camilla,Pablo,VOLCANIC_ROCK_VOUCHER_10500,SEASHELLS,3.0,14
494700,Camilla,Pablo,VOLCANIC_ROCK_VOUCHER_10500,SEASHELLS,3.0,7
495800,Camilla,Caesar,VOLCANIC_ROCK_VOUCHER_10500,SEASHELLS,3.0,12
495800,Caesar,Caesar,VOLCANIC_ROCK_VOUCHER_10500,SEASHELLS,3.0,2
496100,Camilla,Caesar,VOLCANIC_ROCK_VOUCHER_10500,SEASHELLS,3.0,13
498000,Camilla,Caesar,VOLCANIC_ROCK_VOUCHER_10500,SEASHELLS,3.0,10
498600,Camilla,Pablo,VOLCANIC_ROCK_VOUCHER_10500,SEASHELLS,2.0,14
500500,Camilla,Caesar,VOLCANIC_ROCK_VOUCHER_10500,SEASHELLS,2.0,12
500500,Caesar,Caesar,VOLCANIC_ROCK_VOUCHER_10500,SEASHELLS,2.0,2
502300,Camilla,Caesar,VOLCANIC_ROCK_VOUCHER_10500,SEASHELLS,3.0,16
502300,Caesar,Caesar,VOLCANIC_ROCK_VOUCHER_10500,SEASHELLS,3.0,2
502600,Camilla,Caesar,VOLCANIC_ROCK_VOUCHER_10500,SEASHELLS,3.0,12
502600,Caesar,Caesar,VOLCANIC_ROCK_VOUCHER_10500,SEASHELLS,3.0,2
504300,Camilla,Caesar,VOLCANIC_ROCK_VOUCHER_10500,SEASHELLS,3.0,11
505900,Camilla,Caesar,VOLCANIC_ROCK_VOUCHER_10500,SEASHELLS,3.0,15
508100,Camilla,Pablo,VOLCANIC_ROCK_VOUCHER_10500,SEASHELLS,3.0,7
511100,Camilla,Caesar,VOLCANIC_ROCK_VOUCHER_10500,SEASHELLS,2.0,11
512800,Camilla,Caesar,VOLCANIC_ROCK_VOUCHER_10500,SEASHELLS,3.0,10
512800,Caesar,Caesar,VOLCANIC_ROCK_VOUCHER_10500,SEASHELLS,3.0,2
515100,Camilla,Pablo,VOLCANIC_ROCK_VOUCHER_10500,SEASHELLS,3.0,10
516500,Camilla,Caesar,VOLCANIC_ROCK_VOUCHER_10500,SEASHELLS,3.0,12
519300,Camilla,Caesar,VOLCANIC_ROCK_VOUCHER_10500,SEASHELLS,3.0,16
519300,Caesar,Caesar,VOLCANIC_ROCK_VOUCHER_10500,SEASHELLS,3.0,2
523200,Camilla,Caesar,VOLCANIC_ROCK_VOUCHER_10500,SEASHELLS,4.0,14
523900,Camilla,Caesar,VOLCANIC_ROCK_VOUCHER_10500,SEASHELLS,3.0,14
527300,Camilla,Caesar,VOLCANIC_ROCK_VOUCHER_10500,SEASHELLS,3.0,18
527300,Caesar,Caesar,VOLCANIC_ROCK_VOUCHER_10500,SEASHELLS,3.0,1
529100,Camilla,Caesar,VOLCANIC_ROCK_VOUCHER_10500,SEASHELLS,3.0,10
535700,Camilla,Caesar,VOLCANIC_ROCK_VOUCHER_10500,SEASHELLS,4.0,16
535700,Caesar,Caesar,VOLCANIC_ROCK_VOUCHER_10500,SEASHELLS,4.0,1
537400,Camilla,Caesar,VOLCANIC_ROCK_VOUCHER_10500,SEASHELLS,3.0,13
537400,Caesar,Caesar,VOLCANIC_ROCK_VOUCHER_10500,SEASHELLS,3.0,1
538400,Camilla,Caesar,VOLCANIC_ROCK_VOUCHER_10500,SEASHELLS,3.0,14
538800,Camilla,Caesar,VOLCANIC_ROCK_VOUCHER_10500,SEASHELLS,3.0,15
541100,Camilla,Caesar,VOLCANIC_ROCK_VOUCHER_10500,SEASHELLS,3.0,18
541100,Caesar,Caesar,VOLCANIC_ROCK_VOUCHER_10500,SEASHELLS,3.0,1
544300,Camilla,Pablo,VOLCANIC_ROCK_VOUCHER_10500,SEASHELLS,3.0,11
550300,Camilla,Caesar,VOLCANIC_ROCK_VOUCHER_10500,SEASHELLS,2.0,15
552600,Camilla,Caesar,VOLCANIC_ROCK_VOUCHER_10500,SEASHELLS,2.0,11
556500,Camilla,Caesar,VOLCANIC_ROCK_VOUCHER_10500,SEASHELLS,2.0,17
556500,Caesar,Caesar,VOLCANIC_ROCK_VOUCHER_10500,SEASHELLS,2.0,2
557600,Camilla,Caesar,VOLCANIC_ROCK_VOUCHER_10500,SEASHELLS,3.0,10
558700,Camilla,Caesar,VOLCANIC_ROCK_VOUCHER_10500,SEASHELLS,2.0,10
563900,Camilla,Caesar,VOLCANIC_ROCK_VOUCHER_10500,SEASHELLS,2.0,16
564500,Camilla,Caesar,VOLCANIC_ROCK_VOUCHER_10500,SEASHELLS,2.0,11
567100,Camilla,Pablo,VOLCANIC_ROCK_VOUCHER_10500,SEASHELLS,2.0,9
568200,Camilla,Caesar,VOLCANIC_ROCK_VOUCHER_10500,SEASHELLS,2.0,12
570100,Camilla,Caesar,VOLCANIC_ROCK_VOUCHER_10500,SEASHELLS,3.0,11
571200,Camilla,Pablo,VOLCANIC_ROCK_VOUCHER_10500,SEASHELLS,3.0,10
577200,Camilla,Caesar,VOLCANIC_ROCK_VOUCHER_10500,SEASHELLS,3.0,12
577200,Caesar,Caesar,VOLCANIC_ROCK_VOUCHER_10500,SEASHELLS,3.0,1
579400,Camilla,Caesar,VOLCANIC_ROCK_VOUCHER_10500,SEASHELLS,2.0,19
580400,Camilla,Caesar,VOLCANIC_ROCK_VOUCHER_10500,SEASHELLS,2.0,13
580400,Caesar,Caesar,VOLCANIC_ROCK_VOUCHER_10500,SEASHELLS,2.0,2
582300,Camilla,Caesar,VOLCANIC_ROCK_VOUCHER_10500,SEASHELLS,2.0,18
584600,Camilla,Caesar,VOLCANIC_ROCK_VOUCHER_10500,SEASHELLS,2.0,10
584600,Caesar,Caesar,VOLCANIC_ROCK_VOUCHER_10500,SEASHELLS,2.0,1
585000,Camilla,Caesar,VOLCANIC_ROCK_VOUCHER_10500,SEASHELLS,2.0,11
585000,Caesar,Caesar,VOLCANIC_ROCK_VOUCHER_10500,SEASHELLS,2.0,2
585700,Camilla,Caesar,VOLCANIC_ROCK_VOUCHER_10500,SEASHELLS,2.0,11
587200,Camilla,Caesar,VOLCANIC_ROCK_VOUCHER_10500,SEASHELLS,2.0,10
588100,Camilla,Caesar,VOLCANIC_ROCK_VOUCHER_10500,SEASHELLS,2.0,19
589100,Camilla,Caesar,VOLCANIC_ROCK_VOUCHER_10500,SEASHELLS,2.0,15
589100,Caesar,Caesar,VOLCANIC_ROCK_VOUCHER_10500,SEASHELLS,2.0,1
589800,Camilla,Caesar,VOLCANIC_ROCK_VOUCHER_10500,SEASHELLS,2.0,15
590400,Camilla,Caesar,VOLCANIC_ROCK_VOUCHER_10500,SEASHELLS,2.0,15
590400,Caesar,Caesar,VOLCANIC_ROCK_VOUCHER_10500,SEASHELLS,2.0,1
593000,Camilla,Caesar,VOLCANIC_ROCK_VOUCHER_10500,SEASHELLS,3.0,10
593800,Camilla,Caesar,VOLCANIC_ROCK_VOUCHER_10500,SEASHELLS,3.0,11
593800,Caesar,Caesar,VOLCANIC_ROCK_VOUCHER_10500,SEASHELLS,3.0,1
601000,Camilla,Caesar,VOLCANIC_ROCK_VOUCHER_10500,SEASHELLS,2.0,14
601000,Caesar,Caesar,VOLCANIC_ROCK_VOUCHER_10500,SEASHELLS,2.0,2
601500,Camilla,Caesar,VOLCANIC_ROCK_VOUCHER_10500,SEASHELLS,2.0,19
602500,Camilla,Caesar,VOLCANIC_ROCK_VOUCHER_10500,SEASHELLS,2.0,13
602800,Camilla,Caesar,VOLCANIC_ROCK_VOUCHER_10500,SEASHELLS,2.0,13
604000,Camilla,Caesar,VOLCANIC_ROCK_VOUCHER_10500,SEASHELLS,3.0,14
605300,Camilla,Caesar,VOLCANIC_ROCK_VOUCHER_10500,SEASHELLS,3.0,10
605300,Caesar,Caesar,VOLCANIC_ROCK_VOUCHER_10500,SEASHELLS,3.0,2
606000,Camilla,Pablo,VOLCANIC_ROCK_VOUCHER_10500,SEASHELLS,3.0,10
608100,Camilla,Caesar,VOLCANIC_ROCK_VOUCHER_10500,SEASHELLS,3.0,13
610400,Camilla,Caesar,VOLCANIC_ROCK_VOUCHER_10500,SEASHELLS,3.0,11
611300,Camilla,Caesar,VOLCANIC_ROCK_VOUCHER_10500,SEASHELLS,4.0,17
612500,Camilla,Caesar,VOLCANIC_ROCK_VOUCHER_10500,SEASHELLS,3.0,11
612500,Caesar,Caesar,VOLCANIC_ROCK_VOUCHER_10500,SEASHELLS,3.0,1
612700,Camilla,Caesar,VOLCANIC_ROCK_VOUCHER_10500,SEASHELLS,3.0,13
616600,Camilla,Pablo,VOLCANIC_ROCK_VOUCHER_10500,SEASHELLS,5.0,12
618800,Penelope,Camilla,VOLCANIC_ROCK_VOUCHER_10500,SEASHELLS,5.0,13
619300,Camilla,Caesar,VOLCANIC_ROCK_VOUCHER_10500,SEASHELLS,4.0,16
619500,Camilla,Caesar,VOLCANIC_ROCK_VOUCHER_10500,SEASHELLS,4.0,15
619500,Caesar,Caesar,VOLCANIC_ROCK_VOUCHER_10500,SEASHELLS,4.0,2
621300,Camilla,Caesar,VOLCANIC_ROCK_VOUCHER_10500,SEASHELLS,4.0,10
622100,Camilla,Caesar,VOLCANIC_ROCK_VOUCHER_10500,SEASHELLS,4.0,12
623900,Camilla,Caesar,VOLCANIC_ROCK_VOUCHER_10500,SEASHELLS,5.0,13
624200,Camilla,Caesar,VOLCANIC_ROCK_VOUCHER_10500,SEASHELLS,5.0,15
624200,Caesar,Caesar,VOLCANIC_ROCK_VOUCHER_10500,SEASHELLS,5.0,1
625400,Camilla,Caesar,VOLCANIC_ROCK_VOUCHER_10500,SEASHELLS,4.0,14
625600,Camilla,Caesar,VOLCANIC_ROCK_VOUCHER_10500,SEASHELLS,4.0,17
625600,Caesar,Caesar,VOLCANIC_ROCK_VOUCHER_10500,SEASHELLS,4.0,2
628400,Camilla,Caesar,VOLCANIC_ROCK_VOUCHER_10500,SEASHELLS,5.0,11
629100,Camilla,Caesar,VOLCANIC_ROCK_VOUCHER_10500,SEASHELLS,5.0,11
629800,Camilla,Caesar,VOLCANIC_ROCK_VOUCHER_10500,SEASHELLS,5.0,15
634900,Camilla,Caesar,VOLCANIC_ROCK_VOUCHER_10500,SEASHELLS,6.0,10
634900,Caesar,Caesar,VOLCANIC_ROCK_VOUCHER_10500,SEASHELLS,6.0,1
637500,Camilla,Pablo,VOLCANIC_ROCK_VOUCHER_10500,SEASHELLS,5.0,5
637600,Camilla,Caesar,VOLCANIC_ROCK_VOUCHER_10500,SEASHELLS,5.0,17
638300,Camilla,Pablo,VOLCANIC_ROCK_VOUCHER_10500,SEASHELLS,4.0,5
643400,Camilla,Caesar,VOLCANIC_ROCK_VOUCHER_10500,SEASHELLS,4.0,12
645500,Camilla,Caesar,VOLCANIC_ROCK_VOUCHER_10500,SEASHELLS,4.0,12
645500,Caesar,Caesar,VOLCANIC_ROCK_VOUCHER_10500,SEASHELLS,4.0,1
646300,Camilla,Caesar,VOLCANIC_ROCK_VOUCHER_10500,SEASHELLS,5.0,12
647300,Camilla,Caesar,VOLCANIC_ROCK_VOUCHER_10500,SEASHELLS,5.0,17
650000,Camilla,Caesar,VOLCANIC_ROCK_VOUCHER_10500,SEASHELLS,4.0,12
652300,Camilla,Pablo,VOLCANIC_ROCK_VOUCHER_10500,SEASHELLS,6.0,10
654900,Camilla,Caesar,VOLCANIC_ROCK_VOUCHER_10500,SEASHELLS,5.0,11
656700,Camilla,Caesar,VOLCANIC_ROCK_VOUCHER_10500,SEASHELLS,4.0,15
658600,Camilla,Caesar,VOLCANIC_ROCK_VOUCHER_10500,SEASHELLS,5.0,11
658600,Caesar,Caesar,VOLCANIC_ROCK_VOUCHER_10500,SEASHELLS,5.0,1
660200,Camilla,Caesar,VOLCANIC_ROCK_VOUCHER_10500,SEASHELLS,5.0,15
660500,Camilla,Caesar,VOLCANIC_ROCK_VOUCHER_10500,SEASHELLS,5.0,14
661500,Camilla,Caesar,VOLCANIC_ROCK_VOUCHER_10500,SEASHELLS,4.0,12
661500,Caesar,Caesar,VOLCANIC_ROCK_VOUCHER_10500,SEASHELLS,4.0,1
664600,Camilla,Pablo,VOLCANIC_ROCK_VOUCHER_10500,SEASHELLS,7.0,9
666100,Camilla,Caesar,VOLCANIC_ROCK_VOUCHER_10500,SEASHELLS,7.0,13
666100,Caesar,Caesar,VOLCANIC_ROCK_VOUCHER_10500,SEASHELLS,7.0,2
666500,Camilla,Penelope,VOLCANIC_ROCK_VOUCHER_10500,SEASHELLS,7.0,10
666500,Caesar,Penelope,VOLCANIC_ROCK_VOUCHER_10500,SEASHELLS,7.0,2
666500,Caesar,Penelope,VOLCANIC_ROCK_VOUCHER_10500,SEASHELLS,7.0,6
667100,Camilla,Caesar,VOLCANIC_ROCK_VOUCHER_10500,SEASHELLS,6.0,12
667100,Caesar,Caesar,VOLCANIC_ROCK_VOUCHER_10500,SEASHELLS,6.0,1
667400,Camilla,Caesar,VOLCANIC_ROCK_VOUCHER_10500,SEASHELLS,6.0,15
667400,Caesar,Caesar,VOLCANIC_ROCK_VOUCHER_10500,SEASHELLS,6.0,1
675700,Camilla,Caesar,VOLCANIC_ROCK_VOUCHER_10500,SEASHELLS,6.0,10
675700,Caesar,Caesar,VOLCANIC_ROCK_VOUCHER_10500,SEASHELLS,6.0,1
676500,Camilla,Caesar,VOLCANIC_ROCK_VOUCHER_10500,SEASHELLS,6.0,19
681400,Camilla,Caesar,VOLCANIC_ROCK_VOUCHER_10500,SEASHELLS,6.0,13
681700,Camilla,Caesar,VOLCANIC_ROCK_VOUCHER_10500,SEASHELLS,6.0,14
683600,Camilla,Caesar,VOLCANIC_ROCK_VOUCHER_10500,SEASHELLS,7.0,19
684600,Camilla,Caesar,VOLCANIC_ROCK_VOUCHER_10500,SEASHELLS,7.0,16
686400,Camilla,Caesar,VOLCANIC_ROCK_VOUCHER_10500,SEASHELLS,7.0,11
691000,Camilla,Caesar,VOLCANIC_ROCK_VOUCHER_10500,SEASHELLS,8.0,11
691100,Camilla,Caesar,VOLCANIC_ROCK_VOUCHER_10500,SEASHELLS,8.0,17
691100,Caesar,Caesar,VOLCANIC_ROCK_VOUCHER_10500,SEASHELLS,8.0,1
692700,Camilla,Caesar,VOLCANIC_ROCK_VOUCHER_10500,SEASHELLS,7.0,14
693200,Camilla,Caesar,VOLCANIC_ROCK_VOUCHER_10500,SEASHELLS,7.0,13
693900,Camilla,Caesar,VOLCANIC_ROCK_VOUCHER_10500,SEASHELLS,6.0,10
693900,Caesar,Caesar,VOLCANIC_ROCK_VOUCHER_10500,SEASHELLS,6.0,1
694100,Camilla,Caesar,VOLCANIC_ROCK_VOUCHER_10500,SEASHELLS,6.0,11
694100,Caesar,Caesar,VOLCANIC_ROCK_VOUCHER_10500,SEASHELLS,6.0,1
697100,Camilla,Caesar,VOLCANIC_ROCK_VOUCHER_10500,SEASHELLS,6.0,13
698300,Camilla,Caesar,VOLCANIC_ROCK_VOUCHER_10500,SEASHELLS,6.0,14
700700,Camilla,Caesar,VOLCANIC_ROCK_VOUCHER_10500,SEASHELLS,6.0,10
700700,Caesar,Caesar,VOLCANIC_ROCK_VOUCHER_10500,SEASHELLS,6.0,1
701000,Camilla,Caesar,VOLCANIC_ROCK_VOUCHER_10500,SEASHELLS,6.0,16
703600,Camilla,Pablo,VOLCANIC_ROCK_VOUCHER_10500,SEASHELLS,6.0,5
707000,Camilla,Caesar,VOLCANIC_ROCK_VOUCHER_10500,SEASHELLS,7.0,14
708400,Camilla,Pablo,VOLCANIC_ROCK_VOUCHER_10500,SEASHELLS,7.0,13
709800,Camilla,Pablo,VOLCANIC_ROCK_VOUCHER_10500,SEASHELLS,6.0,5
710600,Camilla,Caesar,VOLCANIC_ROCK_VOUCHER_10500,SEASHELLS,5.0,12
711300,Camilla,Caesar,VOLCANIC_ROCK_VOUCHER_10500,SEASHELLS,6.0,14
711300,Caesar,Caesar,VOLCANIC_ROCK_VOUCHER_10500,SEASHELLS,6.0,2
711400,Camilla,Caesar,VOLCANIC_ROCK_VOUCHER_10500,SEASHELLS,6.0,15
713500,Camilla,Caesar,VOLCANIC_ROCK_VOUCHER_10500,SEASHELLS,5.0,17
716400,Camilla,Pablo,VOLCANIC_ROCK_VOUCHER_10500,SEASHELLS,7.0,7
718400,Camilla,Pablo,VOLCANIC_ROCK_VOUCHER_10500,SEASHELLS,7.0,8
718900,Camilla,Pablo,VOLCANIC_ROCK_VOUCHER_10500,SEASHELLS,6.0,12
720500,Camilla,Caesar,VOLCANIC_ROCK_VOUCHER_10500,SEASHELLS,7.0,11
722800,Camilla,Pablo,VOLCANIC_ROCK_VOUCHER_10500,SEASHELLS,7.0,5
725000,Camilla,Caesar,VOLCANIC_ROCK_VOUCHER_10500,SEASHELLS,6.0,10
726800,Camilla,Pablo,VOLCANIC_ROCK_VOUCHER_10500,SEASHELLS,6.0,11
728300,Camilla,Pablo,VOLCANIC_ROCK_VOUCHER_10500,SEASHELLS,6.0,11
730800,Camilla,Caesar,VOLCANIC_ROCK_VOUCHER_10500,SEASHELLS,6.0,10
731400,Camilla,Caesar,VOLCANIC_ROCK_VOUCHER_10500,SEASHELLS,6.0,10
731400,Caesar,Caesar,VOLCANIC_ROCK_VOUCHER_10500,SEASHELLS,6.0,2
734100,Camilla,Caesar,VOLCANIC_ROCK_VOUCHER_10500,SEASHELLS,5.0,12
737100,Camilla,Caesar,VOLCANIC_ROCK_VOUCHER_10500,SEASHELLS,6.0,13
737300,Camilla,Caesar,VOLCANIC_ROCK_VOUCHER_10500,SEASHELLS,6.0,17
742100,Camilla,Pablo,VOLCANIC_ROCK_VOUCHER_10500,SEASHELLS,9.0,6
742700,Camilla,Caesar,VOLCANIC_ROCK_VOUCHER_10500,SEASHELLS,9.0,10
742700,Caesar,Caesar,VOLCANIC_ROCK_VOUCHER_10500,SEASHELLS,9.0,2
744700,Camilla,Penelope,VOLCANIC_ROCK_VOUCHER_10500,SEASHELLS,9.0,18
747100,Camilla,Caesar,VOLCANIC_ROCK_VOUCHER_10500,SEASHELLS,9.0,12
747100,Caesar,Caesar,VOLCANIC_ROCK_VOUCHER_10500,SEASHELLS,9.0,2
747800,Camilla,Caesar,VOLCANIC_ROCK_VOUCHER_10500,SEASHELLS,8.0,11
749600,Camilla,Caesar,VOLCANIC_ROCK_VOUCHER_10500,SEASHELLS,8.0,14
750200,Camilla,Penelope,VOLCANIC_ROCK_VOUCHER_10500,SEASHELLS,8.0,12
752500,Camilla,Caesar,VOLCANIC_ROCK_VOUCHER_10500,SEASHELLS,8.0,10
752500,Caesar,Caesar,VOLCANIC_ROCK_VOUCHER_10500,SEASHELLS,8.0,1
754800,Camilla,Caesar,VOLCANIC_ROCK_VOUCHER_10500,SEASHELLS,8.0,10
755400,Camilla,Pablo,VOLCANIC_ROCK_VOUCHER_10500,SEASHELLS,8.0,5
757300,Camilla,Caesar,VOLCANIC_ROCK_VOUCHER_10500,SEASHELLS,9.0,18
762000,Camilla,Caesar,VOLCANIC_ROCK_VOUCHER_10500,SEASHELLS,9.0,13
762000,Camilla,Pablo,VOLCANIC_ROCK_VOUCHER_10500,SEASHELLS,9.0,1
762000,Caesar,Pablo,VOLCANIC_ROCK_VOUCHER_10500,SEASHELLS,9.0,1
764500,Camilla,Caesar,VOLCANIC_ROCK_VOUCHER_10500,SEASHELLS,9.0,11
764700,Camilla,Caesar,VOLCANIC_ROCK_VOUCHER_10500,SEASHELLS,9.0,16
765300,Camilla,Pablo,VOLCANIC_ROCK_VOUCHER_10500,SEASHELLS,9.0,9
769800,Camilla,Pablo,VOLCANIC_ROCK_VOUCHER_10500,SEASHELLS,13.0,7
770700,Camilla,Caesar,VOLCANIC_ROCK_VOUCHER_10500,SEASHELLS,13.0,12
773400,Camilla,Caesar,VOLCANIC_ROCK_VOUCHER_10500,SEASHELLS,14.0,10
773400,Caesar,Caesar,VOLCANIC_ROCK_VOUCHER_10500,SEASHELLS,14.0,2
773600,Camilla,Caesar,VOLCANIC_ROCK_VOUCHER_10500,SEASHELLS,14.0,10
774100,Camilla,Caesar,VOLCANIC_ROCK_VOUCHER_10500,SEASHELLS,13.0,17
775100,Camilla,Caesar,VOLCANIC_ROCK_VOUCHER_10500,SEASHELLS,14.0,15
777500,Camilla,Caesar,VOLCANIC_ROCK_VOUCHER_10500,SEASHELLS,12.0,12
781300,Camilla,Caesar,VOLCANIC_ROCK_VOUCHER_10500,SEASHELLS,14.0,16
781400,Camilla,Caesar,VOLCANIC_ROCK_VOUCHER_10500,SEASHELLS,14.0,18
781700,Camilla,Caesar,VOLCANIC_ROCK_VOUCHER_10500,SEASHELLS,13.0,12
781700,Caesar,Caesar,VOLCANIC_ROCK_VOUCHER_10500,SEASHELLS,13.0,2
784700,Camilla,Caesar,VOLCANIC_ROCK_VOUCHER_10500,SEASHELLS,12.0,15
784700,Caesar,Caesar,VOLCANIC_ROCK_VOUCHER_10500,SEASHELLS,12.0,1
785500,Camilla,Caesar,VOLCANIC_ROCK_VOUCHER_10500,SEASHELLS,12.0,15
785800,Camilla,Penelope,VOLCANIC_ROCK_VOUCHER_10500,SEASHELLS,12.0,13
787800,Camilla,Caesar,VOLCANIC_ROCK_VOUCHER_10500,SEASHELLS,10.0,15
789500,Camilla,Caesar,VOLCANIC_ROCK_VOUCHER_10500,SEASHELLS,12.0,15
789700,Camilla,Pablo,VOLCANIC_ROCK_VOUCHER_10500,SEASHELLS,12.0,6
791600,Camilla,Caesar,VOLCANIC_ROCK_VOUCHER_10500,SEASHELLS,13.0,14
791600,Caesar,Caesar,VOLCANIC_ROCK_VOUCHER_10500,SEASHELLS,13.0,2
791700,Camilla,Pablo,VOLCANIC_ROCK_VOUCHER_10500,SEASHELLS,13.0,9
792000,Camilla,Caesar,VOLCANIC_ROCK_VOUCHER_10500,SEASHELLS,13.0,10
792000,Caesar,Caesar,VOLCANIC_ROCK_VOUCHER_10500,SEASHELLS,13.0,1
793300,Camilla,Caesar,VOLCANIC_ROCK_VOUCHER_10500,SEASHELLS,12.0,10
793600,Camilla,Caesar,VOLCANIC_ROCK_VOUCHER_10500,SEASHELLS,12.0,11
793600,Caesar,Caesar,VOLCANIC_ROCK_VOUCHER_10500,SEASHELLS,12.0,2
795700,Camilla,Caesar,VOLCANIC_ROCK_VOUCHER_10500,SEASHELLS,11.0,11
795700,Caesar,Caesar,VOLCANIC_ROCK_VOUCHER_10500,SEASHELLS,11.0,1
796300,Camilla,Caesar,VOLCANIC_ROCK_VOUCHER_10500,SEASHELLS,11.0,13
798000,Camilla,Caesar,VOLCANIC_ROCK_VOUCHER_10500,SEASHELLS,11.0,13
798000,Caesar,Caesar,VOLCANIC_ROCK_VOUCHER_10500,SEASHELLS,11.0,2
798500,Camilla,Caesar,VOLCANIC_ROCK_VOUCHER_10500,SEASHELLS,11.0,12
799100,Camilla,Pablo,VOLCANIC_ROCK_VOUCHER_10500,SEASHELLS,12.0,7
799400,Camilla,Penelope,VOLCANIC_ROCK_VOUCHER_10500,SEASHELLS,12.0,13
800100,Camilla,Caesar,VOLCANIC_ROCK_VOUCHER_10500,SEASHELLS,12.0,14
802100,Camilla,Caesar,VOLCANIC_ROCK_VOUCHER_10500,SEASHELLS,11.0,13
804300,Camilla,Caesar,VOLCANIC_ROCK_VOUCHER_10500,SEASHELLS,11.0,14
804300,Caesar,Caesar,VOLCANIC_ROCK_VOUCHER_10500,SEASHELLS,11.0,1
808000,Camilla,Caesar,VOLCANIC_ROCK_VOUCHER_10500,SEASHELLS,10.0,18
809500,Camilla,Caesar,VOLCANIC_ROCK_VOUCHER_10500,SEASHELLS,10.0,17
809500,Caesar,Caesar,VOLCANIC_ROCK_VOUCHER_10500,SEASHELLS,10.0,2
810900,Camilla,Caesar,VOLCANIC_ROCK_VOUCHER_10500,SEASHELLS,10.0,12
812800,Camilla,Caesar,VOLCANIC_ROCK_VOUCHER_10500,SEASHELLS,10.0,17
813500,Camilla,Caesar,VOLCANIC_ROCK_VOUCHER_10500,SEASHELLS,9.0,16
817900,Camilla,Caesar,VOLCANIC_ROCK_VOUCHER_10500,SEASHELLS,9.0,13
819800,Penelope,Camilla,VOLCANIC_ROCK_VOUCHER_10500,SEASHELLS,12.0,13
820700,Camilla,Caesar,VOLCANIC_ROCK_VOUCHER_10500,SEASHELLS,11.0,13
821900,Camilla,Caesar,VOLCANIC_ROCK_VOUCHER_10500,SEASHELLS,12.0,16
821900,Caesar,Caesar,VOLCANIC_ROCK_VOUCHER_10500,SEASHELLS,12.0,1
822300,Camilla,Pablo,VOLCANIC_ROCK_VOUCHER_10500,SEASHELLS,11.0,7
824200,Camilla,Caesar,VOLCANIC_ROCK_VOUCHER_10500,SEASHELLS,13.0,13
825700,Camilla,Caesar,VOLCANIC_ROCK_VOUCHER_10500,SEASHELLS,11.0,10
826700,Camilla,Caesar,VOLCANIC_ROCK_VOUCHER_10500,SEASHELLS,11.0,14
829000,Camilla,Caesar,VOLCANIC_ROCK_VOUCHER_10500,SEASHELLS,9.0,11
830000,Camilla,Caesar,VOLCANIC_ROCK_VOUCHER_10500,SEASHELLS,8.0,13
830000,Caesar,Caesar,VOLCANIC_ROCK_VOUCHER_10500,SEASHELLS,8.0,2
832500,Camilla,Caesar,VOLCANIC_ROCK_VOUCHER_10500,SEASHELLS,8.0,15
832500,Caesar,Caesar,VOLCANIC_ROCK_VOUCHER_10500,SEASHELLS,8.0,2
834400,Camilla,Caesar,VOLCANIC_ROCK_VOUCHER_10500,SEASHELLS,7.0,13
834400,Caesar,Caesar,VOLCANIC_ROCK_VOUCHER_10500,SEASHELLS,7.0,1
835400,Camilla,Caesar,VOLCANIC_ROCK_VOUCHER_10500,SEASHELLS,6.0,11
835400,Caesar,Caesar,VOLCANIC_ROCK_VOUCHER_10500,SEASHELLS,6.0,1
835900,Camilla,Pablo,VOLCANIC_ROCK_VOUCHER_10500,SEASHELLS,6.0,14
835900,Caesar,Pablo,VOLCANIC_ROCK_VOUCHER_10500,SEASHELLS,6.0,1
839900,Camilla,Caesar,VOLCANIC_ROCK_VOUCHER_10500,SEASHELLS,6.0,12
842400,Camilla,Caesar,VOLCANIC_ROCK_VOUCHER_10500,SEASHELLS,7.0,11
844500,Camilla,Caesar,VOLCANIC_ROCK_VOUCHER_10500,SEASHELLS,7.0,10
844500,Caesar,Caesar,VOLCANIC_ROCK_VOUCHER_10500,SEASHELLS,7.0,2
845100,Camilla,Caesar,VOLCANIC_ROCK_VOUCHER_10500,SEASHELLS,8.0,12
845100,Caesar,Caesar,VOLCANIC_ROCK_VOUCHER_10500,SEASHELLS,8.0,1
845400,Camilla,Caesar,VOLCANIC_ROCK_VOUCHER_10500,SEASHELLS,8.0,14
852300,Camilla,Caesar,VOLCANIC_ROCK_VOUCHER_10500,SEASHELLS,8.0,14
852300,Caesar,Caesar,VOLCANIC_ROCK_VOUCHER_10500,SEASHELLS,8.0,1
852300,Pablo,Caesar,VOLCANIC_ROCK_VOUCHER_10500,SEASHELLS,8.0,1
852600,Penelope,Camilla,VOLCANIC_ROCK_VOUCHER_10500,SEASHELLS,8.0,12
853100,Camilla,Caesar,VOLCANIC_ROCK_VOUCHER_10500,SEASHELLS,6.0,10
853800,Camilla,Caesar,VOLCANIC_ROCK_VOUCHER_10500,SEASHELLS,7.0,12
855100,Camilla,Caesar,VOLCANIC_ROCK_VOUCHER_10500,SEASHELLS,7.0,17
855900,Camilla,Pablo,VOLCANIC_ROCK_VOUCHER_10500,SEASHELLS,7.0,10
857800,Camilla,Pablo,VOLCANIC_ROCK_VOUCHER_10500,SEASHELLS,8.0,9
858900,Camilla,Caesar,VOLCANIC_ROCK_VOUCHER_10500,SEASHELLS,7.0,11
858900,Caesar,Caesar,VOLCANIC_ROCK_VOUCHER_10500,SEASHELLS,7.0,2
860000,Camilla,Caesar,VOLCANIC_ROCK_VOUCHER_10500,SEASHELLS,8.0,12
860000,Caesar,Caesar,VOLCANIC_ROCK_VOUCHER_10500,SEASHELLS,8.0,2
865000,Camilla,Caesar,VOLCANIC_ROCK_VOUCHER_10500,SEASHELLS,8.0,14
865100,Camilla,Caesar,VOLCANIC_ROCK_VOUCHER_10500,SEASHELLS,8.0,11
865200,Camilla,Caesar,VOLCANIC_ROCK_VOUCHER_10500,SEASHELLS,8.0,10
867400,Camilla,Caesar,VOLCANIC_ROCK_VOUCHER_10500,SEASHELLS,8.0,10
869500,Camilla,Caesar,VOLCANIC_ROCK_VOUCHER_10500,SEASHELLS,10.0,12
869600,Camilla,Penelope,VOLCANIC_ROCK_VOUCHER_10500,SEASHELLS,10.0,10
870200,Camilla,Caesar,VOLCANIC_ROCK_VOUCHER_10500,SEASHELLS,9.0,13
870500,Camilla,Caesar,VOLCANIC_ROCK_VOUCHER_10500,SEASHELLS,9.0,15
877900,Camilla,Caesar,VOLCANIC_ROCK_VOUCHER_10500,SEASHELLS,9.0,12
877900,Caesar,Caesar,VOLCANIC_ROCK_VOUCHER_10500,SEASHELLS,9.0,2
880200,Camilla,Caesar,VOLCANIC_ROCK_VOUCHER_10500,SEASHELLS,9.0,14
880200,Caesar,Caesar,VOLCANIC_ROCK_VOUCHER_10500,SEASHELLS,9.0,2
882200,Camilla,Pablo,VOLCANIC_ROCK_VOUCHER_10500,SEASHELLS,7.0,15
882700,Camilla,Caesar,VOLCANIC_ROCK_VOUCHER_10500,SEASHELLS,7.0,11
883300,Camilla,Caesar,VOLCANIC_ROCK_VOUCHER_10500,SEASHELLS,7.0,10
886300,Camilla,Caesar,VOLCANIC_ROCK_VOUCHER_10500,SEASHELLS,7.0,12
886300,Caesar,Caesar,VOLCANIC_ROCK_VOUCHER_10500,SEASHELLS,7.0,1
888700,Camilla,Caesar,VOLCANIC_ROCK_VOUCHER_10500,SEASHELLS,7.0,12
888700,Caesar,Caesar,VOLCANIC_ROCK_VOUCHER_10500,SEASHELLS,7.0,2
889900,Camilla,Caesar,VOLCANIC_ROCK_VOUCHER_10500,SEASHELLS,8.0,15
891300,Camilla,Caesar,VOLCANIC_ROCK_VOUCHER_10500,SEASHELLS,8.0,12
893000,Camilla,Caesar,VOLCANIC_ROCK_VOUCHER_10500,SEASHELLS,9.0,11
898600,Camilla,Caesar,VOLCANIC_ROCK_VOUCHER_10500,SEASHELLS,7.0,12
901600,Camilla,Caesar,VOLCANIC_ROCK_VOUCHER_10500,SEASHELLS,6.0,12
901600,Caesar,Caesar,VOLCANIC_ROCK_VOUCHER_10500,SEASHELLS,6.0,1
903300,Camilla,Caesar,VOLCANIC_ROCK_VOUCHER_10500,SEASHELLS,6.0,17
904500,Camilla,Caesar,VOLCANIC_ROCK_VOUCHER_10500,SEASHELLS,7.0,15
904500,Caesar,Caesar,VOLCANIC_ROCK_VOUCHER_10500,SEASHELLS,7.0,2
906900,Camilla,Caesar,VOLCANIC_ROCK_VOUCHER_10500,SEASHELLS,6.0,14
913100,Camilla,Caesar,VOLCANIC_ROCK_VOUCHER_10500,SEASHELLS,4.0,11
913800,Camilla,Caesar,VOLCANIC_ROCK_VOUCHER_10500,SEASHELLS,4.0,15
915500,Camilla,Caesar,VOLCANIC_ROCK_VOUCHER_10500,SEASHELLS,5.0,10
915500,Pablo,Caesar,VOLCANIC_ROCK_VOUCHER_10500,SEASHELLS,5.0,7
917500,Camilla,Caesar,VOLCANIC_ROCK_VOUCHER_10500,SEASHELLS,4.0,14
917500,Caesar,Caesar,VOLCANIC_ROCK_VOUCHER_10500,SEASHELLS,4.0,2
922400,Camilla,Pablo,VOLCANIC_ROCK_VOUCHER_10500,SEASHELLS,5.0,7
922500,Camilla,Pablo,VOLCANIC_ROCK_VOUCHER_10500,SEASHELLS,5.0,12
924200,Camilla,Caesar,VOLCANIC_ROCK_VOUCHER_10500,SEASHELLS,5.0,13
924200,Caesar,Caesar,VOLCANIC_ROCK_VOUCHER_10500,SEASHELLS,5.0,1
926600,Camilla,Caesar,VOLCANIC_ROCK_VOUCHER_10500,SEASHELLS,5.0,13
928100,Camilla,Caesar,VOLCANIC_ROCK_VOUCHER_10500,SEASHELLS,5.0,15
928100,Caesar,Caesar,VOLCANIC_ROCK_VOUCHER_10500,SEASHELLS,5.0,2
931700,Camilla,Caesar,VOLCANIC_ROCK_VOUCHER_10500,SEASHELLS,4.0,15
932700,Camilla,Caesar,VOLCANIC_ROCK_VOUCHER_10500,SEASHELLS,4.0,15
933600,Camilla,Caesar,VOLCANIC_ROCK_VOUCHER_10500,SEASHELLS,5.0,10
934000,Camilla,Pablo,VOLCANIC_ROCK_VOUCHER_10500,SEASHELLS,4.0,8
934300,Camilla,Caesar,VOLCANIC_ROCK_VOUCHER_10500,SEASHELLS,4.0,12
936100,Camilla,Caesar,VOLCANIC_ROCK_VOUCHER_10500,SEASHELLS,5.0,15
937900,Camilla,Caesar,VOLCANIC_ROCK_VOUCHER_10500,SEASHELLS,6.0,17
939000,Camilla,Caesar,VOLCANIC_ROCK_VOUCHER_10500,SEASHELLS,6.0,13
940800,Camilla,Caesar,VOLCANIC_ROCK_VOUCHER_10500,SEASHELLS,6.0,11
940800,Caesar,Caesar,VOLCANIC_ROCK_VOUCHER_10500,SEASHELLS,6.0,1
942600,Camilla,Caesar,VOLCANIC_ROCK_VOUCHER_10500,SEASHELLS,5.0,11
943800,Camilla,Caesar,VOLCANIC_ROCK_VOUCHER_10500,SEASHELLS,5.0,11
946300,Camilla,Caesar,VOLCANIC_ROCK_VOUCHER_10500,SEASHELLS,5.0,20
947000,Camilla,Caesar,VOLCANIC_ROCK_VOUCHER_10500,SEASHELLS,5.0,13
947000,Caesar,Caesar,VOLCANIC_ROCK_VOUCHER_10500,SEASHELLS,5.0,1
949900,Camilla,Caesar,VOLCANIC_ROCK_VOUCHER_10500,SEASHELLS,6.0,11
951000,Camilla,Caesar,VOLCANIC_ROCK_VOUCHER_10500,SEASHELLS,6.0,10
951000,Caesar,Caesar,VOLCANIC_ROCK_VOUCHER_10500,SEASHELLS,6.0,2
952400,Camilla,Caesar,VOLCANIC_ROCK_VOUCHER_10500,SEASHELLS,6.0,17
954500,Camilla,Caesar,VOLCANIC_ROCK_VOUCHER_10500,SEASHELLS,6.0,15
959500,Camilla,Caesar,VOLCANIC_ROCK_VOUCHER_10500,SEASHELLS,5.0,12
959900,Camilla,Caesar,VOLCANIC_ROCK_VOUCHER_10500,SEASHELLS,5.0,16
960600,Camilla,Pablo,VOLCANIC_ROCK_VOUCHER_10500,SEASHELLS,5.0,9
960700,Camilla,Caesar,VOLCANIC_ROCK_VOUCHER_10500,SEASHELLS,5.0,11
961600,Camilla,Caesar,VOLCANIC_ROCK_VOUCHER_10500,SEASHELLS,5.0,12
963500,Camilla,Caesar,VOLCANIC_ROCK_VOUCHER_10500,SEASHELLS,5.0,17
965400,Camilla,Caesar,VOLCANIC_ROCK_VOUCHER_10500,SEASHELLS,5.0,13
965400,Caesar,Caesar,VOLCANIC_ROCK_VOUCHER_10500,SEASHELLS,5.0,1
966400,Camilla,Pablo,VOLCANIC_ROCK_VOUCHER_10500,SEASHELLS,5.0,8
971600,Camilla,Caesar,VOLCANIC_ROCK_VOUCHER_10500,SEASHELLS,5.0,14
971600,Caesar,Caesar,VOLCANIC_ROCK_VOUCHER_10500,SEASHELLS,5.0,1
972800,Camilla,Pablo,VOLCANIC_ROCK_VOUCHER_10500,SEASHELLS,5.0,11
973000,Camilla,Caesar,VOLCANIC_ROCK_VOUCHER_10500,SEASHELLS,5.0,16
973000,Caesar,Caesar,VOLCANIC_ROCK_VOUCHER_10500,SEASHELLS,5.0,2
973700,Camilla,Caesar,VOLCANIC_ROCK_VOUCHER_10500,SEASHELLS,5.0,12
973800,Camilla,Caesar,VOLCANIC_ROCK_VOUCHER_10500,SEASHELLS,4.0,13
974300,Camilla,Pablo,VOLCANIC_ROCK_VOUCHER_10500,SEASHELLS,5.0,14
974300,Caesar,Pablo,VOLCANIC_ROCK_VOUCHER_10500,SEASHELLS,5.0,1
974500,Camilla,Caesar,VOLCANIC_ROCK_VOUCHER_10500,SEASHELLS,5.0,10
974800,Camilla,Caesar,VOLCANIC_ROCK_VOUCHER_10500,SEASHELLS,5.0,18
974800,Caesar,Caesar,VOLCANIC_ROCK_VOUCHER_10500,SEASHELLS,5.0,2
975500,Camilla,Caesar,VOLCANIC_ROCK_VOUCHER_10500,SEASHELLS,5.0,13
975500,Caesar,Caesar,VOLCANIC_ROCK_VOUCHER_10500,SEASHELLS,5.0,2
976100,Camilla,Caesar,VOLCANIC_ROCK_VOUCHER_10500,SEASHELLS,4.0,14
976100,Caesar,Caesar,VOLCANIC_ROCK_VOUCHER_10500,SEASHELLS,4.0,2
977000,Camilla,Caesar,VOLCANIC_ROCK_VOUCHER_10500,SEASHELLS,5.0,18
977100,Camilla,Pablo,VOLCANIC_ROCK_VOUCHER_10500,SEASHELLS,5.0,12
978800,Camilla,Caesar,VOLCANIC_ROCK_VOUCHER_10500,SEASHELLS,5.0,15
981100,Camilla,Caesar,VOLCANIC_ROCK_VOUCHER_10500,SEASHELLS,4.0,16
981400,Camilla,Caesar,VOLCANIC_ROCK_VOUCHER_10500,SEASHELLS,4.0,14
981400,Caesar,Caesar,VOLCANIC_ROCK_VOUCHER_10500,SEASHELLS,4.0,2
984800,Camilla,Caesar,VOLCANIC_ROCK_VOUCHER_10500,SEASHELLS,5.0,11
986700,Camilla,Caesar,VOLCANIC_ROCK_VOUCHER_10500,SEASHELLS,4.0,15
992700,Camilla,Caesar,VOLCANIC_ROCK_VOUCHER_10500,SEASHELLS,4.0,11
992700,Caesar,Caesar,VOLCANIC_ROCK_VOUCHER_10500,SEASHELLS,4.0,1
994100,Camilla,Caesar,VOLCANIC_ROCK_VOUCHER_10500,SEASHELLS,4.0,16
994100,Caesar,Caesar,VOLCANIC_ROCK_VOUCHER_10500,SEASHELLS,4.0,1
994600,Camilla,Caesar,VOLCANIC_ROCK_VOUCHER_10500,SEASHELLS,4.0,11
995200,Camilla,Pablo,VOLCANIC_ROCK_VOUCHER_10500,SEASHELLS,3.0,8
995400,Camilla,Pablo,VOLCANIC_ROCK_VOUCHER_10500,SEASHELLS,4.0,14
995800,Camilla,Caesar,VOLCANIC_ROCK_VOUCHER_10500,SEASHELLS,4.0,13
997100,Camilla,Caesar,VOLCANIC_ROCK_VOUCHER_10500,SEASHELLS,3.0,13
997100,Caesar,Caesar,VOLCANIC_ROCK_VOUCHER_10500,SEASHELLS,3.0,1
997200,Camilla,Caesar,VOLCANIC_ROCK_VOUCHER_10500,SEASHELLS,3.0,17
997200,Caesar,Caesar,VOLCANIC_ROCK_VOUCHER_10500,SEASHELLS,3.0,1
997800,Camilla,Caesar,VOLCANIC_ROCK_VOUCHER_10500,SEASHELLS,3.0,13
998400,Camilla,Caesar,VOLCANIC_ROCK_VOUCHER_10500,SEASHELLS,3.0,11
999500,Camilla,Pablo,VOLCANIC_ROCK_VOUCHER_10500,SEASHELLS,3.0,15
1001200,Camilla,Pablo,VOLCANIC_ROCK_VOUCHER_10500,SEASHELLS,3.0,15
1004100,Camilla,Caesar,VOLCANIC_ROCK_VOUCHER_10500,SEASHELLS,3.0,10
1004100,Caesar,Caesar,VOLCANIC_ROCK_VOUCHER_10500,SEASHELLS,3.0,2
1009400,Camilla,Caesar,VOLCANIC_ROCK_VOUCHER_10500,SEASHELLS,3.0,19
1009400,Caesar,Caesar,VOLCANIC_ROCK_VOUCHER_10500,SEASHELLS,3.0,1
1010000,Camilla,Caesar,VOLCANIC_ROCK_VOUCHER_10500,SEASHELLS,3.0,11
1010200,Camilla,Caesar,VOLCANIC_ROCK_VOUCHER_10500,SEASHELLS,3.0,14
1012800,Camilla,Pablo,VOLCANIC_ROCK_VOUCHER_10500,SEASHELLS,2.0,11
1014300,Camilla,Caesar,VOLCANIC_ROCK_VOUCHER_10500,SEASHELLS,2.0,16
1014300,Caesar,Caesar,VOLCANIC_ROCK_VOUCHER_10500,SEASHELLS,2.0,1
1014600,Camilla,Caesar,VOLCANIC_ROCK_VOUCHER_10500,SEASHELLS,2.0,12
1015800,Camilla,Pablo,VOLCANIC_ROCK_VOUCHER_10500,SEASHELLS,2.0,6
1017600,Camilla,Caesar,VOLCANIC_ROCK_VOUCHER_10500,SEASHELLS,2.0,16
1017600,Caesar,Caesar,VOLCANIC_ROCK_VOUCHER_10500,SEASHELLS,2.0,2
1019700,Camilla,Caesar,VOLCANIC_ROCK_VOUCHER_10500,SEASHELLS,2.0,11
1022700,Camilla,Pablo,VOLCANIC_ROCK_VOUCHER_10500,SEASHELLS,2.0,12
1022900,Camilla,Pablo,VOLCANIC_ROCK_VOUCHER_10500,SEASHELLS,2.0,7
1023000,Camilla,Caesar,VOLCANIC_ROCK_VOUCHER_10500,SEASHELLS,2.0,13
1023000,Caesar,Caesar,VOLCANIC_ROCK_VOUCHER_10500,SEASHELLS,2.0,1
1024400,Camilla,Caesar,VOLCANIC_ROCK_VOUCHER_10500,SEASHELLS,2.0,16
1026600,Camilla,Caesar,VOLCANIC_ROCK_VOUCHER_10500,SEASHELLS,2.0,12
1026600,Caesar,Caesar,VOLCANIC_ROCK_VOUCHER_10500,SEASHELLS,2.0,1
1027000,Camilla,Pablo,VOLCANIC_ROCK_VOUCHER_10500,SEASHELLS,2.0,7
1027700,Camilla,Caesar,VOLCANIC_ROCK_VOUCHER_10500,SEASHELLS,2.0,13
1028400,Camilla,Caesar,VOLCANIC_ROCK_VOUCHER_10500,SEASHELLS,3.0,11
1029700,Camilla,Caesar,VOLCANIC_ROCK_VOUCHER_10500,SEASHELLS,3.0,14
1029900,Camilla,Pablo,VOLCANIC_ROCK_VOUCHER_10500,SEASHELLS,3.0,8
1031200,Camilla,Caesar,VOLCANIC_ROCK_VOUCHER_10500,SEASHELLS,2.0,17
1031200,Caesar,Caesar,VOLCANIC_ROCK_VOUCHER_10500,SEASHELLS,2.0,2
1031500,Camilla,Pablo,VOLCANIC_ROCK_VOUCHER_10500,SEASHELLS,2.0,6
1035400,Camilla,Caesar,VOLCANIC_ROCK_VOUCHER_10500,SEASHELLS,2.0,13
1035800,Camilla,Caesar,VOLCANIC_ROCK_VOUCHER_10500,SEASHELLS,2.0,14
1036900,Camilla,Pablo,VOLCANIC_ROCK_VOUCHER_10500,SEASHELLS,2.0,6
1037400,Camilla,Pablo,VOLCANIC_ROCK_VOUCHER_10500,SEASHELLS,2.0,6
1037600,Camilla,Caesar,VOLCANIC_ROCK_VOUCHER_10500,SEASHELLS,2.0,15
1037600,Camilla,Pablo,VOLCANIC_ROCK_VOUCHER_10500,SEASHELLS,2.0,4
1042100,Camilla,Caesar,VOLCANIC_ROCK_VOUCHER_10500,SEASHELLS,2.0,13
1042100,Caesar,Caesar,VOLCANIC_ROCK_VOUCHER_10500,SEASHELLS,2.0,2
1043000,Camilla,Caesar,VOLCANIC_ROCK_VOUCHER_10500,SEASHELLS,2.0,11
1043000,Caesar,Caesar,VOLCANIC_ROCK_VOUCHER_10500,SEASHELLS,2.0,1
1044400,Camilla,Caesar,VOLCANIC_ROCK_VOUCHER_10500,SEASHELLS,2.0,12
1044400,Caesar,Caesar,VOLCANIC_ROCK_VOUCHER_10500,SEASHELLS,2.0,1
1044600,Camilla,Pablo,VOLCANIC_ROCK_VOUCHER_10500,SEASHELLS,2.0,12
1044800,Camilla,Pablo,VOLCANIC_ROCK_VOUCHER_10500,SEASHELLS,2.0,10
1044800,Caesar,Pablo,VOLCANIC_ROCK_VOUCHER_10500,SEASHELLS,2.0,2
1045700,Camilla,Caesar,VOLCANIC_ROCK_VOUCHER_10500,SEASHELLS,2.0,17
1045700,Caesar,Caesar,VOLCANIC_ROCK_VOUCHER_10500,SEASHELLS,2.0,1
1046100,Camilla,Pablo,VOLCANIC_ROCK_VOUCHER_10500,SEASHELLS,2.0,11
1046100,Caesar,Pablo,VOLCANIC_ROCK_VOUCHER_10500,SEASHELLS,2.0,2
1052300,Camilla,Caesar,VOLCANIC_ROCK_VOUCHER_10500,SEASHELLS,3.0,10
1052500,Camilla,Caesar,VOLCANIC_ROCK_VOUCHER_10500,SEASHELLS,3.0,13
1052500,Caesar,Caesar,VOLCANIC_ROCK_VOUCHER_10500,SEASHELLS,3.0,2
1053200,Camilla,Caesar,VOLCANIC_ROCK_VOUCHER_10500,SEASHELLS,2.0,12
1053200,Caesar,Caesar,VOLCANIC_ROCK_VOUCHER_10500,SEASHELLS,2.0,2
1055100,Camilla,Caesar,VOLCANIC_ROCK_VOUCHER_10500,SEASHELLS,3.0,11
1055100,Caesar,Caesar,VOLCANIC_ROCK_VOUCHER_10500,SEASHELLS,3.0,1
1056400,Camilla,Pablo,VOLCANIC_ROCK_VOUCHER_10500,SEASHELLS,2.0,7
1056600,Camilla,Caesar,VOLCANIC_ROCK_VOUCHER_10500,SEASHELLS,2.0,12
1057800,Camilla,Caesar,VOLCANIC_ROCK_VOUCHER_10500,SEASHELLS,2.0,13
1057800,Caesar,Caesar,VOLCANIC_ROCK_VOUCHER_10500,SEASHELLS,2.0,2
1065300,Camilla,Caesar,VOLCANIC_ROCK_VOUCHER_10500,SEASHELLS,3.0,10
1066300,Camilla,Caesar,VOLCANIC_ROCK_VOUCHER_10500,SEASHELLS,2.0,11
1066300,Caesar,Caesar,VOLCANIC_ROCK_VOUCHER_10500,SEASHELLS,2.0,1
1066900,Camilla,Caesar,VOLCANIC_ROCK_VOUCHER_10500,SEASHELLS,2.0,15
1066900,Caesar,Caesar,VOLCANIC_ROCK_VOUCHER_10500,SEASHELLS,2.0,1
1070600,Camilla,Caesar,VOLCANIC_ROCK_VOUCHER_10500,SEASHELLS,3.0,14
1070600,Caesar,Caesar,VOLCANIC_ROCK_VOUCHER_10500,SEASHELLS,3.0,2
1073300,Camilla,Pablo,VOLCANIC_ROCK_VOUCHER_10500,SEASHELLS,3.0,6
1073500,Camilla,Caesar,VOLCANIC_ROCK_VOUCHER_10500,SEASHELLS,3.0,10
1074700,Camilla,Pablo,VOLCANIC_ROCK_VOUCHER_10500,SEASHELLS,3.0,8
1077500,Camilla,Caesar,VOLCANIC_ROCK_VOUCHER_10500,SEASHELLS,2.0,11
1079300,Camilla,Caesar,VOLCANIC_ROCK_VOUCHER_10500,SEASHELLS,2.0,13
1079900,Camilla,Caesar,VOLCANIC_ROCK_VOUCHER_10500,SEASHELLS,2.0,13
1079900,Caesar,Caesar,VOLCANIC_ROCK_VOUCHER_10500,SEASHELLS,2.0,1
1080100,Camilla,Caesar,VOLCANIC_ROCK_VOUCHER_10500,SEASHELLS,2.0,13
1080300,Camilla,Caesar,VOLCANIC_ROCK_VOUCHER_10500,SEASHELLS,2.0,11
1083200,Camilla,Caesar,VOLCANIC_ROCK_VOUCHER_10500,SEASHELLS,3.0,14
1083200,Caesar,Caesar,VOLCANIC_ROCK_VOUCHER_10500,SEASHELLS,3.0,2
1083500,Camilla,Caesar,VOLCANIC_ROCK_VOUCHER_10500,SEASHELLS,3.0,12
1084000,Camilla,Caesar,VOLCANIC_ROCK_VOUCHER_10500,SEASHELLS,3.0,13
1085600,Camilla,Caesar,VOLCANIC_ROCK_VOUCHER_10500,SEASHELLS,3.0,16
1089200,Camilla,Caesar,VOLCANIC_ROCK_VOUCHER_10500,SEASHELLS,3.0,17
1089200,Caesar,Caesar,VOLCANIC_ROCK_VOUCHER_10500,SEASHELLS,3.0,2
1089800,Camilla,Caesar,VOLCANIC_ROCK_VOUCHER_10500,SEASHELLS,3.0,14
1089900,Camilla,Caesar,VOLCANIC_ROCK_VOUCHER_10500,SEASHELLS,3.0,12
1090500,Camilla,Pablo,VOLCANIC_ROCK_VOUCHER_10500,SEASHELLS,3.0,11
1091700,Camilla,Pablo,VOLCANIC_ROCK_VOUCHER_10500,SEASHELLS,3.0,12
1091700,Caesar,Pablo,VOLCANIC_ROCK_VOUCHER_10500,SEASHELLS,3.0,1
1092200,Camilla,Caesar,VOLCANIC_ROCK_VOUCHER_10500,SEASHELLS,3.0,13
1092200,Caesar,Caesar,VOLCANIC_ROCK_VOUCHER_10500,SEASHELLS,3.0,1
1097100,Camilla,Caesar,VOLCANIC_ROCK_VOUCHER_10500,SEASHELLS,3.0,19
1097100,Caesar,Caesar,VOLCANIC_ROCK_VOUCHER_10500,SEASHELLS,3.0,1
1097600,Camilla,Caesar,VOLCANIC_ROCK_VOUCHER_10500,SEASHELLS,3.0,12
1098900,Camilla,Caesar,VOLCANIC_ROCK_VOUCHER_10500,SEASHELLS,3.0,15
1099700,Camilla,Pablo,VOLCANIC_ROCK_VOUCHER_10500,SEASHELLS,3.0,10
1100300,Camilla,Caesar,VOLCANIC_ROCK_VOUCHER_10500,SEASHELLS,3.0,10
1101500,Camilla,Caesar,VOLCANIC_ROCK_VOUCHER_10500,SEASHELLS,3.0,16
1102300,Camilla,Caesar,VOLCANIC_ROCK_VOUCHER_10500,SEASHELLS,3.0,18
1102300,Caesar,Caesar,VOLCANIC_ROCK_VOUCHER_10500,SEASHELLS,3.0,1
1104300,Camilla,Caesar,VOLCANIC_ROCK_VOUCHER_10500,SEASHELLS,3.0,18
1105000,Camilla,Caesar,VOLCANIC_ROCK_VOUCHER_10500,SEASHELLS,3.0,13
1106200,Camilla,Caesar,VOLCANIC_ROCK_VOUCHER_10500,SEASHELLS,3.0,16
1106400,Camilla,Caesar,VOLCANIC_ROCK_VOUCHER_10500,SEASHELLS,3.0,13
1106400,Caesar,Caesar,VOLCANIC_ROCK_VOUCHER_10500,SEASHELLS,3.0,1
1107300,Camilla,Pablo,VOLCANIC_ROCK_VOUCHER_10500,SEASHELLS,3.0,12
1110600,Camilla,Caesar,VOLCANIC_ROCK_VOUCHER_10500,SEASHELLS,3.0,16
1114900,Camilla,Caesar,VOLCANIC_ROCK_VOUCHER_10500,SEASHELLS,3.0,14
1115300,Camilla,Caesar,VOLCANIC_ROCK_VOUCHER_10500,SEASHELLS,3.0,10
1115300,Caesar,Caesar,VOLCANIC_ROCK_VOUCHER_10500,SEASHELLS,3.0,1
1115400,Camilla,Caesar,VOLCANIC_ROCK_VOUCHER_10500,SEASHELLS,3.0,11
1118600,Camilla,Caesar,VOLCANIC_ROCK_VOUCHER_10500,SEASHELLS,3.0,11
1119900,Camilla,Caesar,VOLCANIC_ROCK_VOUCHER_10500,SEASHELLS,3.0,10
1119900,Caesar,Caesar,VOLCANIC_ROCK_VOUCHER_10500,SEASHELLS,3.0,2
1121800,Camilla,Caesar,VOLCANIC_ROCK_VOUCHER_10500,SEASHELLS,3.0,16
1123800,Camilla,Caesar,VOLCANIC_ROCK_VOUCHER_10500,SEASHELLS,3.0,15
1124200,Camilla,Caesar,VOLCANIC_ROCK_VOUCHER_10500,SEASHELLS,3.0,19
1124400,Camilla,Caesar,VOLCANIC_ROCK_VOUCHER_10500,SEASHELLS,3.0,10
1124600,Camilla,Caesar,VOLCANIC_ROCK_VOUCHER_10500,SEASHELLS,3.0,11
1124800,Camilla,Pablo,VOLCANIC_ROCK_VOUCHER_10500,SEASHELLS,3.0,5
1124900,Camilla,Caesar,VOLCANIC_ROCK_VOUCHER_10500,SEASHELLS,3.0,11
1125000,Camilla,Caesar,VOLCANIC_ROCK_VOUCHER_10500,SEASHELLS,3.0,15
1126800,Camilla,Caesar,VOLCANIC_ROCK_VOUCHER_10500,SEASHELLS,3.0,20
1129200,Camilla,Caesar,VOLCANIC_ROCK_VOUCHER_10500,SEASHELLS,3.0,12
1130500,Camilla,Caesar,VOLCANIC_ROCK_VOUCHER_10500,SEASHELLS,3.0,11
1130500,Caesar,Caesar,VOLCANIC_ROCK_VOUCHER_10500,SEASHELLS,3.0,1
1132300,Camilla,Caesar,VOLCANIC_ROCK_VOUCHER_10500,SEASHELLS,3.0,14
1135700,Camilla,Caesar,VOLCANIC_ROCK_VOUCHER_10500,SEASHELLS,4.0,13
1138200,Camilla,Caesar,VOLCANIC_ROCK_VOUCHER_10500,SEASHELLS,3.0,16
1139200,Camilla,Caesar,VOLCANIC_ROCK_VOUCHER_10500,SEASHELLS,3.0,14
1139200,Caesar,Caesar,VOLCANIC_ROCK_VOUCHER_10500,SEASHELLS,3.0,2
1140800,Camilla,Pablo,VOLCANIC_ROCK_VOUCHER_10500,SEASHELLS,3.0,5
1142300,Camilla,Caesar,VOLCANIC_ROCK_VOUCHER_10500,SEASHELLS,3.0,10
1143200,Camilla,Caesar,VOLCANIC_ROCK_VOUCHER_10500,SEASHELLS,3.0,14
1143500,Camilla,Caesar,VOLCANIC_ROCK_VOUCHER_10500,SEASHELLS,3.0,12
1143500,Caesar,Caesar,VOLCANIC_ROCK_VOUCHER_10500,SEASHELLS,3.0,2
1143700,Camilla,Caesar,VOLCANIC_ROCK_VOUCHER_10500,SEASHELLS,3.0,18
1143700,Caesar,Caesar,VOLCANIC_ROCK_VOUCHER_10500,SEASHELLS,3.0,1
1143800,Camilla,Caesar,VOLCANIC_ROCK_VOUCHER_10500,SEASHELLS,3.0,12
1143800,Caesar,Caesar,VOLCANIC_ROCK_VOUCHER_10500,SEASHELLS,3.0,2
1148100,Camilla,Pablo,VOLCANIC_ROCK_VOUCHER_10500,SEASHELLS,3.0,9
1148600,Camilla,Pablo,VOLCANIC_ROCK_VOUCHER_10500,SEASHELLS,2.0,11
1149700,Camilla,Caesar,VOLCANIC_ROCK_VOUCHER_10500,SEASHELLS,2.0,10
1149700,Caesar,Caesar,VOLCANIC_ROCK_VOUCHER_10500,SEASHELLS,2.0,1
1150200,Camilla,Caesar,VOLCANIC_ROCK_VOUCHER_10500,SEASHELLS,2.0,10
1151100,Camilla,Pablo,VOLCANIC_ROCK_VOUCHER_10500,SEASHELLS,2.0,9
1152900,Camilla,Caesar,VOLCANIC_ROCK_VOUCHER_10500,SEASHELLS,2.0,16
1153800,Penelope,Camilla,VOLCANIC_ROCK_VOUCHER_10500,SEASHELLS,3.0,10
1158800,Penelope,Camilla,VOLCANIC_ROCK_VOUCHER_10500,SEASHELLS,3.0,10
1158800,Penelope,Caesar,VOLCANIC_ROCK_VOUCHER_10500,SEASHELLS,3.0,2
1160500,Camilla,Caesar,VOLCANIC_ROCK_VOUCHER_10500,SEASHELLS,2.0,16
1161600,Camilla,Pablo,VOLCANIC_ROCK_VOUCHER_10500,SEASHELLS,2.0,10
1161700,Camilla,Pablo,VOLCANIC_ROCK_VOUCHER_10500,SEASHELLS,2.0,12
1161900,Camilla,Pablo,VOLCANIC_ROCK_VOUCHER_10500,SEASHELLS,2.0,8
1163000,Camilla,Caesar,VOLCANIC_ROCK_VOUCHER_10500,SEASHELLS,2.0,14
1163200,Camilla,Pablo,VOLCANIC_ROCK_VOUCHER_10500,SEASHELLS,2.0,5
1163600,Camilla,Caesar,VOLCANIC_ROCK_VOUCHER_10500,SEASHELLS,2.0,11
1165100,Camilla,Pablo,VOLCANIC_ROCK_VOUCHER_10500,SEASHELLS,2.0,11
1165100,Caesar,Pablo,VOLCANIC_ROCK_VOUCHER_10500,SEASHELLS,2.0,1
1165100,Caesar,Pablo,VOLCANIC_ROCK_VOUCHER_10500,SEASHELLS,2.0,2
1165200,Camilla,Caesar,VOLCANIC_ROCK_VOUCHER_10500,SEASHELLS,2.0,11
1165200,Caesar,Caesar,VOLCANIC_ROCK_VOUCHER_10500,SEASHELLS,2.0,2
1165500,Camilla,Caesar,VOLCANIC_ROCK_VOUCHER_10500,SEASHELLS,2.0,13
1165500,Caesar,Caesar,VOLCANIC_ROCK_VOUCHER_10500,SEASHELLS,2.0,1
1165600,Camilla,Caesar,VOLCANIC_ROCK_VOUCHER_10500,SEASHELLS,2.0,10
1165600,Caesar,Caesar,VOLCANIC_ROCK_VOUCHER_10500,SEASHELLS,2.0,2
1166000,Camilla,Caesar,VOLCANIC_ROCK_VOUCHER_10500,SEASHELLS,2.0,15
1167100,Camilla,Caesar,VOLCANIC_ROCK_VOUCHER_10500,SEASHELLS,2.0,14
1168000,Camilla,Pablo,VOLCANIC_ROCK_VOUCHER_10500,SEASHELLS,3.0,11
1168200,Camilla,Caesar,VOLCANIC_ROCK_VOUCHER_10500,SEASHELLS,3.0,10
1170400,Camilla,Caesar,VOLCANIC_ROCK_VOUCHER_10500,SEASHELLS,3.0,10
1170400,Caesar,Caesar,VOLCANIC_ROCK_VOUCHER_10500,SEASHELLS,3.0,1
1170800,Camilla,Caesar,VOLCANIC_ROCK_VOUCHER_10500,SEASHELLS,3.0,16
1170800,Caesar,Caesar,VOLCANIC_ROCK_VOUCHER_10500,SEASHELLS,3.0,2
1171100,Camilla,Caesar,VOLCANIC_ROCK_VOUCHER_10500,SEASHELLS,3.0,17
1172500,Camilla,Pablo,VOLCANIC_ROCK_VOUCHER_10500,SEASHELLS,3.0,8
1173100,Camilla,Caesar,VOLCANIC_ROCK_VOUCHER_10500,SEASHELLS,3.0,19
1174600,Camilla,Caesar,VOLCANIC_ROCK_VOUCHER_10500,SEASHELLS,3.0,15
1174600,Caesar,Caesar,VOLCANIC_ROCK_VOUCHER_10500,SEASHELLS,3.0,1
1176900,Camilla,Caesar,VOLCANIC_ROCK_VOUCHER_10500,SEASHELLS,3.0,13
1176900,Caesar,Caesar,VOLCANIC_ROCK_VOUCHER_10500,SEASHELLS,3.0,1
1176900,Pablo,Caesar,VOLCANIC_ROCK_VOUCHER_10500,SEASHELLS,3.0,2
1177500,Camilla,Caesar,VOLCANIC_ROCK_VOUCHER_10500,SEASHELLS,3.0,14
1179500,Camilla,Caesar,VOLCANIC_ROCK_VOUCHER_10500,SEASHELLS,2.0,11
1180100,Camilla,Caesar,VOLCANIC_ROCK_VOUCHER_10500,SEASHELLS,2.0,14
1180600,Camilla,Caesar,VOLCANIC_ROCK_VOUCHER_10500,SEASHELLS,2.0,16
1180600,Caesar,Caesar,VOLCANIC_ROCK_VOUCHER_10500,SEASHELLS,2.0,1
1182500,Camilla,Pablo,VOLCANIC_ROCK_VOUCHER_10500,SEASHELLS,2.0,6
1184300,Camilla,Pablo,VOLCANIC_ROCK_VOUCHER_10500,SEASHELLS,2.0,10
1188500,Camilla,Caesar,VOLCANIC_ROCK_VOUCHER_10500,SEASHELLS,3.0,17
1188900,Camilla,Pablo,VOLCANIC_ROCK_VOUCHER_10500,SEASHELLS,3.0,10
1189000,Camilla,Pablo,VOLCANIC_ROCK_VOUCHER_10500,SEASHELLS,3.0,9
1193900,Camilla,Caesar,VOLCANIC_ROCK_VOUCHER_10500,SEASHELLS,4.0,11
1194000,Camilla,Caesar,VOLCANIC_ROCK_VOUCHER_10500,SEASHELLS,3.0,15
1195100,Camilla,Caesar,VOLCANIC_ROCK_VOUCHER_10500,SEASHELLS,4.0,15
1196300,Camilla,Caesar,VOLCANIC_ROCK_VOUCHER_10500,SEASHELLS,3.0,13
1197100,Camilla,Caesar,VOLCANIC_ROCK_VOUCHER_10500,SEASHELLS,3.0,13
1197300,Camilla,Caesar,VOLCANIC_ROCK_VOUCHER_10500,SEASHELLS,3.0,10
1197900,Camilla,Caesar,VOLCANIC_ROCK_VOUCHER_10500,SEASHELLS,3.0,17
1197900,Caesar,Caesar,VOLCANIC_ROCK_VOUCHER_10500,SEASHELLS,3.0,1
1200000,Camilla,Caesar,VOLCANIC_ROCK_VOUCHER_10500,SEASHELLS,3.0,18
1201500,Camilla,Caesar,VOLCANIC_ROCK_VOUCHER_10500,SEASHELLS,3.0,12
1202900,Camilla,Caesar,VOLCANIC_ROCK_VOUCHER_10500,SEASHELLS,3.0,10
1204800,Camilla,Pablo,VOLCANIC_ROCK_VOUCHER_10500,SEASHELLS,3.0,11
1204800,Caesar,Pablo,VOLCANIC_ROCK_VOUCHER_10500,SEASHELLS,3.0,1
1206800,Camilla,Caesar,VOLCANIC_ROCK_VOUCHER_10500,SEASHELLS,4.0,11
1206800,Caesar,Caesar,VOLCANIC_ROCK_VOUCHER_10500,SEASHELLS,4.0,1
1208400,Camilla,Caesar,VOLCANIC_ROCK_VOUCHER_10500,SEASHELLS,4.0,13
1208800,Camilla,Pablo,VOLCANIC_ROCK_VOUCHER_10500,SEASHELLS,4.0,7
1210400,Camilla,Pablo,VOLCANIC_ROCK_VOUCHER_10500,SEASHELLS,4.0,14
1214000,Camilla,Pablo,VOLCANIC_ROCK_VOUCHER_10500,SEASHELLS,4.0,12
1216400,Camilla,Pablo,VOLCANIC_ROCK_VOUCHER_10500,SEASHELLS,4.0,5
1216800,Camilla,Caesar,VOLCANIC_ROCK_VOUCHER_10500,SEASHELLS,4.0,10
1216800,Caesar,Caesar,VOLCANIC_ROCK_VOUCHER_10500,SEASHELLS,4.0,1
1221500,Camilla,Caesar,VOLCANIC_ROCK_VOUCHER_10500,SEASHELLS,5.0,13
1221500,Caesar,Caesar,VOLCANIC_ROCK_VOUCHER_10500,SEASHELLS,5.0,2
1222000,Camilla,Caesar,VOLCANIC_ROCK_VOUCHER_10500,SEASHELLS,4.0,10
1223900,Camilla,Pablo,VOLCANIC_ROCK_VOUCHER_10500,SEASHELLS,5.0,9
1224000,Camilla,Caesar,VOLCANIC_ROCK_VOUCHER_10500,SEASHELLS,5.0,13
1224200,Camilla,Caesar,VOLCANIC_ROCK_VOUCHER_10500,SEASHELLS,4.0,12
1224700,Camilla,Pablo,VOLCANIC_ROCK_VOUCHER_10500,SEASHELLS,5.0,10
1224700,Caesar,Pablo,VOLCANIC_ROCK_VOUCHER_10500,SEASHELLS,5.0,1
1224800,Camilla,Caesar,VOLCANIC_ROCK_VOUCHER_10500,SEASHELLS,4.0,10
1226100,Camilla,Caesar,VOLCANIC_ROCK_VOUCHER_10500,SEASHELLS,5.0,11
1228100,Camilla,Caesar,VOLCANIC_ROCK_VOUCHER_10500,SEASHELLS,5.0,12
1230300,Camilla,Caesar,VOLCANIC_ROCK_VOUCHER_10500,SEASHELLS,5.0,11
1230300,Caesar,Caesar,VOLCANIC_ROCK_VOUCHER_10500,SEASHELLS,5.0,2
1232000,Camilla,Caesar,VOLCANIC_ROCK_VOUCHER_10500,SEASHELLS,5.0,18
1232000,Camilla,Pablo,VOLCANIC_ROCK_VOUCHER_10500,SEASHELLS,5.0,2
1232000,Caesar,Pablo,VOLCANIC_ROCK_VOUCHER_10500,SEASHELLS,5.0,1
1233300,Camilla,Caesar,VOLCANIC_ROCK_VOUCHER_10500,SEASHELLS,5.0,12
1236400,Camilla,Caesar,VOLCANIC_ROCK_VOUCHER_10500,SEASHELLS,5.0,18
1236400,Caesar,Caesar,VOLCANIC_ROCK_VOUCHER_10500,SEASHELLS,5.0,1
1236400,Camilla,Pablo,VOLCANIC_ROCK_VOUCHER_10500,SEASHELLS,5.0,0
1236400,Caesar,Pablo,VOLCANIC_ROCK_VOUCHER_10500,SEASHELLS,5.0,1
1238600,Camilla,Caesar,VOLCANIC_ROCK_VOUCHER_10500,SEASHELLS,5.0,13
1239000,Camilla,Caesar,VOLCANIC_ROCK_VOUCHER_10500,SEASHELLS,5.0,15
1241600,Camilla,Caesar,VOLCANIC_ROCK_VOUCHER_10500,SEASHELLS,5.0,11
1242200,Camilla,Caesar,VOLCANIC_ROCK_VOUCHER_10500,SEASHELLS,5.0,13
1244600,Camilla,Caesar,VOLCANIC_ROCK_VOUCHER_10500,SEASHELLS,5.0,11
1244600,Caesar,Caesar,VOLCANIC_ROCK_VOUCHER_10500,SEASHELLS,5.0,1
1245500,Camilla,Caesar,VOLCANIC_ROCK_VOUCHER_10500,SEASHELLS,5.0,12
1248500,Camilla,Caesar,VOLCANIC_ROCK_VOUCHER_10500,SEASHELLS,5.0,10
1248500,Caesar,Caesar,VOLCANIC_ROCK_VOUCHER_10500,SEASHELLS,5.0,1
1248800,Camilla,Caesar,VOLCANIC_ROCK_VOUCHER_10500,SEASHELLS,5.0,12
1248800,Caesar,Caesar,VOLCANIC_ROCK_VOUCHER_10500,SEASHELLS,5.0,1
1249200,Camilla,Caesar,VOLCANIC_ROCK_VOUCHER_10500,SEASHELLS,5.0,12
1249400,Camilla,Caesar,VOLCANIC_ROCK_VOUCHER_10500,SEASHELLS,5.0,16
1257700,Camilla,Caesar,VOLCANIC_ROCK_VOUCHER_10500,SEASHELLS,4.0,15
1262200,Camilla,Caesar,VOLCANIC_ROCK_VOUCHER_10500,SEASHELLS,4.0,18
1263100,Camilla,Caesar,VOLCANIC_ROCK_VOUCHER_10500,SEASHELLS,4.0,11
1264300,Camilla,Caesar,VOLCANIC_ROCK_VOUCHER_10500,SEASHELLS,5.0,13
1268400,Camilla,Pablo,VOLCANIC_ROCK_VOUCHER_10500,SEASHELLS,4.0,10
1268900,Camilla,Pablo,VOLCANIC_ROCK_VOUCHER_10500,SEASHELLS,4.0,6
1269100,Camilla,Caesar,VOLCANIC_ROCK_VOUCHER_10500,SEASHELLS,4.0,10
1269100,Caesar,Caesar,VOLCANIC_ROCK_VOUCHER_10500,SEASHELLS,4.0,1
1271300,Camilla,Pablo,VOLCANIC_ROCK_VOUCHER_10500,SEASHELLS,4.0,13
1271400,Camilla,Caesar,VOLCANIC_ROCK_VOUCHER_10500,SEASHELLS,4.0,12
1272400,Camilla,Caesar,VOLCANIC_ROCK_VOUCHER_10500,SEASHELLS,4.0,16
1273000,Camilla,Caesar,VOLCANIC_ROCK_VOUCHER_10500,SEASHELLS,4.0,14
1273000,Caesar,Caesar,VOLCANIC_ROCK_VOUCHER_10500,SEASHELLS,4.0,1
1274500,Camilla,Caesar,VOLCANIC_ROCK_VOUCHER_10500,SEASHELLS,5.0,15
1275700,Camilla,Caesar,VOLCANIC_ROCK_VOUCHER_10500,SEASHELLS,5.0,11
1275700,Caesar,Caesar,VOLCANIC_ROCK_VOUCHER_10500,SEASHELLS,5.0,1
1277600,Camilla,Caesar,VOLCANIC_ROCK_VOUCHER_10500,SEASHELLS,4.0,17
1278600,Camilla,Caesar,VOLCANIC_ROCK_VOUCHER_10500,SEASHELLS,4.0,16
1278600,Caesar,Caesar,VOLCANIC_ROCK_VOUCHER_10500,SEASHELLS,4.0,1
1279500,Camilla,Caesar,VOLCANIC_ROCK_VOUCHER_10500,SEASHELLS,4.0,13
1279500,Caesar,Caesar,VOLCANIC_ROCK_VOUCHER_10500,SEASHELLS,4.0,2
1280600,Camilla,Caesar,VOLCANIC_ROCK_VOUCHER_10500,SEASHELLS,5.0,16
1280600,Caesar,Caesar,VOLCANIC_ROCK_VOUCHER_10500,SEASHELLS,5.0,1
1284200,Camilla,Caesar,VOLCANIC_ROCK_VOUCHER_10500,SEASHELLS,5.0,15
1287400,Camilla,Pablo,VOLCANIC_ROCK_VOUCHER_10500,SEASHELLS,4.0,6
1289600,Camilla,Pablo,VOLCANIC_ROCK_VOUCHER_10500,SEASHELLS,4.0,5
1296800,Camilla,Caesar,VOLCANIC_ROCK_VOUCHER_10500,SEASHELLS,4.0,10
1300000,Camilla,Caesar,VOLCANIC_ROCK_VOUCHER_10500,SEASHELLS,4.0,14
1302400,Camilla,Caesar,VOLCANIC_ROCK_VOUCHER_10500,SEASHELLS,4.0,13
1305800,Camilla,Caesar,VOLCANIC_ROCK_VOUCHER_10500,SEASHELLS,5.0,14
1309500,Camilla,Caesar,VOLCANIC_ROCK_VOUCHER_10500,SEASHELLS,5.0,10
1309500,Caesar,Caesar,VOLCANIC_ROCK_VOUCHER_10500,SEASHELLS,5.0,1
1309600,Camilla,Caesar,VOLCANIC_ROCK_VOUCHER_10500,SEASHELLS,5.0,14
1310000,Camilla,Caesar,VOLCANIC_ROCK_VOUCHER_10500,SEASHELLS,5.0,15
1311100,Camilla,Pablo,VOLCANIC_ROCK_VOUCHER_10500,SEASHELLS,5.0,7
1312600,Camilla,Caesar,VOLCANIC_ROCK_VOUCHER_10500,SEASHELLS,5.0,12
1312600,Caesar,Caesar,VOLCANIC_ROCK_VOUCHER_10500,SEASHELLS,5.0,1
1313100,Camilla,Caesar,VOLCANIC_ROCK_VOUCHER_10500,SEASHELLS,5.0,16
1314500,Camilla,Caesar,VOLCANIC_ROCK_VOUCHER_10500,SEASHELLS,4.0,17
1315900,Camilla,Caesar,VOLCANIC_ROCK_VOUCHER_10500,SEASHELLS,5.0,14
1315900,Caesar,Caesar,VOLCANIC_ROCK_VOUCHER_10500,SEASHELLS,5.0,1
1317800,Camilla,Pablo,VOLCANIC_ROCK_VOUCHER_10500,SEASHELLS,5.0,11
1317800,Caesar,Pablo,VOLCANIC_ROCK_VOUCHER_10500,SEASHELLS,5.0,2
1319100,Camilla,Pablo,VOLCANIC_ROCK_VOUCHER_10500,SEASHELLS,5.0,9
1321100,Camilla,Caesar,VOLCANIC_ROCK_VOUCHER_10500,SEASHELLS,5.0,13
1321800,Camilla,Caesar,VOLCANIC_ROCK_VOUCHER_10500,SEASHELLS,6.0,14
1321800,Caesar,Caesar,VOLCANIC_ROCK_VOUCHER_10500,SEASHELLS,6.0,1
1322000,Camilla,Caesar,VOLCANIC_ROCK_VOUCHER_10500,SEASHELLS,7.0,13
1325200,Camilla,Pablo,VOLCANIC_ROCK_VOUCHER_10500,SEASHELLS,6.0,13
1325400,Camilla,Pablo,VOLCANIC_ROCK_VOUCHER_10500,SEASHELLS,5.0,10
1325400,Caesar,Pablo,VOLCANIC_ROCK_VOUCHER_10500,SEASHELLS,5.0,1
1325700,Camilla,Caesar,VOLCANIC_ROCK_VOUCHER_10500,SEASHELLS,6.0,12
1329400,Camilla,Caesar,VOLCANIC_ROCK_VOUCHER_10500,SEASHELLS,6.0,10
1329400,Caesar,Caesar,VOLCANIC_ROCK_VOUCHER_10500,SEASHELLS,6.0,1
1330500,Camilla,Caesar,VOLCANIC_ROCK_VOUCHER_10500,SEASHELLS,6.0,13
1332300,Camilla,Caesar,VOLCANIC_ROCK_VOUCHER_10500,SEASHELLS,6.0,12
1333700,Camilla,Caesar,VOLCANIC_ROCK_VOUCHER_10500,SEASHELLS,6.0,15
1333700,Caesar,Caesar,VOLCANIC_ROCK_VOUCHER_10500,SEASHELLS,6.0,1
1334500,Camilla,Caesar,VOLCANIC_ROCK_VOUCHER_10500,SEASHELLS,5.0,20
1340000,Camilla,Caesar,VOLCANIC_ROCK_VOUCHER_10500,SEASHELLS,6.0,18
1342300,Camilla,Caesar,VOLCANIC_ROCK_VOUCHER_10500,SEASHELLS,6.0,12
1344100,Camilla,Caesar,VOLCANIC_ROCK_VOUCHER_10500,SEASHELLS,6.0,15
1344100,Caesar,Caesar,VOLCANIC_ROCK_VOUCHER_10500,SEASHELLS,6.0,2
1345700,Camilla,Pablo,VOLCANIC_ROCK_VOUCHER_10500,SEASHELLS,6.0,7
1350400,Camilla,Caesar,VOLCANIC_ROCK_VOUCHER_10500,SEASHELLS,6.0,15
1350700,Camilla,Caesar,VOLCANIC_ROCK_VOUCHER_10500,SEASHELLS,6.0,17
1350800,Camilla,Caesar,VOLCANIC_ROCK_VOUCHER_10500,SEASHELLS,6.0,13
1351400,Camilla,Caesar,VOLCANIC_ROCK_VOUCHER_10500,SEASHELLS,6.0,11
1351700,Camilla,Caesar,VOLCANIC_ROCK_VOUCHER_10500,SEASHELLS,6.0,12
1351700,Caesar,Caesar,VOLCANIC_ROCK_VOUCHER_10500,SEASHELLS,6.0,2
1352200,Camilla,Caesar,VOLCANIC_ROCK_VOUCHER_10500,SEASHELLS,6.0,15
1354500,Camilla,Pablo,VOLCANIC_ROCK_VOUCHER_10500,SEASHELLS,5.0,12
1354700,Camilla,Caesar,VOLCANIC_ROCK_VOUCHER_10500,SEASHELLS,5.0,10
1355000,Camilla,Caesar,VOLCANIC_ROCK_VOUCHER_10500,SEASHELLS,5.0,14
1356400,Camilla,Caesar,VOLCANIC_ROCK_VOUCHER_10500,SEASHELLS,5.0,12
1356600,Camilla,Pablo,VOLCANIC_ROCK_VOUCHER_10500,SEASHELLS,5.0,9
1357000,Camilla,Pablo,VOLCANIC_ROCK_VOUCHER_10500,SEASHELLS,5.0,11
1357000,Caesar,Pablo,VOLCANIC_ROCK_VOUCHER_10500,SEASHELLS,5.0,1
1358700,Camilla,Caesar,VOLCANIC_ROCK_VOUCHER_10500,SEASHELLS,5.0,10
1358700,Caesar,Caesar,VOLCANIC_ROCK_VOUCHER_10500,SEASHELLS,5.0,2
1360400,Camilla,Pablo,VOLCANIC_ROCK_VOUCHER_10500,SEASHELLS,4.0,11
1361300,Camilla,Caesar,VOLCANIC_ROCK_VOUCHER_10500,SEASHELLS,4.0,15
1361300,Caesar,Caesar,VOLCANIC_ROCK_VOUCHER_10500,SEASHELLS,4.0,1
1363700,Camilla,Caesar,VOLCANIC_ROCK_VOUCHER_10500,SEASHELLS,4.0,11
1363700,Caesar,Caesar,VOLCANIC_ROCK_VOUCHER_10500,SEASHELLS,4.0,2
1367000,Camilla,Pablo,VOLCANIC_ROCK_VOUCHER_10500,SEASHELLS,5.0,10
1368900,Camilla,Caesar,VOLCANIC_ROCK_VOUCHER_10500,SEASHELLS,5.0,12
1369400,Camilla,Pablo,VOLCANIC_ROCK_VOUCHER_10500,SEASHELLS,5.0,10
1371800,Camilla,Pablo,VOLCANIC_ROCK_VOUCHER_10500,SEASHELLS,4.0,9
1372800,Camilla,Caesar,VOLCANIC_ROCK_VOUCHER_10500,SEASHELLS,4.0,15
1373200,Camilla,Pablo,VOLCANIC_ROCK_VOUCHER_10500,SEASHELLS,4.0,12
1374200,Camilla,Caesar,VOLCANIC_ROCK_VOUCHER_10500,SEASHELLS,4.0,11
1374200,Caesar,Caesar,VOLCANIC_ROCK_VOUCHER_10500,SEASHELLS,4.0,2
1374200,Pablo,Caesar,VOLCANIC_ROCK_VOUCHER_10500,SEASHELLS,4.0,7
1376500,Camilla,Caesar,VOLCANIC_ROCK_VOUCHER_10500,SEASHELLS,4.0,14
1378000,Camilla,Caesar,VOLCANIC_ROCK_VOUCHER_10500,SEASHELLS,4.0,19
1381300,Camilla,Caesar,VOLCANIC_ROCK_VOUCHER_10500,SEASHELLS,5.0,16
1381300,Caesar,Caesar,VOLCANIC_ROCK_VOUCHER_10500,SEASHELLS,5.0,1
1382500,Camilla,Caesar,VOLCANIC_ROCK_VOUCHER_10500,SEASHELLS,5.0,16
1382500,Caesar,Caesar,VOLCANIC_ROCK_VOUCHER_10500,SEASHELLS,5.0,1
1384300,Camilla,Caesar,VOLCANIC_ROCK_VOUCHER_10500,SEASHELLS,5.0,16
1384400,Camilla,Pablo,VOLCANIC_ROCK_VOUCHER_10500,SEASHELLS,5.0,6
1387100,Camilla,Caesar,VOLCANIC_ROCK_VOUCHER_10500,SEASHELLS,5.0,15
1387100,Caesar,Caesar,VOLCANIC_ROCK_VOUCHER_10500,SEASHELLS,5.0,1
1388700,Camilla,Caesar,VOLCANIC_ROCK_VOUCHER_10500,SEASHELLS,5.0,15
1388700,Caesar,Caesar,VOLCANIC_ROCK_VOUCHER_10500,SEASHELLS,5.0,1
1389500,Camilla,Caesar,VOLCANIC_ROCK_VOUCHER_10500,SEASHELLS,5.0,12
1389500,Caesar,Caesar,VOLCANIC_ROCK_VOUCHER_10500,SEASHELLS,5.0,1
1393300,Camilla,Caesar,VOLCANIC_ROCK_VOUCHER_10500,SEASHELLS,5.0,10
1394600,Camilla,Caesar,VOLCANIC_ROCK_VOUCHER_10500,SEASHELLS,5.0,14
1395500,Camilla,Caesar,VOLCANIC_ROCK_VOUCHER_10500,SEASHELLS,5.0,15
1395500,Caesar,Caesar,VOLCANIC_ROCK_VOUCHER_10500,SEASHELLS,5.0,2
1397200,Camilla,Pablo,VOLCANIC_ROCK_VOUCHER_10500,SEASHELLS,5.0,7
1397500,Camilla,Caesar,VOLCANIC_ROCK_VOUCHER_10500,SEASHELLS,5.0,14
1397500,Caesar,Caesar,VOLCANIC_ROCK_VOUCHER_10500,SEASHELLS,5.0,1
1397800,Camilla,Caesar,VOLCANIC_ROCK_VOUCHER_10500,SEASHELLS,5.0,16
1397800,Caesar,Caesar,VOLCANIC_ROCK_VOUCHER_10500,SEASHELLS,5.0,1
1398100,Camilla,Caesar,VOLCANIC_ROCK_VOUCHER_10500,SEASHELLS,6.0,14
1398100,Caesar,Caesar,VOLCANIC_ROCK_VOUCHER_10500,SEASHELLS,6.0,1
1400800,Camilla,Pablo,VOLCANIC_ROCK_VOUCHER_10500,SEASHELLS,5.0,13
1402000,Camilla,Pablo,VOLCANIC_ROCK_VOUCHER_10500,SEASHELLS,5.0,8
1404900,Camilla,Caesar,VOLCANIC_ROCK_VOUCHER_10500,SEASHELLS,5.0,16
1404900,Caesar,Caesar,VOLCANIC_ROCK_VOUCHER_10500,SEASHELLS,5.0,1
1405400,Camilla,Caesar,VOLCANIC_ROCK_VOUCHER_10500,SEASHELLS,5.0,10
1406100,Camilla,Caesar,VOLCANIC_ROCK_VOUCHER_10500,SEASHELLS,5.0,11
1407900,Camilla,Caesar,VOLCANIC_ROCK_VOUCHER_10500,SEASHELLS,5.0,12
1408100,Camilla,Caesar,VOLCANIC_ROCK_VOUCHER_10500,SEASHELLS,5.0,10
1408100,Caesar,Caesar,VOLCANIC_ROCK_VOUCHER_10500,SEASHELLS,5.0,1
1409400,Camilla,Caesar,VOLCANIC_ROCK_VOUCHER_10500,SEASHELLS,6.0,15
1409400,Caesar,Caesar,VOLCANIC_ROCK_VOUCHER_10500,SEASHELLS,6.0,1
1410100,Camilla,Caesar,VOLCANIC_ROCK_VOUCHER_10500,SEASHELLS,5.0,11
1410100,Caesar,Caesar,VOLCANIC_ROCK_VOUCHER_10500,SEASHELLS,5.0,1
1412200,Camilla,Caesar,VOLCANIC_ROCK_VOUCHER_10500,SEASHELLS,5.0,15
1412200,Caesar,Caesar,VOLCANIC_ROCK_VOUCHER_10500,SEASHELLS,5.0,1
1413000,Camilla,Caesar,VOLCANIC_ROCK_VOUCHER_10500,SEASHELLS,5.0,18
1414300,Camilla,Pablo,VOLCANIC_ROCK_VOUCHER_10500,SEASHELLS,5.0,5
1419700,Camilla,Caesar,VOLCANIC_ROCK_VOUCHER_10500,SEASHELLS,5.0,15
1419800,Camilla,Caesar,VOLCANIC_ROCK_VOUCHER_10500,SEASHELLS,5.0,16
1421300,Camilla,Caesar,VOLCANIC_ROCK_VOUCHER_10500,SEASHELLS,4.0,17
1424400,Camilla,Caesar,VOLCANIC_ROCK_VOUCHER_10500,SEASHELLS,4.0,16
1425200,Camilla,Pablo,VOLCANIC_ROCK_VOUCHER_10500,SEASHELLS,4.0,10
1425900,Camilla,Caesar,VOLCANIC_ROCK_VOUCHER_10500,SEASHELLS,4.0,11
1430900,Camilla,Caesar,VOLCANIC_ROCK_VOUCHER_10500,SEASHELLS,3.0,13
1430900,Caesar,Caesar,VOLCANIC_ROCK_VOUCHER_10500,SEASHELLS,3.0,2
1432700,Camilla,Caesar,VOLCANIC_ROCK_VOUCHER_10500,SEASHELLS,3.0,12
1432700,Caesar,Caesar,VOLCANIC_ROCK_VOUCHER_10500,SEASHELLS,3.0,1
1433500,Camilla,Caesar,VOLCANIC_ROCK_VOUCHER_10500,SEASHELLS,3.0,13
1433500,Caesar,Caesar,VOLCANIC_ROCK_VOUCHER_10500,SEASHELLS,3.0,2
1434400,Camilla,Caesar,VOLCANIC_ROCK_VOUCHER_10500,SEASHELLS,3.0,13
1435600,Camilla,Caesar,VOLCANIC_ROCK_VOUCHER_10500,SEASHELLS,3.0,16
1435600,Caesar,Caesar,VOLCANIC_ROCK_VOUCHER_10500,SEASHELLS,3.0,1
1437200,Camilla,Pablo,VOLCANIC_ROCK_VOUCHER_10500,SEASHELLS,3.0,15
1439600,Camilla,Pablo,VOLCANIC_ROCK_VOUCHER_10500,SEASHELLS,3.0,7
1440600,Camilla,Caesar,VOLCANIC_ROCK_VOUCHER_10500,SEASHELLS,3.0,10
1441100,Camilla,Caesar,VOLCANIC_ROCK_VOUCHER_10500,SEASHELLS,3.0,16
1442100,Camilla,Caesar,VOLCANIC_ROCK_VOUCHER_10500,SEASHELLS,3.0,11
1442100,Caesar,Caesar,VOLCANIC_ROCK_VOUCHER_10500,SEASHELLS,3.0,1
1443500,Camilla,Pablo,VOLCANIC_ROCK_VOUCHER_10500,SEASHELLS,3.0,7
1444200,Camilla,Caesar,VOLCANIC_ROCK_VOUCHER_10500,SEASHELLS,3.0,14
1444200,Caesar,Caesar,VOLCANIC_ROCK_VOUCHER_10500,SEASHELLS,3.0,2
1445500,Camilla,Caesar,VOLCANIC_ROCK_VOUCHER_10500,SEASHELLS,3.0,11
1445500,Caesar,Caesar,VOLCANIC_ROCK_VOUCHER_10500,SEASHELLS,3.0,2
1446600,Camilla,Pablo,VOLCANIC_ROCK_VOUCHER_10500,SEASHELLS,3.0,11
1447700,Camilla,Caesar,VOLCANIC_ROCK_VOUCHER_10500,SEASHELLS,3.0,15
1448100,Camilla,Pablo,VOLCANIC_ROCK_VOUCHER_10500,SEASHELLS,3.0,9
1448500,Camilla,Pablo,VOLCANIC_ROCK_VOUCHER_10500,SEASHELLS,3.0,6
1455600,Camilla,Caesar,VOLCANIC_ROCK_VOUCHER_10500,SEASHELLS,3.0,15
1456000,Camilla,Caesar,VOLCANIC_ROCK_VOUCHER_10500,SEASHELLS,3.0,17
1456000,Caesar,Caesar,VOLCANIC_ROCK_VOUCHER_10500,SEASHELLS,3.0,1
1457700,Camilla,Pablo,VOLCANIC_ROCK_VOUCHER_10500,SEASHELLS,3.0,9
1458400,Camilla,Caesar,VOLCANIC_ROCK_VOUCHER_10500,SEASHELLS,3.0,16
1459300,Camilla,Caesar,VOLCANIC_ROCK_VOUCHER_10500,SEASHELLS,3.0,17
1459300,Caesar,Caesar,VOLCANIC_ROCK_VOUCHER_10500,SEASHELLS,3.0,1
1463900,Camilla,Caesar,VOLCANIC_ROCK_VOUCHER_10500,SEASHELLS,3.0,14
1463900,Caesar,Caesar,VOLCANIC_ROCK_VOUCHER_10500,SEASHELLS,3.0,1
1465200,Camilla,Pablo,VOLCANIC_ROCK_VOUCHER_10500,SEASHELLS,3.0,5
1466300,Camilla,Caesar,VOLCANIC_ROCK_VOUCHER_10500,SEASHELLS,3.0,12
1466300,Caesar,Caesar,VOLCANIC_ROCK_VOUCHER_10500,SEASHELLS,3.0,2
1467600,Camilla,Caesar,VOLCANIC_ROCK_VOUCHER_10500,SEASHELLS,2.0,13
1468300,Camilla,Caesar,VOLCANIC_ROCK_VOUCHER_10500,SEASHELLS,2.0,13
1468800,Camilla,Caesar,VOLCANIC_ROCK_VOUCHER_10500,SEASHELLS,2.0,14
1469000,Camilla,Caesar,VOLCANIC_ROCK_VOUCHER_10500,SEASHELLS,2.0,13
1471100,Camilla,Pablo,VOLCANIC_ROCK_VOUCHER_10500,SEASHELLS,3.0,5
1472200,Camilla,Caesar,VOLCANIC_ROCK_VOUCHER_10500,SEASHELLS,3.0,12
1472200,Caesar,Caesar,VOLCANIC_ROCK_VOUCHER_10500,SEASHELLS,3.0,1
1472700,Camilla,Caesar,VOLCANIC_ROCK_VOUCHER_10500,SEASHELLS,3.0,11
1472700,Caesar,Caesar,VOLCANIC_ROCK_VOUCHER_10500,SEASHELLS,3.0,1
1474800,Camilla,Caesar,VOLCANIC_ROCK_VOUCHER_10500,SEASHELLS,3.0,15
1474800,Caesar,Caesar,VOLCANIC_ROCK_VOUCHER_10500,SEASHELLS,3.0,2
1475400,Camilla,Pablo,VOLCANIC_ROCK_VOUCHER_10500,SEASHELLS,3.0,6
1479000,Camilla,Caesar,VOLCANIC_ROCK_VOUCHER_10500,SEASHELLS,2.0,12
1479900,Camilla,Caesar,VOLCANIC_ROCK_VOUCHER_10500,SEASHELLS,2.0,11
1480100,Camilla,Caesar,VOLCANIC_ROCK_VOUCHER_10500,SEASHELLS,3.0,12
1480400,Camilla,Pablo,VOLCANIC_ROCK_VOUCHER_10500,SEASHELLS,3.0,5
1481400,Camilla,Caesar,VOLCANIC_ROCK_VOUCHER_10500,SEASHELLS,3.0,13
1481700,Camilla,Caesar,VOLCANIC_ROCK_VOUCHER_10500,SEASHELLS,3.0,10
1481700,Caesar,Caesar,VOLCANIC_ROCK_VOUCHER_10500,SEASHELLS,3.0,1
1482600,Camilla,Caesar,VOLCANIC_ROCK_VOUCHER_10500,SEASHELLS,3.0,17
1482600,Caesar,Caesar,VOLCANIC_ROCK_VOUCHER_10500,SEASHELLS,3.0,2
1484500,Camilla,Caesar,VOLCANIC_ROCK_VOUCHER_10500,SEASHELLS,3.0,12
1484500,Caesar,Caesar,VOLCANIC_ROCK_VOUCHER_10500,SEASHELLS,3.0,1
1484800,Camilla,Caesar,VOLCANIC_ROCK_VOUCHER_10500,SEASHELLS,3.0,16
1485300,Camilla,Pablo,VOLCANIC_ROCK_VOUCHER_10500,SEASHELLS,3.0,15
1485500,Camilla,Caesar,VOLCANIC_ROCK_VOUCHER_10500,SEASHELLS,2.0,12
1492000,Camilla,Pablo,VOLCANIC_ROCK_VOUCHER_10500,SEASHELLS,3.0,9
1496600,Camilla,Caesar,VOLCANIC_ROCK_VOUCHER_10500,SEASHELLS,3.0,16
1497100,Camilla,Caesar,VOLCANIC_ROCK_VOUCHER_10500,SEASHELLS,3.0,11
1497100,Caesar,Caesar,VOLCANIC_ROCK_VOUCHER_10500,SEASHELLS,3.0,2
1499500,Camilla,Caesar,VOLCANIC_ROCK_VOUCHER_10500,SEASHELLS,3.0,18
1499500,Caesar,Caesar,VOLCANIC_ROCK_VOUCHER_10500,SEASHELLS,3.0,1
1501100,Camilla,Caesar,VOLCANIC_ROCK_VOUCHER_10500,SEASHELLS,3.0,16
1502800,Camilla,Caesar,VOLCANIC_ROCK_VOUCHER_10500,SEASHELLS,3.0,14
1502800,Caesar,Caesar,VOLCANIC_ROCK_VOUCHER_10500,SEASHELLS,3.0,1
1503100,Camilla,Caesar,VOLCANIC_ROCK_VOUCHER_10500,SEASHELLS,3.0,18
1504200,Camilla,Pablo,VOLCANIC_ROCK_VOUCHER_10500,SEASHELLS,3.0,14
1506400,Camilla,Caesar,VOLCANIC_ROCK_VOUCHER_10500,SEASHELLS,2.0,15
1506400,Caesar,Caesar,VOLCANIC_ROCK_VOUCHER_10500,SEASHELLS,2.0,1
1508600,Camilla,Caesar,VOLCANIC_ROCK_VOUCHER_10500,SEASHELLS,2.0,17
1508800,Camilla,Caesar,VOLCANIC_ROCK_VOUCHER_10500,SEASHELLS,2.0,17
1510400,Camilla,Caesar,VOLCANIC_ROCK_VOUCHER_10500,SEASHELLS,2.0,15
1513000,Camilla,Caesar,VOLCANIC_ROCK_VOUCHER_10500,SEASHELLS,2.0,10
1515400,Camilla,Caesar,VOLCANIC_ROCK_VOUCHER_10500,SEASHELLS,2.0,11
1515400,Caesar,Caesar,VOLCANIC_ROCK_VOUCHER_10500,SEASHELLS,2.0,1
1517800,Camilla,Pablo,VOLCANIC_ROCK_VOUCHER_10500,SEASHELLS,2.0,6
1518300,Penelope,Camilla,VOLCANIC_ROCK_VOUCHER_10500,SEASHELLS,3.0,12
1518300,Penelope,Caesar,VOLCANIC_ROCK_VOUCHER_10500,SEASHELLS,3.0,1
1519400,Camilla,Pablo,VOLCANIC_ROCK_VOUCHER_10500,SEASHELLS,2.0,5
1519800,Camilla,Caesar,VOLCANIC_ROCK_VOUCHER_10500,SEASHELLS,3.0,11
1523400,Camilla,Pablo,VOLCANIC_ROCK_VOUCHER_10500,SEASHELLS,3.0,13
1526000,Camilla,Pablo,VOLCANIC_ROCK_VOUCHER_10500,SEASHELLS,3.0,9
1526600,Camilla,Pablo,VOLCANIC_ROCK_VOUCHER_10500,SEASHELLS,3.0,8
1526800,Camilla,Caesar,VOLCANIC_ROCK_VOUCHER_10500,SEASHELLS,3.0,17
1527900,Camilla,Caesar,VOLCANIC_ROCK_VOUCHER_10500,SEASHELLS,3.0,10
1529500,Camilla,Caesar,VOLCANIC_ROCK_VOUCHER_10500,SEASHELLS,3.0,12
1530400,Camilla,Caesar,VOLCANIC_ROCK_VOUCHER_10500,SEASHELLS,3.0,12
1531600,Camilla,Caesar,VOLCANIC_ROCK_VOUCHER_10500,SEASHELLS,3.0,12
1531600,Caesar,Caesar,VOLCANIC_ROCK_VOUCHER_10500,SEASHELLS,3.0,1
1533000,Camilla,Caesar,VOLCANIC_ROCK_VOUCHER_10500,SEASHELLS,3.0,16
1534900,Camilla,Caesar,VOLCANIC_ROCK_VOUCHER_10500,SEASHELLS,3.0,14
1535200,Camilla,Caesar,VOLCANIC_ROCK_VOUCHER_10500,SEASHELLS,3.0,18
1535200,Caesar,Caesar,VOLCANIC_ROCK_VOUCHER_10500,SEASHELLS,3.0,1
1535300,Camilla,Caesar,VOLCANIC_ROCK_VOUCHER_10500,SEASHELLS,3.0,12
1537600,Camilla,Caesar,VOLCANIC_ROCK_VOUCHER_10500,SEASHELLS,3.0,13
1538200,Camilla,Caesar,VOLCANIC_ROCK_VOUCHER_10500,SEASHELLS,3.0,13
1538500,Camilla,Caesar,VOLCANIC_ROCK_VOUCHER_10500,SEASHELLS,3.0,14
1538500,Caesar,Caesar,VOLCANIC_ROCK_VOUCHER_10500,SEASHELLS,3.0,2
1538800,Camilla,Caesar,VOLCANIC_ROCK_VOUCHER_10500,SEASHELLS,4.0,10
1543300,Camilla,Caesar,VOLCANIC_ROCK_VOUCHER_10500,SEASHELLS,3.0,20
1543500,Camilla,Caesar,VOLCANIC_ROCK_VOUCHER_10500,SEASHELLS,3.0,17
1545000,Camilla,Pablo,VOLCANIC_ROCK_VOUCHER_10500,SEASHELLS,3.0,10
1546100,Camilla,Caesar,VOLCANIC_ROCK_VOUCHER_10500,SEASHELLS,3.0,19
1547200,Camilla,Caesar,VOLCANIC_ROCK_VOUCHER_10500,SEASHELLS,3.0,16
1547200,Caesar,Caesar,VOLCANIC_ROCK_VOUCHER_10500,SEASHELLS,3.0,1
1547900,Camilla,Caesar,VOLCANIC_ROCK_VOUCHER_10500,SEASHELLS,3.0,14
1547900,Caesar,Caesar,VOLCANIC_ROCK_VOUCHER_10500,SEASHELLS,3.0,2
1548400,Camilla,Caesar,VOLCANIC_ROCK_VOUCHER_10500,SEASHELLS,3.0,13
1549200,Camilla,Caesar,VOLCANIC_ROCK_VOUCHER_10500,SEASHELLS,3.0,14
1549400,Camilla,Caesar,VOLCANIC_ROCK_VOUCHER_10500,SEASHELLS,3.0,11
1549400,Caesar,Caesar,VOLCANIC_ROCK_VOUCHER_10500,SEASHELLS,3.0,1
1555300,Camilla,Caesar,VOLCANIC_ROCK_VOUCHER_10500,SEASHELLS,2.0,10
1559900,Camilla,Caesar,VOLCANIC_ROCK_VOUCHER_10500,SEASHELLS,2.0,12
1560500,Camilla,Caesar,VOLCANIC_ROCK_VOUCHER_10500,SEASHELLS,2.0,13
1560500,Caesar,Caesar,VOLCANIC_ROCK_VOUCHER_10500,SEASHELLS,2.0,1
1560800,Camilla,Caesar,VOLCANIC_ROCK_VOUCHER_10500,SEASHELLS,1.0,16
1560800,Caesar,Caesar,VOLCANIC_ROCK_VOUCHER_10500,SEASHELLS,1.0,1
1563000,Camilla,Caesar,VOLCANIC_ROCK_VOUCHER_10500,SEASHELLS,2.0,16
1563000,Caesar,Caesar,VOLCANIC_ROCK_VOUCHER_10500,SEASHELLS,2.0,1
1564900,Camilla,Pablo,VOLCANIC_ROCK_VOUCHER_10500,SEASHELLS,2.0,13
1565500,Camilla,Caesar,VOLCANIC_ROCK_VOUCHER_10500,SEASHELLS,2.0,11
1565500,Caesar,Caesar,VOLCANIC_ROCK_VOUCHER_10500,SEASHELLS,2.0,2
1568800,Camilla,Caesar,VOLCANIC_ROCK_VOUCHER_10500,SEASHELLS,2.0,14
1569700,Camilla,Caesar,VOLCANIC_ROCK_VOUCHER_10500,SEASHELLS,2.0,16
1569700,Caesar,Caesar,VOLCANIC_ROCK_VOUCHER_10500,SEASHELLS,2.0,2
1571000,Camilla,Caesar,VOLCANIC_ROCK_VOUCHER_10500,SEASHELLS,2.0,12
1571100,Camilla,Pablo,VOLCANIC_ROCK_VOUCHER_10500,SEASHELLS,2.0,7
1572000,Camilla,Pablo,VOLCANIC_ROCK_VOUCHER_10500,SEASHELLS,2.0,11
1574700,Camilla,Caesar,VOLCANIC_ROCK_VOUCHER_10500,SEASHELLS,2.0,11
1575500,Camilla,Caesar,VOLCANIC_ROCK_VOUCHER_10500,SEASHELLS,2.0,11
1575500,Caesar,Caesar,VOLCANIC_ROCK_VOUCHER_10500,SEASHELLS,2.0,2
1575600,Camilla,Caesar,VOLCANIC_ROCK_VOUCHER_10500,SEASHELLS,2.0,10
1577900,Camilla,Caesar,VOLCANIC_ROCK_VOUCHER_10500,SEASHELLS,2.0,10
1580300,Camilla,Caesar,VOLCANIC_ROCK_VOUCHER_10500,SEASHELLS,2.0,19
1580300,Caesar,Caesar,VOLCANIC_ROCK_VOUCHER_10500,SEASHELLS,2.0,1
1581600,Camilla,Caesar,VOLCANIC_ROCK_VOUCHER_10500,SEASHELLS,2.0,12
1583400,Camilla,Caesar,VOLCANIC_ROCK_VOUCHER_10500,SEASHELLS,2.0,10
1583400,Caesar,Caesar,VOLCANIC_ROCK_VOUCHER_10500,SEASHELLS,2.0,1
1584900,Camilla,Caesar,VOLCANIC_ROCK_VOUCHER_10500,SEASHELLS,2.0,18
1587100,Camilla,Caesar,VOLCANIC_ROCK_VOUCHER_10500,SEASHELLS,1.0,12
1587200,Camilla,Caesar,VOLCANIC_ROCK_VOUCHER_10500,SEASHELLS,1.0,11
1589500,Camilla,Caesar,VOLCANIC_ROCK_VOUCHER_10500,SEASHELLS,1.0,16
1592600,Camilla,Pablo,VOLCANIC_ROCK_VOUCHER_10500,SEASHELLS,1.0,12
1595100,Camilla,Caesar,VOLCANIC_ROCK_VOUCHER_10500,SEASHELLS,1.0,17
1595100,Caesar,Caesar,VOLCANIC_ROCK_VOUCHER_10500,SEASHELLS,1.0,1
1596600,Camilla,Pablo,VOLCANIC_ROCK_VOUCHER_10500,SEASHELLS,1.0,11
1596700,Camilla,Caesar,VOLCANIC_ROCK_VOUCHER_10500,SEASHELLS,1.0,14
1597400,Camilla,Caesar,VOLCANIC_ROCK_VOUCHER_10500,SEASHELLS,1.0,10
1597400,Caesar,Caesar,VOLCANIC_ROCK_VOUCHER_10500,SEASHELLS,1.0,1
1600400,Camilla,Pablo,VOLCANIC_ROCK_VOUCHER_10500,SEASHELLS,1.0,11
1602700,Camilla,Caesar,VOLCANIC_ROCK_VOUCHER_10500,SEASHELLS,1.0,11
1606300,Camilla,Caesar,VOLCANIC_ROCK_VOUCHER_10500,SEASHELLS,1.0,16
1606300,Caesar,Caesar,VOLCANIC_ROCK_VOUCHER_10500,SEASHELLS,1.0,1
1607400,Camilla,Pablo,VOLCANIC_ROCK_VOUCHER_10500,SEASHELLS,1.0,7
1608000,Camilla,Caesar,VOLCANIC_ROCK_VOUCHER_10500,SEASHELLS,1.0,11
1609600,Camilla,Caesar,VOLCANIC_ROCK_VOUCHER_10500,SEASHELLS,1.0,10
1610300,Camilla,Caesar,VOLCANIC_ROCK_VOUCHER_10500,SEASHELLS,1.0,13
1610800,Camilla,Caesar,VOLCANIC_ROCK_VOUCHER_10500,SEASHELLS,1.0,16
1610800,Caesar,Caesar,VOLCANIC_ROCK_VOUCHER_10500,SEASHELLS,1.0,1
1611700,Camilla,Pablo,VOLCANIC_ROCK_VOUCHER_10500,SEASHELLS,1.0,11
1612900,Camilla,Caesar,VOLCANIC_ROCK_VOUCHER_10500,SEASHELLS,1.0,12
1614200,Camilla,Caesar,VOLCANIC_ROCK_VOUCHER_10500,SEASHELLS,1.0,17
1614600,Camilla,Caesar,VOLCANIC_ROCK_VOUCHER_10500,SEASHELLS,1.0,10
1614600,Caesar,Caesar,VOLCANIC_ROCK_VOUCHER_10500,SEASHELLS,1.0,1
1614900,Camilla,Pablo,VOLCANIC_ROCK_VOUCHER_10500,SEASHELLS,1.0,13
1615300,Camilla,Caesar,VOLCANIC_ROCK_VOUCHER_10500,SEASHELLS,1.0,19
1615300,Caesar,Caesar,VOLCANIC_ROCK_VOUCHER_10500,SEASHELLS,1.0,1
1617900,Camilla,Caesar,VOLCANIC_ROCK_VOUCHER_10500,SEASHELLS,1.0,18
1618000,Camilla,Caesar,VOLCANIC_ROCK_VOUCHER_10500,SEASHELLS,1.0,10
1618000,Caesar,Caesar,VOLCANIC_ROCK_VOUCHER_10500,SEASHELLS,1.0,2
1618700,Camilla,Pablo,VOLCANIC_ROCK_VOUCHER_10500,SEASHELLS,1.0,5
1620900,Camilla,Caesar,VOLCANIC_ROCK_VOUCHER_10500,SEASHELLS,1.0,14
1622500,Camilla,Caesar,VOLCANIC_ROCK_VOUCHER_10500,SEASHELLS,1.0,11
1623200,Camilla,Pablo,VOLCANIC_ROCK_VOUCHER_10500,SEASHELLS,1.0,10
1623800,Camilla,Caesar,VOLCANIC_ROCK_VOUCHER_10500,SEASHELLS,1.0,13
1624900,Camilla,Caesar,VOLCANIC_ROCK_VOUCHER_10500,SEASHELLS,1.0,19
1624900,Caesar,Caesar,VOLCANIC_ROCK_VOUCHER_10500,SEASHELLS,1.0,1
1626000,Camilla,Caesar,VOLCANIC_ROCK_VOUCHER_10500,SEASHELLS,1.0,16
1626200,Camilla,Caesar,VOLCANIC_ROCK_VOUCHER_10500,SEASHELLS,1.0,14
1626200,Caesar,Caesar,VOLCANIC_ROCK_VOUCHER_10500,SEASHELLS,1.0,1
1628400,Camilla,Caesar,VOLCANIC_ROCK_VOUCHER_10500,SEASHELLS,1.0,13
1629600,Camilla,Caesar,VOLCANIC_ROCK_VOUCHER_10500,SEASHELLS,1.0,15
1630300,Camilla,Caesar,VOLCANIC_ROCK_VOUCHER_10500,SEASHELLS,1.0,19
1631300,Camilla,Caesar,VOLCANIC_ROCK_VOUCHER_10500,SEASHELLS,1.0,12
1635100,Camilla,Caesar,VOLCANIC_ROCK_VOUCHER_10500,SEASHELLS,1.0,10
1637500,Camilla,Caesar,VOLCANIC_ROCK_VOUCHER_10500,SEASHELLS,1.0,11
1637500,Caesar,Caesar,VOLCANIC_ROCK_VOUCHER_10500,SEASHELLS,1.0,1
1638300,Camilla,Caesar,VOLCANIC_ROCK_VOUCHER_10500,SEASHELLS,1.0,10
1638300,Caesar,Caesar,VOLCANIC_ROCK_VOUCHER_10500,SEASHELLS,1.0,2
1641000,Camilla,Caesar,VOLCANIC_ROCK_VOUCHER_10500,SEASHELLS,1.0,11
1642200,Camilla,Caesar,VOLCANIC_ROCK_VOUCHER_10500,SEASHELLS,1.0,12
1642200,Caesar,Caesar,VOLCANIC_ROCK_VOUCHER_10500,SEASHELLS,1.0,1
1643500,Camilla,Pablo,VOLCANIC_ROCK_VOUCHER_10500,SEASHELLS,1.0,10
1643700,Camilla,Caesar,VOLCANIC_ROCK_VOUCHER_10500,SEASHELLS,1.0,15
1644500,Camilla,Caesar,VOLCANIC_ROCK_VOUCHER_10500,SEASHELLS,1.0,12
1645000,Camilla,Caesar,VOLCANIC_ROCK_VOUCHER_10500,SEASHELLS,1.0,17
1645800,Camilla,Caesar,VOLCANIC_ROCK_VOUCHER_10500,SEASHELLS,1.0,11
1650100,Camilla,Caesar,VOLCANIC_ROCK_VOUCHER_10500,SEASHELLS,1.0,13
1651500,Camilla,Caesar,VOLCANIC_ROCK_VOUCHER_10500,SEASHELLS,1.0,16
1651500,Caesar,Caesar,VOLCANIC_ROCK_VOUCHER_10500,SEASHELLS,1.0,1
1651600,Camilla,Caesar,VOLCANIC_ROCK_VOUCHER_10500,SEASHELLS,1.0,16
1651600,Caesar,Caesar,VOLCANIC_ROCK_VOUCHER_10500,SEASHELLS,1.0,1
1662300,Camilla,Caesar,VOLCANIC_ROCK_VOUCHER_10500,SEASHELLS,1.0,13
1662300,Caesar,Caesar,VOLCANIC_ROCK_VOUCHER_10500,SEASHELLS,1.0,2
1662600,Camilla,Caesar,VOLCANIC_ROCK_VOUCHER_10500,SEASHELLS,1.0,11
1663300,Camilla,Caesar,VOLCANIC_ROCK_VOUCHER_10500,SEASHELLS,1.0,10
1676600,Camilla,Pablo,VOLCANIC_ROCK_VOUCHER_10500,SEASHELLS,0.0,12
1677900,Camilla,Caesar,VOLCANIC_ROCK_VOUCHER_10500,SEASHELLS,1.0,17
1677900,Caesar,Caesar,VOLCANIC_ROCK_VOUCHER_10500,SEASHELLS,1.0,1
1678700,Camilla,Caesar,VOLCANIC_ROCK_VOUCHER_10500,SEASHELLS,1.0,12
1678700,Caesar,Caesar,VOLCANIC_ROCK_VOUCHER_10500,SEASHELLS,1.0,1
1690000,Camilla,Pablo,VOLCANIC_ROCK_VOUCHER_10500,SEASHELLS,0.0,15
1705500,Caesar,Penelope,VOLCANIC_ROCK_VOUCHER_10500,SEASHELLS,1.0,16
1705700,Camilla,Pablo,VOLCANIC_ROCK_VOUCHER_10500,SEASHELLS,0.0,14
1706800,Penelope,Caesar,VOLCANIC_ROCK_VOUCHER_10500,SEASHELLS,1.0,17
1709200,Camilla,Pablo,VOLCANIC_ROCK_VOUCHER_10500,SEASHELLS,0.0,13
1720400,Camilla,Pablo,VOLCANIC_ROCK_VOUCHER_10500,SEASHELLS,0.0,13
1721600,Camilla,Pablo,VOLCANIC_ROCK_VOUCHER_10500,SEASHELLS,0.0,11
1721600,Caesar,Pablo,VOLCANIC_ROCK_VOUCHER_10500,SEASHELLS,0.0,1
1723200,Camilla,Pablo,VOLCANIC_ROCK_VOUCHER_10500,SEASHELLS,0.0,15
1724700,Camilla,Pablo,VOLCANIC_ROCK_VOUCHER_10500,SEASHELLS,0.0,11
1724700,Caesar,Pablo,VOLCANIC_ROCK_VOUCHER_10500,SEASHELLS,0.0,2
1725100,Caesar,Penelope,VOLCANIC_ROCK_VOUCHER_10500,SEASHELLS,1.0,20
1726900,Caesar,Pablo,VOLCANIC_ROCK_VOUCHER_10500,SEASHELLS,1.0,5
1730700,Camilla,Pablo,VOLCANIC_ROCK_VOUCHER_10500,SEASHELLS,0.0,5
1733800,Camilla,Pablo,VOLCANIC_ROCK_VOUCHER_10500,SEASHELLS,0.0,13
1733800,Caesar,Pablo,VOLCANIC_ROCK_VOUCHER_10500,SEASHELLS,0.0,2
1740700,Caesar,Penelope,VOLCANIC_ROCK_VOUCHER_10500,SEASHELLS,1.0,13
1744100,Camilla,Pablo,VOLCANIC_ROCK_VOUCHER_10500,SEASHELLS,0.0,15
1750600,Penelope,Caesar,VOLCANIC_ROCK_VOUCHER_10500,SEASHELLS,1.0,17
1765800,Camilla,Pablo,VOLCANIC_ROCK_VOUCHER_10500,SEASHELLS,0.0,11
1769600,Camilla,Pablo,VOLCANIC_ROCK_VOUCHER_10500,SEASHELLS,0.0,10
1776000,Camilla,Pablo,VOLCANIC_ROCK_VOUCHER_10500,SEASHELLS,0.0,9
1790300,Camilla,Pablo,VOLCANIC_ROCK_VOUCHER_10500,SEASHELLS,0.0,10
1798300,Camilla,Pablo,VOLCANIC_ROCK_VOUCHER_10500,SEASHELLS,0.0,8
1804600,Camilla,Pablo,VOLCANIC_ROCK_VOUCHER_10500,SEASHELLS,0.0,7
1805000,Camilla,Pablo,VOLCANIC_ROCK_VOUCHER_10500,SEASHELLS,0.0,6
1808500,Caesar,Penelope,VOLCANIC_ROCK_VOUCHER_10500,SEASHELLS,1.0,13
1814300,Camilla,Pablo,VOLCANIC_ROCK_VOUCHER_10500,SEASHELLS,0.0,11
1814300,Caesar,Pablo,VOLCANIC_ROCK_VOUCHER_10500,SEASHELLS,0.0,1
1820400,Camilla,Pablo,VOLCANIC_ROCK_VOUCHER_10500,SEASHELLS,0.0,10
1838500,Camilla,Pablo,VOLCANIC_ROCK_VOUCHER_10500,SEASHELLS,0.0,6
1853400,Caesar,Penelope,VOLCANIC_ROCK_VOUCHER_10500,SEASHELLS,1.0,17
1856000,Penelope,Caesar,VOLCANIC_ROCK_VOUCHER_10500,SEASHELLS,1.0,10
1859100,Camilla,Pablo,VOLCANIC_ROCK_VOUCHER_10500,SEASHELLS,0.0,8
1897900,Camilla,Pablo,VOLCANIC_ROCK_VOUCHER_10500,SEASHELLS,0.0,15
1916900,Pablo,Caesar,VOLCANIC_ROCK_VOUCHER_10500,SEASHELLS,1.0,10
1919700,Camilla,Pablo,VOLCANIC_ROCK_VOUCHER_10500,SEASHELLS,0.0,13
1929400,Camilla,Pablo,VOLCANIC_ROCK_VOUCHER_10500,SEASHELLS,0.0,8
1933900,Camilla,Pablo,VOLCANIC_ROCK_VOUCHER_10500,SEASHELLS,0.0,14
