day,timestamp,product,bid_price_1,bid_volume_1,bid_price_2,bid_volume_2,bid_price_3,bid_volume_3,ask_price_1,ask_volume_1,ask_price_2,ask_volume_2,ask_price_3,ask_volume_3,mid_price,profit_and_loss
2,0,VOLCANIC_ROCK_VOUCHER_10000,233.0,11.0,,,,,234.0,11.0,,,,,233.5,0.0
2,100,VOLCANIC_ROCK_VOUCHER_10000,234.0,19.0,,,,,235.0,19.0,,,,,234.5,0.0
2,200,VOLCANIC_ROCK_VOUCHER_10000,235.0,15.0,,,,,236.0,15.0,,,,,235.5,0.0
2,300,VOLCANIC_ROCK_VOUCHER_10000,235.0,16.0,,,,,236.0,16.0,,,,,235.5,0.0
2,400,VOLCANIC_ROCK_VOUCHER_10000,234.0,16.0,,,,,235.0,16.0,,,,,234.5,0.0
2,500,VOLCANIC_ROCK_VOUCHER_10000,229.0,14.0,,,,,230.0,14.0,,,,,229.5,0.0
2,600,VOLCANIC_ROCK_VOUCHER_10000,229.0,12.0,228.0,14.0,,,230.0,14.0,,,,,229.5,0.0
2,700,VOLCANIC_ROCK_VOUCHER_10000,232.0,12.0,,,,,233.0,12.0,,,,,232.5,0.0
2,800,VOLCANIC_ROCK_VOUCHER_10000,235.0,11.0,,,,,236.0,11.0,,,,,235.5,0.0
2,900,VOLCANIC_ROCK_VOUCHER_10000,231.0,14.0,,,,,232.0,14.0,,,,,231.5,0.0
2,1000,VOLCANIC_ROCK_VOUCHER_10000,230.0,20.0,,,,,231.0,20.0,,,,,230.5,0.0
2,1100,VOLCANIC_ROCK_VOUCHER_10000,231.0,21.0,,,,,232.0,21.0,,,,,231.5,0.0
2,1200,VOLCANIC_ROCK_VOUCHER_10000,230.0,13.0,,,,,231.0,13.0,,,,,230.5,0.0
2,1300,VOLCANIC_ROCK_VOUCHER_10000,230.0,10.0,,,,,231.0,10.0,,,,,230.5,0.0
2,1400,VOLCANIC_ROCK_VOUCHER_10000,230.0,18.0,,,,,231.0,18.0,,,,,230.5,0.0
2,1500,VOLCANIC_ROCK_VOUCHER_10000,231.0,18.0,,,,,232.0,18.0,,,,,231.5,0.0
2,1600,VOLCANIC_ROCK_VOUCHER_10000,233.0,13.0,,,,,234.0,13.0,,,,,233.5,0.0
2,1700,VOLCANIC_ROCK_VOUCHER_10000,234.0,29.0,,,,,235.0,18.0,,,,,234.5,0.0
2,1800,VOLCANIC_ROCK_VOUCHER_10000,230.0,17.0,,,,,231.0,17.0,,,,,230.5,0.0
2,1900,VOLCANIC_ROCK_VOUCHER_10000,237.0,13.0,,,,,238.0,13.0,,,,,237.5,0.0
2,2000,VOLCANIC_ROCK_VOUCHER_10000,237.0,11.0,,,,,238.0,11.0,,,,,237.5,0.0
2,2100,VOLCANIC_ROCK_VOUCHER_10000,239.0,16.0,,,,,240.0,16.0,,,,,239.5,0.0
2,2200,VOLCANIC_ROCK_VOUCHER_10000,234.0,14.0,,,,,235.0,14.0,,,,,234.5,0.0
2,2300,VOLCANIC_ROCK_VOUCHER_10000,236.0,31.0,,,,,237.0,19.0,,,,,236.5,0.0
2,2400,VOLCANIC_ROCK_VOUCHER_10000,232.0,17.0,,,,,233.0,17.0,,,,,232.5,0.0
2,2500,VOLCANIC_ROCK_VOUCHER_10000,237.0,11.0,,,,,238.0,11.0,,,,,237.5,0.0
2,2600,VOLCANIC_ROCK_VOUCHER_10000,237.0,11.0,,,,,238.0,11.0,,,,,237.5,0.0
2,2700,VOLCANIC_ROCK_VOUCHER_10000,232.0,13.0,,,,,233.0,13.0,,,,,232.5,0.0
2,2800,VOLCANIC_ROCK_VOUCHER_10000,234.0,12.0,,,,,235.0,12.0,,,,,234.5,0.0
2,2900,VOLCANIC_ROCK_VOUCHER_10000,235.0,17.0,,,,,236.0,17.0,,,,,235.5,0.0
2,3000,VOLCANIC_ROCK_VOUCHER_10000,240.0,12.0,,,,,241.0,12.0,,,,,240.5,0.0
2,3100,VOLCANIC_ROCK_VOUCHER_10000,240.0,18.0,,,,,241.0,18.0,,,,,240.5,0.0
2,3200,VOLCANIC_ROCK_VOUCHER_10000,234.0,13.0,,,,,235.0,13.0,,,,,234.5,0.0
2,3300,VOLCANIC_ROCK_VOUCHER_10000,236.0,14.0,,,,,237.0,14.0,,,,,236.5,0.0
2,3400,VOLCANIC_ROCK_VOUCHER_10000,234.0,20.0,,,,,235.0,20.0,,,,,234.5,0.0
2,3500,VOLCANIC_ROCK_VOUCHER_10000,,,,,,,234.0,4.0,235.0,16.0,,,234.0,0.0
2,3600,VOLCANIC_ROCK_VOUCHER_10000,233.0,15.0,,,,,235.0,15.0,,,,,234.0,0.0
2,3700,VOLCANIC_ROCK_VOUCHER_10000,236.0,17.0,,,,,237.0,17.0,,,,,236.5,0.0
2,3800,VOLCANIC_ROCK_VOUCHER_10000,232.0,12.0,,,,,233.0,1.0,234.0,11.0,,,232.5,0.0
2,3900,VOLCANIC_ROCK_VOUCHER_10000,233.0,13.0,,,,,234.0,13.0,,,,,233.5,0.0
2,4000,VOLCANIC_ROCK_VOUCHER_10000,231.0,33.0,,,,,232.0,18.0,,,,,231.5,0.0
2,4100,VOLCANIC_ROCK_VOUCHER_10000,232.0,19.0,,,,,233.0,12.0,,,,,232.5,0.0
2,4200,VOLCANIC_ROCK_VOUCHER_10000,227.0,15.0,,,,,228.0,22.0,,,,,227.5,0.0
2,4300,VOLCANIC_ROCK_VOUCHER_10000,226.0,19.0,,,,,227.0,19.0,,,,,226.5,0.0
2,4400,VOLCANIC_ROCK_VOUCHER_10000,230.0,16.0,,,,,231.0,16.0,,,,,230.5,0.0
2,4500,VOLCANIC_ROCK_VOUCHER_10000,231.0,11.0,,,,,232.0,11.0,,,,,231.5,0.0
2,4600,VOLCANIC_ROCK_VOUCHER_10000,228.0,13.0,,,,,229.0,13.0,,,,,228.5,0.0
2,4700,VOLCANIC_ROCK_VOUCHER_10000,228.0,19.0,,,,,229.0,19.0,,,,,228.5,0.0
2,4800,VOLCANIC_ROCK_VOUCHER_10000,231.0,18.0,,,,,232.0,18.0,,,,,231.5,0.0
2,4900,VOLCANIC_ROCK_VOUCHER_10000,229.0,17.0,,,,,230.0,17.0,,,,,229.5,0.0
2,5000,VOLCANIC_ROCK_VOUCHER_10000,227.0,18.0,,,,,228.0,18.0,,,,,227.5,0.0
2,5100,VOLCANIC_ROCK_VOUCHER_10000,230.0,14.0,,,,,231.0,14.0,,,,,230.5,0.0
2,5200,VOLCANIC_ROCK_VOUCHER_10000,230.0,14.0,,,,,231.0,14.0,,,,,230.5,0.0
2,5300,VOLCANIC_ROCK_VOUCHER_10000,233.0,12.0,,,,,234.0,12.0,,,,,233.5,0.0
2,5400,VOLCANIC_ROCK_VOUCHER_10000,237.0,15.0,,,,,238.0,15.0,,,,,237.5,0.0
2,5500,VOLCANIC_ROCK_VOUCHER_10000,238.0,19.0,,,,,239.0,19.0,,,,,238.5,0.0
2,5600,VOLCANIC_ROCK_VOUCHER_10000,234.0,17.0,,,,,235.0,17.0,,,,,234.5,0.0
2,5700,VOLCANIC_ROCK_VOUCHER_10000,234.0,20.0,,,,,235.0,20.0,,,,,234.5,0.0
2,5800,VOLCANIC_ROCK_VOUCHER_10000,236.0,17.0,,,,,237.0,17.0,,,,,236.5,0.0
2,5900,VOLCANIC_ROCK_VOUCHER_10000,234.0,16.0,,,,,235.0,16.0,,,,,234.5,0.0
2,6000,VOLCANIC_ROCK_VOUCHER_10000,240.0,20.0,,,,,241.0,20.0,,,,,240.5,0.0
2,6100,VOLCANIC_ROCK_VOUCHER_10000,236.0,14.0,,,,,237.0,14.0,,,,,236.5,0.0
2,6200,VOLCANIC_ROCK_VOUCHER_10000,239.0,30.0,,,,,240.0,15.0,,,,,239.5,0.0
2,6300,VOLCANIC_ROCK_VOUCHER_10000,242.0,15.0,,,,,243.0,15.0,,,,,242.5,0.0
2,6400,VOLCANIC_ROCK_VOUCHER_10000,238.0,20.0,,,,,239.0,20.0,,,,,238.5,0.0
2,6500,VOLCANIC_ROCK_VOUCHER_10000,242.0,15.0,,,,,243.0,15.0,,,,,242.5,0.0
2,6600,VOLCANIC_ROCK_VOUCHER_10000,238.0,13.0,,,,,239.0,13.0,,,,,238.5,0.0
2,6700,VOLCANIC_ROCK_VOUCHER_10000,241.0,14.0,,,,,242.0,14.0,,,,,241.5,0.0
2,6800,VOLCANIC_ROCK_VOUCHER_10000,242.0,16.0,,,,,243.0,16.0,,,,,242.5,0.0
2,6900,VOLCANIC_ROCK_VOUCHER_10000,238.0,16.0,,,,,239.0,16.0,,,,,238.5,0.0
2,7000,VOLCANIC_ROCK_VOUCHER_10000,240.0,1.0,239.0,16.0,,,241.0,17.0,,,,,240.5,0.0
2,7100,VOLCANIC_ROCK_VOUCHER_10000,240.0,27.0,,,,,241.0,20.0,,,,,240.5,0.0
2,7200,VOLCANIC_ROCK_VOUCHER_10000,239.0,21.0,,,,,240.0,10.0,,,,,239.5,0.0
2,7300,VOLCANIC_ROCK_VOUCHER_10000,240.0,16.0,,,,,241.0,16.0,,,,,240.5,0.0
2,7400,VOLCANIC_ROCK_VOUCHER_10000,241.0,12.0,,,,,243.0,12.0,,,,,242.0,0.0
2,7500,VOLCANIC_ROCK_VOUCHER_10000,239.0,11.0,,,,,240.0,11.0,,,,,239.5,0.0
2,7600,VOLCANIC_ROCK_VOUCHER_10000,238.0,2.0,,,,,239.0,15.0,,,,,238.5,0.0
2,7700,VOLCANIC_ROCK_VOUCHER_10000,241.0,12.0,,,,,242.0,12.0,,,,,241.5,0.0
2,7800,VOLCANIC_ROCK_VOUCHER_10000,240.0,11.0,,,,,241.0,11.0,,,,,240.5,0.0
2,7900,VOLCANIC_ROCK_VOUCHER_10000,244.0,13.0,,,,,245.0,13.0,,,,,244.5,0.0
2,8000,VOLCANIC_ROCK_VOUCHER_10000,244.0,17.0,,,,,245.0,17.0,,,,,244.5,0.0
2,8100,VOLCANIC_ROCK_VOUCHER_10000,242.0,12.0,,,,,243.0,12.0,,,,,242.5,0.0
2,8200,VOLCANIC_ROCK_VOUCHER_10000,244.0,14.0,,,,,245.0,14.0,,,,,244.5,0.0
2,8300,VOLCANIC_ROCK_VOUCHER_10000,245.0,21.0,,,,,246.0,15.0,,,,,245.5,0.0
2,8400,VOLCANIC_ROCK_VOUCHER_10000,243.0,15.0,,,,,244.0,15.0,,,,,243.5,0.0
2,8500,VOLCANIC_ROCK_VOUCHER_10000,243.0,11.0,,,,,244.0,11.0,,,,,243.5,0.0
2,8600,VOLCANIC_ROCK_VOUCHER_10000,241.0,15.0,,,,,242.0,15.0,,,,,241.5,0.0
2,8700,VOLCANIC_ROCK_VOUCHER_10000,239.0,14.0,,,,,240.0,14.0,,,,,239.5,0.0
2,8800,VOLCANIC_ROCK_VOUCHER_10000,242.0,16.0,,,,,243.0,16.0,,,,,242.5,0.0
2,8900,VOLCANIC_ROCK_VOUCHER_10000,240.0,14.0,,,,,241.0,14.0,,,,,240.5,0.0
2,9000,VOLCANIC_ROCK_VOUCHER_10000,240.0,20.0,,,,,241.0,20.0,,,,,240.5,0.0
2,9100,VOLCANIC_ROCK_VOUCHER_10000,243.0,14.0,,,,,244.0,14.0,,,,,243.5,0.0
2,9200,VOLCANIC_ROCK_VOUCHER_10000,241.0,17.0,,,,,243.0,17.0,,,,,242.0,0.0
2,9300,VOLCANIC_ROCK_VOUCHER_10000,237.0,14.0,,,,,238.0,14.0,,,,,237.5,0.0
2,9400,VOLCANIC_ROCK_VOUCHER_10000,,,,,,,234.0,4.0,235.0,10.0,,,234.0,0.0
2,9500,VOLCANIC_ROCK_VOUCHER_10000,237.0,14.0,,,,,238.0,14.0,,,,,237.5,0.0
2,9600,VOLCANIC_ROCK_VOUCHER_10000,236.0,12.0,,,,,237.0,12.0,,,,,236.5,0.0
2,9700,VOLCANIC_ROCK_VOUCHER_10000,238.0,20.0,,,,,239.0,20.0,,,,,238.5,0.0
2,9800,VOLCANIC_ROCK_VOUCHER_10000,237.0,11.0,,,,,238.0,11.0,,,,,237.5,0.0
2,9900,VOLCANIC_ROCK_VOUCHER_10000,236.0,22.0,,,,,237.0,22.0,,,,,236.5,0.0
2,10000,VOLCANIC_ROCK_VOUCHER_10000,236.0,14.0,,,,,237.0,14.0,,,,,236.5,0.0
2,10100,VOLCANIC_ROCK_VOUCHER_10000,234.0,12.0,,,,,235.0,12.0,,,,,234.5,0.0
2,10200,VOLCANIC_ROCK_VOUCHER_10000,235.0,22.0,,,,,236.0,22.0,,,,,235.5,0.0
2,10300,VOLCANIC_ROCK_VOUCHER_10000,230.0,18.0,,,,,231.0,18.0,,,,,230.5,0.0
2,10400,VOLCANIC_ROCK_VOUCHER_10000,233.0,18.0,,,,,234.0,18.0,,,,,233.5,0.0
2,10500,VOLCANIC_ROCK_VOUCHER_10000,228.0,20.0,,,,,229.0,20.0,,,,,228.5,0.0
2,10600,VOLCANIC_ROCK_VOUCHER_10000,229.0,20.0,,,,,230.0,20.0,,,,,229.5,0.0
2,10700,VOLCANIC_ROCK_VOUCHER_10000,229.0,13.0,,,,,230.0,13.0,,,,,229.5,0.0
2,10800,VOLCANIC_ROCK_VOUCHER_10000,230.0,20.0,,,,,231.0,20.0,,,,,230.5,0.0
2,10900,VOLCANIC_ROCK_VOUCHER_10000,230.0,14.0,,,,,231.0,14.0,,,,,230.5,0.0
2,11000,VOLCANIC_ROCK_VOUCHER_10000,228.0,11.0,,,,,229.0,11.0,,,,,228.5,0.0
2,11100,VOLCANIC_ROCK_VOUCHER_10000,228.0,16.0,,,,,229.0,16.0,,,,,228.5,0.0
2,11200,VOLCANIC_ROCK_VOUCHER_10000,230.0,21.0,,,,,231.0,21.0,,,,,230.5,0.0
2,11300,VOLCANIC_ROCK_VOUCHER_10000,227.0,13.0,,,,,228.0,13.0,,,,,227.5,0.0
2,11400,VOLCANIC_ROCK_VOUCHER_10000,226.0,12.0,,,,,227.0,12.0,,,,,226.5,0.0
2,11500,VOLCANIC_ROCK_VOUCHER_10000,227.0,33.0,,,,,228.0,16.0,,,,,227.5,0.0
2,11600,VOLCANIC_ROCK_VOUCHER_10000,223.0,18.0,,,,,224.0,18.0,,,,,223.5,0.0
2,11700,VOLCANIC_ROCK_VOUCHER_10000,224.0,1.0,223.0,15.0,,,225.0,16.0,,,,,224.5,0.0
2,11800,VOLCANIC_ROCK_VOUCHER_10000,224.0,13.0,,,,,225.0,13.0,,,,,224.5,0.0
2,11900,VOLCANIC_ROCK_VOUCHER_10000,226.0,13.0,,,,,227.0,13.0,,,,,226.5,0.0
2,12000,VOLCANIC_ROCK_VOUCHER_10000,224.0,13.0,,,,,225.0,13.0,,,,,224.5,0.0
2,12100,VOLCANIC_ROCK_VOUCHER_10000,220.0,11.0,,,,,221.0,11.0,,,,,220.5,0.0
2,12200,VOLCANIC_ROCK_VOUCHER_10000,221.0,13.0,,,,,222.0,13.0,,,,,221.5,0.0
2,12300,VOLCANIC_ROCK_VOUCHER_10000,217.0,12.0,,,,,218.0,12.0,,,,,217.5,0.0
2,12400,VOLCANIC_ROCK_VOUCHER_10000,215.0,21.0,,,,,216.0,21.0,,,,,215.5,0.0
2,12500,VOLCANIC_ROCK_VOUCHER_10000,215.0,2.0,,,,,216.0,20.0,,,,,215.5,0.0
2,12600,VOLCANIC_ROCK_VOUCHER_10000,216.0,12.0,,,,,217.0,12.0,,,,,216.5,0.0
2,12700,VOLCANIC_ROCK_VOUCHER_10000,215.0,15.0,,,,,216.0,15.0,,,,,215.5,0.0
2,12800,VOLCANIC_ROCK_VOUCHER_10000,219.0,20.0,,,,,220.0,20.0,,,,,219.5,0.0
2,12900,VOLCANIC_ROCK_VOUCHER_10000,218.0,20.0,,,,,219.0,20.0,,,,,218.5,0.0
2,13000,VOLCANIC_ROCK_VOUCHER_10000,218.0,26.0,,,,,219.0,19.0,,,,,218.5,0.0
2,13100,VOLCANIC_ROCK_VOUCHER_10000,221.0,15.0,,,,,222.0,15.0,,,,,221.5,0.0
2,13200,VOLCANIC_ROCK_VOUCHER_10000,217.0,18.0,,,,,218.0,18.0,,,,,217.5,0.0
2,13300,VOLCANIC_ROCK_VOUCHER_10000,217.0,21.0,,,,,218.0,21.0,,,,,217.5,0.0
2,13400,VOLCANIC_ROCK_VOUCHER_10000,217.0,20.0,,,,,218.0,20.0,,,,,217.5,0.0
2,13500,VOLCANIC_ROCK_VOUCHER_10000,214.0,21.0,,,,,215.0,21.0,,,,,214.5,0.0
2,13600,VOLCANIC_ROCK_VOUCHER_10000,217.0,13.0,,,,,218.0,13.0,,,,,217.5,0.0
2,13700,VOLCANIC_ROCK_VOUCHER_10000,216.0,21.0,,,,,217.0,21.0,,,,,216.5,0.0
2,13800,VOLCANIC_ROCK_VOUCHER_10000,215.0,15.0,,,,,216.0,15.0,,,,,215.5,0.0
2,13900,VOLCANIC_ROCK_VOUCHER_10000,219.0,21.0,,,,,220.0,21.0,,,,,219.5,0.0
2,14000,VOLCANIC_ROCK_VOUCHER_10000,214.0,16.0,,,,,216.0,16.0,,,,,215.0,0.0
2,14100,VOLCANIC_ROCK_VOUCHER_10000,210.0,14.0,,,,,211.0,14.0,,,,,210.5,0.0
2,14200,VOLCANIC_ROCK_VOUCHER_10000,213.0,16.0,,,,,215.0,16.0,,,,,214.0,0.0
2,14300,VOLCANIC_ROCK_VOUCHER_10000,210.0,14.0,,,,,211.0,14.0,,,,,210.5,0.0
2,14400,VOLCANIC_ROCK_VOUCHER_10000,206.0,19.0,,,,,207.0,19.0,,,,,206.5,0.0
2,14500,VOLCANIC_ROCK_VOUCHER_10000,208.0,15.0,,,,,209.0,15.0,,,,,208.5,0.0
2,14600,VOLCANIC_ROCK_VOUCHER_10000,207.0,13.0,,,,,208.0,13.0,,,,,207.5,0.0
2,14700,VOLCANIC_ROCK_VOUCHER_10000,210.0,13.0,,,,,211.0,13.0,,,,,210.5,0.0
2,14800,VOLCANIC_ROCK_VOUCHER_10000,214.0,16.0,,,,,215.0,16.0,,,,,214.5,0.0
2,14900,VOLCANIC_ROCK_VOUCHER_10000,211.0,21.0,,,,,212.0,21.0,,,,,211.5,0.0
2,15000,VOLCANIC_ROCK_VOUCHER_10000,,,,,,,212.0,2.0,213.0,17.0,,,212.0,0.0
2,15100,VOLCANIC_ROCK_VOUCHER_10000,213.0,16.0,,,,,214.0,16.0,,,,,213.5,0.0
2,15200,VOLCANIC_ROCK_VOUCHER_10000,215.0,14.0,,,,,216.0,14.0,,,,,215.5,0.0
2,15300,VOLCANIC_ROCK_VOUCHER_10000,211.0,19.0,,,,,212.0,19.0,,,,,211.5,0.0
2,15400,VOLCANIC_ROCK_VOUCHER_10000,210.0,20.0,,,,,211.0,20.0,,,,,210.5,0.0
2,15500,VOLCANIC_ROCK_VOUCHER_10000,209.0,17.0,,,,,210.0,17.0,,,,,209.5,0.0
2,15600,VOLCANIC_ROCK_VOUCHER_10000,209.0,20.0,,,,,210.0,20.0,,,,,209.5,0.0
2,15700,VOLCANIC_ROCK_VOUCHER_10000,206.0,11.0,,,,,207.0,11.0,,,,,206.5,0.0
2,15800,VOLCANIC_ROCK_VOUCHER_10000,209.0,20.0,,,,,210.0,20.0,,,,,209.5,0.0
2,15900,VOLCANIC_ROCK_VOUCHER_10000,209.0,13.0,,,,,210.0,13.0,,,,,209.5,0.0
2,16000,VOLCANIC_ROCK_VOUCHER_10000,211.0,16.0,,,,,212.0,16.0,,,,,211.5,0.0
2,16100,VOLCANIC_ROCK_VOUCHER_10000,209.0,13.0,,,,,210.0,13.0,,,,,209.5,0.0
2,16200,VOLCANIC_ROCK_VOUCHER_10000,208.0,12.0,,,,,209.0,12.0,,,,,208.5,0.0
2,16300,VOLCANIC_ROCK_VOUCHER_10000,210.0,21.0,,,,,211.0,21.0,,,,,210.5,0.0
2,16400,VOLCANIC_ROCK_VOUCHER_10000,211.0,20.0,,,,,212.0,20.0,,,,,211.5,0.0
2,16500,VOLCANIC_ROCK_VOUCHER_10000,210.0,16.0,,,,,211.0,16.0,,,,,210.5,0.0
2,16600,VOLCANIC_ROCK_VOUCHER_10000,208.0,12.0,,,,,209.0,12.0,,,,,208.5,0.0
2,16700,VOLCANIC_ROCK_VOUCHER_10000,206.0,15.0,,,,,207.0,15.0,,,,,206.5,0.0
2,16800,VOLCANIC_ROCK_VOUCHER_10000,210.0,13.0,,,,,211.0,13.0,,,,,210.5,0.0
2,16900,VOLCANIC_ROCK_VOUCHER_10000,213.0,19.0,,,,,214.0,19.0,,,,,213.5,0.0
2,17000,VOLCANIC_ROCK_VOUCHER_10000,213.0,14.0,,,,,214.0,14.0,,,,,213.5,0.0
2,17100,VOLCANIC_ROCK_VOUCHER_10000,210.0,21.0,,,,,211.0,21.0,,,,,210.5,0.0
2,17200,VOLCANIC_ROCK_VOUCHER_10000,211.0,21.0,,,,,212.0,21.0,,,,,211.5,0.0
2,17300,VOLCANIC_ROCK_VOUCHER_10000,215.0,4.0,,,,,216.0,13.0,,,,,215.5,0.0
2,17400,VOLCANIC_ROCK_VOUCHER_10000,210.0,11.0,,,,,211.0,11.0,,,,,210.5,0.0
2,17500,VOLCANIC_ROCK_VOUCHER_10000,216.0,16.0,,,,,217.0,16.0,,,,,216.5,0.0
2,17600,VOLCANIC_ROCK_VOUCHER_10000,218.0,16.0,,,,,219.0,16.0,,,,,218.5,0.0
2,17700,VOLCANIC_ROCK_VOUCHER_10000,215.0,16.0,,,,,216.0,16.0,,,,,215.5,0.0
2,17800,VOLCANIC_ROCK_VOUCHER_10000,217.0,13.0,,,,,218.0,13.0,,,,,217.5,0.0
2,17900,VOLCANIC_ROCK_VOUCHER_10000,216.0,4.0,,,,,217.0,18.0,,,,,216.5,0.0
2,18000,VOLCANIC_ROCK_VOUCHER_10000,215.0,12.0,,,,,216.0,12.0,,,,,215.5,0.0
2,18100,VOLCANIC_ROCK_VOUCHER_10000,217.0,21.0,,,,,218.0,21.0,,,,,217.5,0.0
2,18200,VOLCANIC_ROCK_VOUCHER_10000,220.0,15.0,,,,,221.0,15.0,,,,,220.5,0.0
2,18300,VOLCANIC_ROCK_VOUCHER_10000,217.0,22.0,,,,,218.0,22.0,,,,,217.5,0.0
2,18400,VOLCANIC_ROCK_VOUCHER_10000,213.0,19.0,,,,,214.0,19.0,,,,,213.5,0.0
2,18500,VOLCANIC_ROCK_VOUCHER_10000,215.0,15.0,,,,,216.0,15.0,,,,,215.5,0.0
2,18600,VOLCANIC_ROCK_VOUCHER_10000,213.0,20.0,,,,,214.0,20.0,,,,,213.5,0.0
2,18700,VOLCANIC_ROCK_VOUCHER_10000,215.0,11.0,,,,,216.0,11.0,,,,,215.5,0.0
2,18800,VOLCANIC_ROCK_VOUCHER_10000,220.0,37.0,,,,,221.0,17.0,,,,,220.5,0.0
2,18900,VOLCANIC_ROCK_VOUCHER_10000,216.0,19.0,,,,,217.0,19.0,,,,,216.5,0.0
2,19000,VOLCANIC_ROCK_VOUCHER_10000,216.0,19.0,,,,,217.0,19.0,,,,,216.5,0.0
2,19100,VOLCANIC_ROCK_VOUCHER_10000,214.0,18.0,,,,,215.0,18.0,,,,,214.5,0.0
2,19200,VOLCANIC_ROCK_VOUCHER_10000,219.0,17.0,,,,,220.0,17.0,,,,,219.5,0.0
2,19300,VOLCANIC_ROCK_VOUCHER_10000,215.0,2.0,214.0,20.0,,,216.0,22.0,,,,,215.5,0.0
2,19400,VOLCANIC_ROCK_VOUCHER_10000,219.0,3.0,,,,,220.0,20.0,,,,,219.5,0.0
2,19500,VOLCANIC_ROCK_VOUCHER_10000,218.0,15.0,,,,,219.0,15.0,,,,,218.5,0.0
2,19600,VOLCANIC_ROCK_VOUCHER_10000,222.0,19.0,,,,,223.0,19.0,,,,,222.5,0.0
2,19700,VOLCANIC_ROCK_VOUCHER_10000,219.0,19.0,,,,,220.0,19.0,,,,,219.5,0.0
2,19800,VOLCANIC_ROCK_VOUCHER_10000,221.0,16.0,,,,,222.0,16.0,,,,,221.5,0.0
2,19900,VOLCANIC_ROCK_VOUCHER_10000,221.0,20.0,,,,,222.0,20.0,,,,,221.5,0.0
2,20000,VOLCANIC_ROCK_VOUCHER_10000,218.0,18.0,,,,,219.0,18.0,,,,,218.5,0.0
2,20100,VOLCANIC_ROCK_VOUCHER_10000,220.0,13.0,,,,,221.0,13.0,,,,,220.5,0.0
2,20200,VOLCANIC_ROCK_VOUCHER_10000,217.0,10.0,,,,,218.0,10.0,,,,,217.5,0.0
2,20300,VOLCANIC_ROCK_VOUCHER_10000,218.0,19.0,,,,,219.0,19.0,,,,,218.5,0.0
2,20400,VOLCANIC_ROCK_VOUCHER_10000,215.0,19.0,,,,,216.0,19.0,,,,,215.5,0.0
2,20500,VOLCANIC_ROCK_VOUCHER_10000,217.0,20.0,,,,,218.0,20.0,,,,,217.5,0.0
2,20600,VOLCANIC_ROCK_VOUCHER_10000,218.0,18.0,,,,,219.0,18.0,,,,,218.5,0.0
2,20700,VOLCANIC_ROCK_VOUCHER_10000,218.0,14.0,,,,,219.0,14.0,,,,,218.5,0.0
2,20800,VOLCANIC_ROCK_VOUCHER_10000,217.0,19.0,,,,,218.0,19.0,,,,,217.5,0.0
2,20900,VOLCANIC_ROCK_VOUCHER_10000,217.0,20.0,,,,,218.0,20.0,,,,,217.5,0.0
2,21000,VOLCANIC_ROCK_VOUCHER_10000,217.0,3.0,,,,,218.0,2.0,219.0,13.0,,,217.5,0.0
2,21100,VOLCANIC_ROCK_VOUCHER_10000,219.0,21.0,,,,,220.0,21.0,,,,,219.5,0.0
2,21200,VOLCANIC_ROCK_VOUCHER_10000,222.0,19.0,,,,,223.0,19.0,,,,,222.5,0.0
2,21300,VOLCANIC_ROCK_VOUCHER_10000,221.0,3.0,,,,,222.0,17.0,,,,,221.5,0.0
2,21400,VOLCANIC_ROCK_VOUCHER_10000,218.0,22.0,,,,,219.0,22.0,,,,,218.5,0.0
2,21500,VOLCANIC_ROCK_VOUCHER_10000,222.0,20.0,,,,,223.0,20.0,,,,,222.5,0.0
2,21600,VOLCANIC_ROCK_VOUCHER_10000,222.0,15.0,,,,,223.0,15.0,,,,,222.5,0.0
2,21700,VOLCANIC_ROCK_VOUCHER_10000,222.0,18.0,,,,,223.0,18.0,,,,,222.5,0.0
2,21800,VOLCANIC_ROCK_VOUCHER_10000,222.0,18.0,,,,,223.0,18.0,,,,,222.5,0.0
2,21900,VOLCANIC_ROCK_VOUCHER_10000,220.0,18.0,,,,,221.0,18.0,,,,,220.5,0.0
2,22000,VOLCANIC_ROCK_VOUCHER_10000,229.0,15.0,,,,,230.0,15.0,,,,,229.5,0.0
2,22100,VOLCANIC_ROCK_VOUCHER_10000,226.0,15.0,,,,,227.0,15.0,,,,,226.5,0.0
2,22200,VOLCANIC_ROCK_VOUCHER_10000,225.0,28.0,,,,,226.0,12.0,,,,,225.5,0.0
2,22300,VOLCANIC_ROCK_VOUCHER_10000,226.0,10.0,,,,,227.0,10.0,,,,,226.5,0.0
2,22400,VOLCANIC_ROCK_VOUCHER_10000,223.0,13.0,,,,,224.0,13.0,,,,,223.5,0.0
2,22500,VOLCANIC_ROCK_VOUCHER_10000,229.0,13.0,228.0,12.0,,,230.0,12.0,,,,,229.5,0.0
2,22600,VOLCANIC_ROCK_VOUCHER_10000,226.0,15.0,,,,,227.0,15.0,,,,,226.5,0.0
2,22700,VOLCANIC_ROCK_VOUCHER_10000,225.0,15.0,,,,,226.0,15.0,,,,,225.5,0.0
2,22800,VOLCANIC_ROCK_VOUCHER_10000,222.0,1.0,,,,,223.0,19.0,,,,,222.5,0.0
2,22900,VOLCANIC_ROCK_VOUCHER_10000,226.0,16.0,,,,,227.0,16.0,,,,,226.5,0.0
2,23000,VOLCANIC_ROCK_VOUCHER_10000,226.0,17.0,,,,,227.0,17.0,,,,,226.5,0.0
2,23100,VOLCANIC_ROCK_VOUCHER_10000,224.0,18.0,,,,,225.0,18.0,,,,,224.5,0.0
2,23200,VOLCANIC_ROCK_VOUCHER_10000,223.0,22.0,,,,,224.0,22.0,,,,,223.5,0.0
2,23300,VOLCANIC_ROCK_VOUCHER_10000,225.0,16.0,,,,,226.0,16.0,,,,,225.5,0.0
2,23400,VOLCANIC_ROCK_VOUCHER_10000,225.0,15.0,,,,,226.0,15.0,,,,,225.5,0.0
2,23500,VOLCANIC_ROCK_VOUCHER_10000,221.0,15.0,,,,,222.0,15.0,,,,,221.5,0.0
2,23600,VOLCANIC_ROCK_VOUCHER_10000,222.0,20.0,,,,,223.0,20.0,,,,,222.5,0.0
2,23700,VOLCANIC_ROCK_VOUCHER_10000,223.0,14.0,,,,,224.0,14.0,,,,,223.5,0.0
2,23800,VOLCANIC_ROCK_VOUCHER_10000,223.0,17.0,,,,,224.0,17.0,,,,,223.5,0.0
2,23900,VOLCANIC_ROCK_VOUCHER_10000,220.0,17.0,,,,,222.0,17.0,,,,,221.0,0.0
2,24000,VOLCANIC_ROCK_VOUCHER_10000,221.0,15.0,,,,,222.0,15.0,,,,,221.5,0.0
2,24100,VOLCANIC_ROCK_VOUCHER_10000,217.0,4.0,,,,,218.0,19.0,,,,,217.5,0.0
2,24200,VOLCANIC_ROCK_VOUCHER_10000,215.0,16.0,,,,,216.0,16.0,,,,,215.5,0.0
2,24300,VOLCANIC_ROCK_VOUCHER_10000,215.0,13.0,,,,,216.0,13.0,,,,,215.5,0.0
2,24400,VOLCANIC_ROCK_VOUCHER_10000,215.0,16.0,,,,,216.0,16.0,,,,,215.5,0.0
2,24500,VOLCANIC_ROCK_VOUCHER_10000,215.0,20.0,,,,,216.0,20.0,,,,,215.5,0.0
2,24600,VOLCANIC_ROCK_VOUCHER_10000,213.0,18.0,,,,,214.0,18.0,,,,,213.5,0.0
2,24700,VOLCANIC_ROCK_VOUCHER_10000,211.0,15.0,,,,,212.0,15.0,,,,,211.5,0.0
2,24800,VOLCANIC_ROCK_VOUCHER_10000,212.0,16.0,,,,,213.0,16.0,,,,,212.5,0.0
2,24900,VOLCANIC_ROCK_VOUCHER_10000,213.0,35.0,,,,,214.0,21.0,,,,,213.5,0.0
2,25000,VOLCANIC_ROCK_VOUCHER_10000,216.0,16.0,,,,,217.0,16.0,,,,,216.5,0.0
2,25100,VOLCANIC_ROCK_VOUCHER_10000,215.0,11.0,,,,,217.0,11.0,,,,,216.0,0.0
2,25200,VOLCANIC_ROCK_VOUCHER_10000,215.0,20.0,,,,,216.0,20.0,,,,,215.5,0.0
2,25300,VOLCANIC_ROCK_VOUCHER_10000,208.0,16.0,,,,,209.0,16.0,,,,,208.5,0.0
2,25400,VOLCANIC_ROCK_VOUCHER_10000,210.0,22.0,,,,,211.0,22.0,,,,,210.5,0.0
2,25500,VOLCANIC_ROCK_VOUCHER_10000,211.0,17.0,,,,,212.0,17.0,,,,,211.5,0.0
2,25600,VOLCANIC_ROCK_VOUCHER_10000,214.0,11.0,,,,,215.0,11.0,,,,,214.5,0.0
2,25700,VOLCANIC_ROCK_VOUCHER_10000,212.0,20.0,,,,,213.0,20.0,,,,,212.5,0.0
2,25800,VOLCANIC_ROCK_VOUCHER_10000,211.0,12.0,,,,,212.0,12.0,,,,,211.5,0.0
2,25900,VOLCANIC_ROCK_VOUCHER_10000,211.0,14.0,,,,,212.0,14.0,,,,,211.5,0.0
2,26000,VOLCANIC_ROCK_VOUCHER_10000,214.0,17.0,,,,,215.0,17.0,,,,,214.5,0.0
2,26100,VOLCANIC_ROCK_VOUCHER_10000,216.0,19.0,,,,,217.0,19.0,,,,,216.5,0.0
2,26200,VOLCANIC_ROCK_VOUCHER_10000,217.0,17.0,,,,,218.0,17.0,,,,,217.5,0.0
2,26300,VOLCANIC_ROCK_VOUCHER_10000,216.0,11.0,,,,,217.0,11.0,,,,,216.5,0.0
2,26400,VOLCANIC_ROCK_VOUCHER_10000,214.0,8.0,,,,,215.0,18.0,,,,,214.5,0.0
2,26500,VOLCANIC_ROCK_VOUCHER_10000,219.0,22.0,,,,,220.0,22.0,,,,,219.5,0.0
2,26600,VOLCANIC_ROCK_VOUCHER_10000,215.0,17.0,,,,,216.0,17.0,,,,,215.5,0.0
2,26700,VOLCANIC_ROCK_VOUCHER_10000,216.0,14.0,,,,,217.0,14.0,,,,,216.5,0.0
2,26800,VOLCANIC_ROCK_VOUCHER_10000,216.0,21.0,,,,,217.0,21.0,,,,,216.5,0.0
2,26900,VOLCANIC_ROCK_VOUCHER_10000,214.0,12.0,,,,,215.0,12.0,,,,,214.5,0.0
2,27000,VOLCANIC_ROCK_VOUCHER_10000,216.0,12.0,,,,,217.0,12.0,,,,,216.5,0.0
2,27100,VOLCANIC_ROCK_VOUCHER_10000,218.0,9.0,,,,,219.0,20.0,,,,,218.5,0.0
2,27200,VOLCANIC_ROCK_VOUCHER_10000,217.0,16.0,,,,,218.0,16.0,,,,,217.5,0.0
2,27300,VOLCANIC_ROCK_VOUCHER_10000,215.0,17.0,,,,,216.0,17.0,,,,,215.5,0.0
2,27400,VOLCANIC_ROCK_VOUCHER_10000,216.0,11.0,,,,,217.0,11.0,,,,,216.5,0.0
2,27500,VOLCANIC_ROCK_VOUCHER_10000,218.0,10.0,,,,,219.0,10.0,,,,,218.5,0.0
2,27600,VOLCANIC_ROCK_VOUCHER_10000,216.0,15.0,,,,,217.0,15.0,,,,,216.5,0.0
2,27700,VOLCANIC_ROCK_VOUCHER_10000,215.0,22.0,,,,,216.0,22.0,,,,,215.5,0.0
2,27800,VOLCANIC_ROCK_VOUCHER_10000,216.0,4.0,,,,,217.0,19.0,,,,,216.5,0.0
2,27900,VOLCANIC_ROCK_VOUCHER_10000,213.0,18.0,,,,,214.0,18.0,,,,,213.5,0.0
2,28000,VOLCANIC_ROCK_VOUCHER_10000,212.0,20.0,,,,,213.0,2.0,214.0,18.0,,,212.5,0.0
2,28100,VOLCANIC_ROCK_VOUCHER_10000,213.0,13.0,,,,,214.0,13.0,,,,,213.5,0.0
2,28200,VOLCANIC_ROCK_VOUCHER_10000,212.0,18.0,,,,,214.0,18.0,,,,,213.0,0.0
2,28300,VOLCANIC_ROCK_VOUCHER_10000,211.0,15.0,,,,,212.0,15.0,,,,,211.5,0.0
2,28400,VOLCANIC_ROCK_VOUCHER_10000,211.0,15.0,,,,,212.0,15.0,,,,,211.5,0.0
2,28500,VOLCANIC_ROCK_VOUCHER_10000,211.0,14.0,,,,,212.0,14.0,,,,,211.5,0.0
2,28600,VOLCANIC_ROCK_VOUCHER_10000,210.0,14.0,,,,,211.0,14.0,,,,,210.5,0.0
2,28700,VOLCANIC_ROCK_VOUCHER_10000,206.0,15.0,,,,,207.0,15.0,,,,,206.5,0.0
2,28800,VOLCANIC_ROCK_VOUCHER_10000,207.0,18.0,,,,,208.0,18.0,,,,,207.5,0.0
2,28900,VOLCANIC_ROCK_VOUCHER_10000,201.0,13.0,,,,,202.0,13.0,,,,,201.5,0.0
2,29000,VOLCANIC_ROCK_VOUCHER_10000,205.0,14.0,,,,,206.0,14.0,,,,,205.5,0.0
2,29100,VOLCANIC_ROCK_VOUCHER_10000,202.0,11.0,,,,,203.0,11.0,,,,,202.5,0.0
2,29200,VOLCANIC_ROCK_VOUCHER_10000,207.0,34.0,,,,,208.0,17.0,,,,,207.5,0.0
2,29300,VOLCANIC_ROCK_VOUCHER_10000,204.0,14.0,,,,,205.0,14.0,,,,,204.5,0.0
2,29400,VOLCANIC_ROCK_VOUCHER_10000,206.0,13.0,,,,,207.0,13.0,,,,,206.5,0.0
2,29500,VOLCANIC_ROCK_VOUCHER_10000,,,,,,,205.0,7.0,206.0,11.0,,,205.0,0.0
2,29600,VOLCANIC_ROCK_VOUCHER_10000,204.0,16.0,,,,,205.0,16.0,,,,,204.5,0.0
2,29700,VOLCANIC_ROCK_VOUCHER_10000,206.0,15.0,,,,,207.0,15.0,,,,,206.5,0.0
2,29800,VOLCANIC_ROCK_VOUCHER_10000,206.0,12.0,,,,,207.0,12.0,,,,,206.5,0.0
2,29900,VOLCANIC_ROCK_VOUCHER_10000,206.0,18.0,,,,,207.0,18.0,,,,,206.5,0.0
2,30000,VOLCANIC_ROCK_VOUCHER_10000,206.0,12.0,,,,,207.0,12.0,,,,,206.5,0.0
2,30100,VOLCANIC_ROCK_VOUCHER_10000,205.0,16.0,,,,,206.0,16.0,,,,,205.5,0.0
2,30200,VOLCANIC_ROCK_VOUCHER_10000,203.0,19.0,,,,,204.0,19.0,,,,,203.5,0.0
2,30300,VOLCANIC_ROCK_VOUCHER_10000,203.0,10.0,,,,,204.0,10.0,,,,,203.5,0.0
2,30400,VOLCANIC_ROCK_VOUCHER_10000,200.0,14.0,,,,,201.0,14.0,,,,,200.5,0.0
2,30500,VOLCANIC_ROCK_VOUCHER_10000,201.0,15.0,,,,,202.0,15.0,,,,,201.5,0.0
2,30600,VOLCANIC_ROCK_VOUCHER_10000,198.0,33.0,,,,,199.0,20.0,,,,,198.5,0.0
2,30700,VOLCANIC_ROCK_VOUCHER_10000,201.0,12.0,,,,,202.0,12.0,,,,,201.5,0.0
2,30800,VOLCANIC_ROCK_VOUCHER_10000,203.0,17.0,,,,,204.0,17.0,,,,,203.5,0.0
2,30900,VOLCANIC_ROCK_VOUCHER_10000,201.0,11.0,,,,,202.0,11.0,,,,,201.5,0.0
2,31000,VOLCANIC_ROCK_VOUCHER_10000,205.0,12.0,,,,,206.0,12.0,,,,,205.5,0.0
2,31100,VOLCANIC_ROCK_VOUCHER_10000,200.0,18.0,,,,,201.0,18.0,,,,,200.5,0.0
2,31200,VOLCANIC_ROCK_VOUCHER_10000,199.0,11.0,,,,,200.0,11.0,,,,,199.5,0.0
2,31300,VOLCANIC_ROCK_VOUCHER_10000,198.0,13.0,,,,,199.0,13.0,,,,,198.5,0.0
2,31400,VOLCANIC_ROCK_VOUCHER_10000,199.0,17.0,,,,,200.0,17.0,,,,,199.5,0.0
2,31500,VOLCANIC_ROCK_VOUCHER_10000,200.0,13.0,,,,,201.0,13.0,,,,,200.5,0.0
2,31600,VOLCANIC_ROCK_VOUCHER_10000,205.0,10.0,,,,,206.0,10.0,,,,,205.5,0.0
2,31700,VOLCANIC_ROCK_VOUCHER_10000,200.0,17.0,,,,,201.0,17.0,,,,,200.5,0.0
2,31800,VOLCANIC_ROCK_VOUCHER_10000,200.0,0.0,,,,,201.0,17.0,,,,,200.5,0.0
2,31900,VOLCANIC_ROCK_VOUCHER_10000,200.0,20.0,,,,,201.0,20.0,,,,,200.5,0.0
2,32000,VOLCANIC_ROCK_VOUCHER_10000,200.0,20.0,,,,,201.0,20.0,,,,,200.5,0.0
2,32100,VOLCANIC_ROCK_VOUCHER_10000,195.0,15.0,,,,,196.0,15.0,,,,,195.5,0.0
2,32200,VOLCANIC_ROCK_VOUCHER_10000,198.0,19.0,,,,,199.0,19.0,,,,,198.5,0.0
2,32300,VOLCANIC_ROCK_VOUCHER_10000,197.0,21.0,,,,,198.0,21.0,,,,,197.5,0.0
2,32400,VOLCANIC_ROCK_VOUCHER_10000,197.0,18.0,,,,,198.0,18.0,,,,,197.5,0.0
2,32500,VOLCANIC_ROCK_VOUCHER_10000,197.0,12.0,,,,,198.0,12.0,,,,,197.5,0.0
2,32600,VOLCANIC_ROCK_VOUCHER_10000,201.0,20.0,,,,,202.0,20.0,,,,,201.5,0.0
2,32700,VOLCANIC_ROCK_VOUCHER_10000,201.0,18.0,,,,,202.0,18.0,,,,,201.5,0.0
2,32800,VOLCANIC_ROCK_VOUCHER_10000,204.0,19.0,,,,,205.0,19.0,,,,,204.5,0.0
2,32900,VOLCANIC_ROCK_VOUCHER_10000,204.0,13.0,,,,,205.0,13.0,,,,,204.5,0.0
2,33000,VOLCANIC_ROCK_VOUCHER_10000,205.0,11.0,,,,,206.0,11.0,,,,,205.5,0.0
2,33100,VOLCANIC_ROCK_VOUCHER_10000,205.0,13.0,,,,,206.0,13.0,,,,,205.5,0.0
2,33200,VOLCANIC_ROCK_VOUCHER_10000,208.0,11.0,,,,,209.0,11.0,,,,,208.5,0.0
2,33300,VOLCANIC_ROCK_VOUCHER_10000,209.0,13.0,,,,,210.0,13.0,,,,,209.5,0.0
2,33400,VOLCANIC_ROCK_VOUCHER_10000,208.0,13.0,,,,,209.0,13.0,,,,,208.5,0.0
2,33500,VOLCANIC_ROCK_VOUCHER_10000,212.0,18.0,,,,,213.0,18.0,,,,,212.5,0.0
2,33600,VOLCANIC_ROCK_VOUCHER_10000,209.0,21.0,,,,,210.0,21.0,,,,,209.5,0.0
2,33700,VOLCANIC_ROCK_VOUCHER_10000,210.0,19.0,,,,,211.0,19.0,,,,,210.5,0.0
2,33800,VOLCANIC_ROCK_VOUCHER_10000,213.0,12.0,,,,,214.0,12.0,,,,,213.5,0.0
2,33900,VOLCANIC_ROCK_VOUCHER_10000,213.0,19.0,,,,,214.0,19.0,,,,,213.5,0.0
2,34000,VOLCANIC_ROCK_VOUCHER_10000,214.0,19.0,,,,,215.0,19.0,,,,,214.5,0.0
2,34100,VOLCANIC_ROCK_VOUCHER_10000,212.0,15.0,,,,,213.0,15.0,,,,,212.5,0.0
2,34200,VOLCANIC_ROCK_VOUCHER_10000,210.0,19.0,,,,,211.0,19.0,,,,,210.5,0.0
2,34300,VOLCANIC_ROCK_VOUCHER_10000,209.0,10.0,,,,,210.0,10.0,,,,,209.5,0.0
2,34400,VOLCANIC_ROCK_VOUCHER_10000,212.0,14.0,,,,,213.0,14.0,,,,,212.5,0.0
2,34500,VOLCANIC_ROCK_VOUCHER_10000,209.0,19.0,,,,,210.0,19.0,,,,,209.5,0.0
2,34600,VOLCANIC_ROCK_VOUCHER_10000,207.0,20.0,,,,,208.0,20.0,,,,,207.5,0.0
2,34700,VOLCANIC_ROCK_VOUCHER_10000,210.0,20.0,,,,,211.0,20.0,,,,,210.5,0.0
2,34800,VOLCANIC_ROCK_VOUCHER_10000,,,,,,,208.0,9.0,210.0,10.0,,,208.0,0.0
2,34900,VOLCANIC_ROCK_VOUCHER_10000,209.0,14.0,,,,,210.0,14.0,,,,,209.5,0.0
2,35000,VOLCANIC_ROCK_VOUCHER_10000,207.0,10.0,,,,,208.0,10.0,,,,,207.5,0.0
2,35100,VOLCANIC_ROCK_VOUCHER_10000,206.0,16.0,,,,,207.0,16.0,,,,,206.5,0.0
2,35200,VOLCANIC_ROCK_VOUCHER_10000,206.0,12.0,,,,,207.0,12.0,,,,,206.5,0.0
2,35300,VOLCANIC_ROCK_VOUCHER_10000,210.0,21.0,,,,,211.0,21.0,,,,,210.5,0.0
2,35400,VOLCANIC_ROCK_VOUCHER_10000,210.0,11.0,,,,,211.0,11.0,,,,,210.5,0.0
2,35500,VOLCANIC_ROCK_VOUCHER_10000,207.0,14.0,,,,,208.0,14.0,,,,,207.5,0.0
2,35600,VOLCANIC_ROCK_VOUCHER_10000,,,,,,,209.0,3.0,210.0,14.0,,,209.0,0.0
2,35700,VOLCANIC_ROCK_VOUCHER_10000,210.0,17.0,,,,,211.0,17.0,,,,,210.5,0.0
2,35800,VOLCANIC_ROCK_VOUCHER_10000,208.0,37.0,,,,,209.0,19.0,,,,,208.5,0.0
2,35900,VOLCANIC_ROCK_VOUCHER_10000,208.0,11.0,,,,,209.0,11.0,,,,,208.5,0.0
2,36000,VOLCANIC_ROCK_VOUCHER_10000,205.0,13.0,,,,,206.0,13.0,,,,,205.5,0.0
2,36100,VOLCANIC_ROCK_VOUCHER_10000,209.0,16.0,,,,,210.0,16.0,,,,,209.5,0.0
2,36200,VOLCANIC_ROCK_VOUCHER_10000,209.0,31.0,,,,,210.0,18.0,,,,,209.5,0.0
2,36300,VOLCANIC_ROCK_VOUCHER_10000,210.0,12.0,,,,,211.0,12.0,,,,,210.5,0.0
2,36400,VOLCANIC_ROCK_VOUCHER_10000,205.0,14.0,,,,,206.0,14.0,,,,,205.5,0.0
2,36500,VOLCANIC_ROCK_VOUCHER_10000,207.0,21.0,,,,,209.0,21.0,,,,,208.0,0.0
2,36600,VOLCANIC_ROCK_VOUCHER_10000,206.0,18.0,,,,,207.0,18.0,,,,,206.5,0.0
2,36700,VOLCANIC_ROCK_VOUCHER_10000,208.0,13.0,,,,,209.0,13.0,,,,,208.5,0.0
2,36800,VOLCANIC_ROCK_VOUCHER_10000,,,,,,,210.0,1.0,211.0,14.0,,,210.0,0.0
2,36900,VOLCANIC_ROCK_VOUCHER_10000,209.0,19.0,,,,,210.0,19.0,,,,,209.5,0.0
2,37000,VOLCANIC_ROCK_VOUCHER_10000,210.0,19.0,,,,,211.0,19.0,,,,,210.5,0.0
2,37100,VOLCANIC_ROCK_VOUCHER_10000,212.0,16.0,,,,,213.0,16.0,,,,,212.5,0.0
2,37200,VOLCANIC_ROCK_VOUCHER_10000,209.0,12.0,,,,,210.0,12.0,,,,,209.5,0.0
2,37300,VOLCANIC_ROCK_VOUCHER_10000,211.0,14.0,,,,,212.0,14.0,,,,,211.5,0.0
2,37400,VOLCANIC_ROCK_VOUCHER_10000,207.0,14.0,,,,,208.0,14.0,,,,,207.5,0.0
2,37500,VOLCANIC_ROCK_VOUCHER_10000,210.0,19.0,,,,,211.0,19.0,,,,,210.5,0.0
2,37600,VOLCANIC_ROCK_VOUCHER_10000,211.0,20.0,,,,,212.0,20.0,,,,,211.5,0.0
2,37700,VOLCANIC_ROCK_VOUCHER_10000,211.0,14.0,,,,,212.0,14.0,,,,,211.5,0.0
2,37800,VOLCANIC_ROCK_VOUCHER_10000,211.0,17.0,,,,,212.0,17.0,,,,,211.5,0.0
2,37900,VOLCANIC_ROCK_VOUCHER_10000,207.0,22.0,,,,,208.0,22.0,,,,,207.5,0.0
2,38000,VOLCANIC_ROCK_VOUCHER_10000,207.0,15.0,,,,,208.0,15.0,,,,,207.5,0.0
2,38100,VOLCANIC_ROCK_VOUCHER_10000,213.0,7.0,,,,,214.0,20.0,,,,,213.5,0.0
2,38200,VOLCANIC_ROCK_VOUCHER_10000,209.0,17.0,,,,,210.0,17.0,,,,,209.5,0.0
2,38300,VOLCANIC_ROCK_VOUCHER_10000,206.0,18.0,,,,,207.0,18.0,,,,,206.5,0.0
2,38400,VOLCANIC_ROCK_VOUCHER_10000,210.0,16.0,,,,,211.0,16.0,,,,,210.5,0.0
2,38500,VOLCANIC_ROCK_VOUCHER_10000,215.0,16.0,,,,,216.0,16.0,,,,,215.5,0.0
2,38600,VOLCANIC_ROCK_VOUCHER_10000,215.0,14.0,,,,,216.0,14.0,,,,,215.5,0.0
2,38700,VOLCANIC_ROCK_VOUCHER_10000,215.0,16.0,,,,,216.0,16.0,,,,,215.5,0.0
2,38800,VOLCANIC_ROCK_VOUCHER_10000,217.0,19.0,,,,,218.0,19.0,,,,,217.5,0.0
2,38900,VOLCANIC_ROCK_VOUCHER_10000,215.0,18.0,,,,,216.0,18.0,,,,,215.5,0.0
2,39000,VOLCANIC_ROCK_VOUCHER_10000,216.0,10.0,,,,,217.0,10.0,,,,,216.5,0.0
2,39100,VOLCANIC_ROCK_VOUCHER_10000,217.0,12.0,,,,,218.0,12.0,,,,,217.5,0.0
2,39200,VOLCANIC_ROCK_VOUCHER_10000,224.0,16.0,,,,,225.0,16.0,,,,,224.5,0.0
2,39300,VOLCANIC_ROCK_VOUCHER_10000,220.0,19.0,,,,,221.0,19.0,,,,,220.5,0.0
2,39400,VOLCANIC_ROCK_VOUCHER_10000,218.0,18.0,,,,,219.0,18.0,,,,,218.5,0.0
2,39500,VOLCANIC_ROCK_VOUCHER_10000,219.0,15.0,,,,,220.0,15.0,,,,,219.5,0.0
2,39600,VOLCANIC_ROCK_VOUCHER_10000,218.0,14.0,,,,,219.0,14.0,,,,,218.5,0.0
2,39700,VOLCANIC_ROCK_VOUCHER_10000,221.0,13.0,,,,,222.0,13.0,,,,,221.5,0.0
2,39800,VOLCANIC_ROCK_VOUCHER_10000,215.0,18.0,,,,,216.0,18.0,,,,,215.5,0.0
2,39900,VOLCANIC_ROCK_VOUCHER_10000,219.0,15.0,,,,,220.0,15.0,,,,,219.5,0.0
2,40000,VOLCANIC_ROCK_VOUCHER_10000,217.0,14.0,,,,,218.0,14.0,,,,,217.5,0.0
2,40100,VOLCANIC_ROCK_VOUCHER_10000,216.0,21.0,,,,,217.0,21.0,,,,,216.5,0.0
2,40200,VOLCANIC_ROCK_VOUCHER_10000,213.0,14.0,,,,,214.0,14.0,,,,,213.5,0.0
2,40300,VOLCANIC_ROCK_VOUCHER_10000,213.0,10.0,,,,,214.0,10.0,,,,,213.5,0.0
2,40400,VOLCANIC_ROCK_VOUCHER_10000,210.0,19.0,,,,,211.0,19.0,,,,,210.5,0.0
2,40500,VOLCANIC_ROCK_VOUCHER_10000,212.0,13.0,,,,,213.0,13.0,,,,,212.5,0.0
2,40600,VOLCANIC_ROCK_VOUCHER_10000,208.0,21.0,,,,,209.0,21.0,,,,,208.5,0.0
2,40700,VOLCANIC_ROCK_VOUCHER_10000,209.0,17.0,,,,,210.0,17.0,,,,,209.5,0.0
2,40800,VOLCANIC_ROCK_VOUCHER_10000,209.0,10.0,,,,,210.0,10.0,,,,,209.5,0.0
2,40900,VOLCANIC_ROCK_VOUCHER_10000,210.0,12.0,,,,,211.0,12.0,,,,,210.5,0.0
2,41000,VOLCANIC_ROCK_VOUCHER_10000,208.0,10.0,,,,,209.0,10.0,,,,,208.5,0.0
2,41100,VOLCANIC_ROCK_VOUCHER_10000,209.0,19.0,,,,,210.0,19.0,,,,,209.5,0.0
2,41200,VOLCANIC_ROCK_VOUCHER_10000,211.0,3.0,,,,,212.0,14.0,,,,,211.5,0.0
2,41300,VOLCANIC_ROCK_VOUCHER_10000,211.0,19.0,,,,,212.0,19.0,,,,,211.5,0.0
2,41400,VOLCANIC_ROCK_VOUCHER_10000,208.0,18.0,,,,,209.0,18.0,,,,,208.5,0.0
2,41500,VOLCANIC_ROCK_VOUCHER_10000,211.0,18.0,,,,,212.0,18.0,,,,,211.5,0.0
2,41600,VOLCANIC_ROCK_VOUCHER_10000,211.0,23.0,,,,,212.0,17.0,,,,,211.5,0.0
2,41700,VOLCANIC_ROCK_VOUCHER_10000,207.0,19.0,,,,,208.0,19.0,,,,,207.5,0.0
2,41800,VOLCANIC_ROCK_VOUCHER_10000,211.0,22.0,,,,,212.0,22.0,,,,,211.5,0.0
2,41900,VOLCANIC_ROCK_VOUCHER_10000,212.0,12.0,,,,,213.0,12.0,,,,,212.5,0.0
2,42000,VOLCANIC_ROCK_VOUCHER_10000,210.0,15.0,,,,,211.0,15.0,,,,,210.5,0.0
2,42100,VOLCANIC_ROCK_VOUCHER_10000,212.0,15.0,,,,,213.0,15.0,,,,,212.5,0.0
2,42200,VOLCANIC_ROCK_VOUCHER_10000,212.0,16.0,,,,,213.0,16.0,,,,,212.5,0.0
2,42300,VOLCANIC_ROCK_VOUCHER_10000,205.0,16.0,,,,,206.0,16.0,,,,,205.5,0.0
2,42400,VOLCANIC_ROCK_VOUCHER_10000,201.0,19.0,,,,,202.0,19.0,,,,,201.5,0.0
2,42500,VOLCANIC_ROCK_VOUCHER_10000,205.0,19.0,,,,,206.0,19.0,,,,,205.5,0.0
2,42600,VOLCANIC_ROCK_VOUCHER_10000,204.0,18.0,,,,,205.0,18.0,,,,,204.5,0.0
2,42700,VOLCANIC_ROCK_VOUCHER_10000,207.0,16.0,,,,,208.0,16.0,,,,,207.5,0.0
2,42800,VOLCANIC_ROCK_VOUCHER_10000,204.0,14.0,,,,,206.0,14.0,,,,,205.0,0.0
2,42900,VOLCANIC_ROCK_VOUCHER_10000,208.0,22.0,,,,,209.0,22.0,,,,,208.5,0.0
2,43000,VOLCANIC_ROCK_VOUCHER_10000,206.0,21.0,,,,,207.0,21.0,,,,,206.5,0.0
2,43100,VOLCANIC_ROCK_VOUCHER_10000,204.0,12.0,,,,,205.0,12.0,,,,,204.5,0.0
2,43200,VOLCANIC_ROCK_VOUCHER_10000,204.0,19.0,,,,,205.0,19.0,,,,,204.5,0.0
2,43300,VOLCANIC_ROCK_VOUCHER_10000,201.0,14.0,,,,,202.0,14.0,,,,,201.5,0.0
2,43400,VOLCANIC_ROCK_VOUCHER_10000,201.0,11.0,,,,,202.0,11.0,,,,,201.5,0.0
2,43500,VOLCANIC_ROCK_VOUCHER_10000,202.0,15.0,,,,,203.0,15.0,,,,,202.5,0.0
2,43600,VOLCANIC_ROCK_VOUCHER_10000,201.0,5.0,,,,,202.0,17.0,,,,,201.5,0.0
2,43700,VOLCANIC_ROCK_VOUCHER_10000,199.0,17.0,,,,,200.0,17.0,,,,,199.5,0.0
2,43800,VOLCANIC_ROCK_VOUCHER_10000,202.0,13.0,,,,,203.0,13.0,,,,,202.5,0.0
2,43900,VOLCANIC_ROCK_VOUCHER_10000,201.0,24.0,,,,,202.0,13.0,,,,,201.5,0.0
2,44000,VOLCANIC_ROCK_VOUCHER_10000,203.0,13.0,,,,,204.0,13.0,,,,,203.5,0.0
2,44100,VOLCANIC_ROCK_VOUCHER_10000,203.0,22.0,,,,,204.0,22.0,,,,,203.5,0.0
2,44200,VOLCANIC_ROCK_VOUCHER_10000,202.0,13.0,,,,,203.0,13.0,,,,,202.5,0.0
2,44300,VOLCANIC_ROCK_VOUCHER_10000,201.0,15.0,,,,,202.0,15.0,,,,,201.5,0.0
2,44400,VOLCANIC_ROCK_VOUCHER_10000,207.0,16.0,,,,,208.0,16.0,,,,,207.5,0.0
2,44500,VOLCANIC_ROCK_VOUCHER_10000,203.0,15.0,,,,,204.0,15.0,,,,,203.5,0.0
2,44600,VOLCANIC_ROCK_VOUCHER_10000,205.0,15.0,,,,,206.0,15.0,,,,,205.5,0.0
2,44700,VOLCANIC_ROCK_VOUCHER_10000,205.0,14.0,,,,,206.0,14.0,,,,,205.5,0.0
2,44800,VOLCANIC_ROCK_VOUCHER_10000,208.0,18.0,,,,,209.0,18.0,,,,,208.5,0.0
2,44900,VOLCANIC_ROCK_VOUCHER_10000,206.0,12.0,,,,,207.0,12.0,,,,,206.5,0.0
2,45000,VOLCANIC_ROCK_VOUCHER_10000,207.0,14.0,,,,,208.0,14.0,,,,,207.5,0.0
2,45100,VOLCANIC_ROCK_VOUCHER_10000,206.0,16.0,,,,,207.0,16.0,,,,,206.5,0.0
2,45200,VOLCANIC_ROCK_VOUCHER_10000,206.0,11.0,,,,,207.0,11.0,,,,,206.5,0.0
2,45300,VOLCANIC_ROCK_VOUCHER_10000,205.0,9.0,,,,,207.0,21.0,,,,,206.0,0.0
2,45400,VOLCANIC_ROCK_VOUCHER_10000,203.0,18.0,,,,,204.0,18.0,,,,,203.5,0.0
2,45500,VOLCANIC_ROCK_VOUCHER_10000,206.0,22.0,,,,,207.0,22.0,,,,,206.5,0.0
2,45600,VOLCANIC_ROCK_VOUCHER_10000,205.0,20.0,,,,,206.0,20.0,,,,,205.5,0.0
2,45700,VOLCANIC_ROCK_VOUCHER_10000,204.0,4.0,,,,,205.0,18.0,,,,,204.5,0.0
2,45800,VOLCANIC_ROCK_VOUCHER_10000,201.0,12.0,,,,,202.0,12.0,,,,,201.5,0.0
2,45900,VOLCANIC_ROCK_VOUCHER_10000,204.0,19.0,,,,,205.0,19.0,,,,,204.5,0.0
2,46000,VOLCANIC_ROCK_VOUCHER_10000,203.0,24.0,,,,,204.0,12.0,,,,,203.5,0.0
2,46100,VOLCANIC_ROCK_VOUCHER_10000,206.0,2.0,,,,,207.0,12.0,,,,,206.5,0.0
2,46200,VOLCANIC_ROCK_VOUCHER_10000,202.0,12.0,,,,,203.0,12.0,,,,,202.5,0.0
2,46300,VOLCANIC_ROCK_VOUCHER_10000,204.0,12.0,,,,,205.0,12.0,,,,,204.5,0.0
2,46400,VOLCANIC_ROCK_VOUCHER_10000,200.0,24.0,,,,,201.0,13.0,,,,,200.5,0.0
2,46500,VOLCANIC_ROCK_VOUCHER_10000,198.0,20.0,,,,,199.0,20.0,,,,,198.5,0.0
2,46600,VOLCANIC_ROCK_VOUCHER_10000,198.0,18.0,,,,,199.0,18.0,,,,,198.5,0.0
2,46700,VOLCANIC_ROCK_VOUCHER_10000,201.0,13.0,,,,,202.0,13.0,,,,,201.5,0.0
2,46800,VOLCANIC_ROCK_VOUCHER_10000,200.0,18.0,,,,,201.0,18.0,,,,,200.5,0.0
2,46900,VOLCANIC_ROCK_VOUCHER_10000,198.0,13.0,,,,,199.0,13.0,,,,,198.5,0.0
2,47000,VOLCANIC_ROCK_VOUCHER_10000,200.0,15.0,,,,,201.0,15.0,,,,,200.5,0.0
2,47100,VOLCANIC_ROCK_VOUCHER_10000,202.0,11.0,,,,,203.0,11.0,,,,,202.5,0.0
2,47200,VOLCANIC_ROCK_VOUCHER_10000,195.0,15.0,,,,,196.0,15.0,,,,,195.5,0.0
2,47300,VOLCANIC_ROCK_VOUCHER_10000,197.0,16.0,,,,,198.0,16.0,,,,,197.5,0.0
2,47400,VOLCANIC_ROCK_VOUCHER_10000,197.0,18.0,,,,,198.0,18.0,,,,,197.5,0.0
2,47500,VOLCANIC_ROCK_VOUCHER_10000,199.0,13.0,,,,,200.0,13.0,,,,,199.5,0.0
2,47600,VOLCANIC_ROCK_VOUCHER_10000,,,,,,,200.0,4.0,201.0,12.0,,,200.0,0.0
2,47700,VOLCANIC_ROCK_VOUCHER_10000,201.0,16.0,,,,,202.0,16.0,,,,,201.5,0.0
2,47800,VOLCANIC_ROCK_VOUCHER_10000,199.0,17.0,,,,,200.0,17.0,,,,,199.5,0.0
2,47900,VOLCANIC_ROCK_VOUCHER_10000,201.0,15.0,,,,,202.0,15.0,,,,,201.5,0.0
2,48000,VOLCANIC_ROCK_VOUCHER_10000,201.0,20.0,,,,,202.0,20.0,,,,,201.5,0.0
2,48100,VOLCANIC_ROCK_VOUCHER_10000,199.0,14.0,,,,,200.0,14.0,,,,,199.5,0.0
2,48200,VOLCANIC_ROCK_VOUCHER_10000,197.0,17.0,,,,,198.0,17.0,,,,,197.5,0.0
2,48300,VOLCANIC_ROCK_VOUCHER_10000,,,,,,,198.0,2.0,199.0,12.0,,,198.0,0.0
2,48400,VOLCANIC_ROCK_VOUCHER_10000,195.0,13.0,,,,,196.0,13.0,,,,,195.5,0.0
2,48500,VOLCANIC_ROCK_VOUCHER_10000,196.0,19.0,,,,,197.0,19.0,,,,,196.5,0.0
2,48600,VOLCANIC_ROCK_VOUCHER_10000,195.0,14.0,,,,,196.0,14.0,,,,,195.5,0.0
2,48700,VOLCANIC_ROCK_VOUCHER_10000,193.0,18.0,,,,,194.0,18.0,,,,,193.5,0.0
2,48800,VOLCANIC_ROCK_VOUCHER_10000,189.0,14.0,,,,,190.0,14.0,,,,,189.5,0.0
2,48900,VOLCANIC_ROCK_VOUCHER_10000,194.0,16.0,,,,,195.0,16.0,,,,,194.5,0.0
2,49000,VOLCANIC_ROCK_VOUCHER_10000,193.0,15.0,,,,,194.0,15.0,,,,,193.5,0.0
2,49100,VOLCANIC_ROCK_VOUCHER_10000,194.0,20.0,,,,,195.0,20.0,,,,,194.5,0.0
2,49200,VOLCANIC_ROCK_VOUCHER_10000,192.0,12.0,,,,,193.0,12.0,,,,,192.5,0.0
2,49300,VOLCANIC_ROCK_VOUCHER_10000,193.0,19.0,,,,,194.0,19.0,,,,,193.5,0.0
2,49400,VOLCANIC_ROCK_VOUCHER_10000,193.0,14.0,,,,,194.0,14.0,,,,,193.5,0.0
2,49500,VOLCANIC_ROCK_VOUCHER_10000,193.0,21.0,,,,,194.0,21.0,,,,,193.5,0.0
2,49600,VOLCANIC_ROCK_VOUCHER_10000,191.0,21.0,,,,,192.0,21.0,,,,,191.5,0.0
2,49700,VOLCANIC_ROCK_VOUCHER_10000,191.0,12.0,,,,,192.0,12.0,,,,,191.5,0.0
2,49800,VOLCANIC_ROCK_VOUCHER_10000,195.0,19.0,,,,,196.0,19.0,,,,,195.5,0.0
2,49900,VOLCANIC_ROCK_VOUCHER_10000,193.0,32.0,,,,,194.0,12.0,,,,,193.5,0.0
2,50000,VOLCANIC_ROCK_VOUCHER_10000,190.0,17.0,,,,,191.0,17.0,,,,,190.5,0.0
2,50100,VOLCANIC_ROCK_VOUCHER_10000,,,,,,,191.0,4.0,192.0,14.0,,,191.0,0.0
2,50200,VOLCANIC_ROCK_VOUCHER_10000,187.0,13.0,,,,,188.0,13.0,,,,,187.5,0.0
2,50300,VOLCANIC_ROCK_VOUCHER_10000,187.0,16.0,,,,,188.0,16.0,,,,,187.5,0.0
2,50400,VOLCANIC_ROCK_VOUCHER_10000,187.0,21.0,,,,,188.0,21.0,,,,,187.5,0.0
2,50500,VOLCANIC_ROCK_VOUCHER_10000,192.0,10.0,,,,,193.0,10.0,,,,,192.5,0.0
2,50600,VOLCANIC_ROCK_VOUCHER_10000,191.0,12.0,,,,,192.0,12.0,,,,,191.5,0.0
2,50700,VOLCANIC_ROCK_VOUCHER_10000,,,,,,,190.0,5.0,191.0,11.0,,,190.0,0.0
2,50800,VOLCANIC_ROCK_VOUCHER_10000,190.0,12.0,,,,,191.0,12.0,,,,,190.5,0.0
2,50900,VOLCANIC_ROCK_VOUCHER_10000,192.0,16.0,,,,,193.0,16.0,,,,,192.5,0.0
2,51000,VOLCANIC_ROCK_VOUCHER_10000,195.0,16.0,,,,,196.0,16.0,,,,,195.5,0.0
2,51100,VOLCANIC_ROCK_VOUCHER_10000,193.0,22.0,,,,,194.0,11.0,,,,,193.5,0.0
2,51200,VOLCANIC_ROCK_VOUCHER_10000,191.0,16.0,,,,,192.0,16.0,,,,,191.5,0.0
2,51300,VOLCANIC_ROCK_VOUCHER_10000,191.0,12.0,,,,,192.0,12.0,,,,,191.5,0.0
2,51400,VOLCANIC_ROCK_VOUCHER_10000,190.0,21.0,,,,,191.0,21.0,,,,,190.5,0.0
2,51500,VOLCANIC_ROCK_VOUCHER_10000,195.0,16.0,,,,,196.0,16.0,,,,,195.5,0.0
2,51600,VOLCANIC_ROCK_VOUCHER_10000,191.0,12.0,,,,,192.0,12.0,,,,,191.5,0.0
2,51700,VOLCANIC_ROCK_VOUCHER_10000,191.0,21.0,,,,,192.0,16.0,,,,,191.5,0.0
2,51800,VOLCANIC_ROCK_VOUCHER_10000,191.0,23.0,,,,,192.0,10.0,,,,,191.5,0.0
2,51900,VOLCANIC_ROCK_VOUCHER_10000,191.0,14.0,,,,,192.0,14.0,,,,,191.5,0.0
2,52000,VOLCANIC_ROCK_VOUCHER_10000,192.0,18.0,,,,,193.0,18.0,,,,,192.5,0.0
2,52100,VOLCANIC_ROCK_VOUCHER_10000,193.0,19.0,,,,,194.0,19.0,,,,,193.5,0.0
2,52200,VOLCANIC_ROCK_VOUCHER_10000,183.0,16.0,,,,,184.0,16.0,,,,,183.5,0.0
2,52300,VOLCANIC_ROCK_VOUCHER_10000,183.0,19.0,,,,,184.0,19.0,,,,,183.5,0.0
2,52400,VOLCANIC_ROCK_VOUCHER_10000,188.0,14.0,,,,,189.0,14.0,,,,,188.5,0.0
2,52500,VOLCANIC_ROCK_VOUCHER_10000,187.0,18.0,,,,,188.0,18.0,,,,,187.5,0.0
2,52600,VOLCANIC_ROCK_VOUCHER_10000,186.0,14.0,,,,,187.0,14.0,,,,,186.5,0.0
2,52700,VOLCANIC_ROCK_VOUCHER_10000,,,,,,,185.0,3.0,186.0,12.0,,,185.0,0.0
2,52800,VOLCANIC_ROCK_VOUCHER_10000,187.0,21.0,,,,,188.0,21.0,,,,,187.5,0.0
2,52900,VOLCANIC_ROCK_VOUCHER_10000,182.0,12.0,,,,,183.0,12.0,,,,,182.5,0.0
2,53000,VOLCANIC_ROCK_VOUCHER_10000,184.0,20.0,,,,,185.0,20.0,,,,,184.5,0.0
2,53100,VOLCANIC_ROCK_VOUCHER_10000,182.0,13.0,,,,,183.0,13.0,,,,,182.5,0.0
2,53200,VOLCANIC_ROCK_VOUCHER_10000,187.0,19.0,,,,,188.0,19.0,,,,,187.5,0.0
2,53300,VOLCANIC_ROCK_VOUCHER_10000,188.0,17.0,,,,,189.0,17.0,,,,,188.5,0.0
2,53400,VOLCANIC_ROCK_VOUCHER_10000,185.0,5.0,,,,,186.0,16.0,,,,,185.5,0.0
2,53500,VOLCANIC_ROCK_VOUCHER_10000,189.0,14.0,,,,,190.0,14.0,,,,,189.5,0.0
2,53600,VOLCANIC_ROCK_VOUCHER_10000,184.0,19.0,,,,,185.0,19.0,,,,,184.5,0.0
2,53700,VOLCANIC_ROCK_VOUCHER_10000,186.0,11.0,,,,,187.0,11.0,,,,,186.5,0.0
2,53800,VOLCANIC_ROCK_VOUCHER_10000,184.0,12.0,,,,,185.0,12.0,,,,,184.5,0.0
2,53900,VOLCANIC_ROCK_VOUCHER_10000,185.0,14.0,,,,,186.0,14.0,,,,,185.5,0.0
2,54000,VOLCANIC_ROCK_VOUCHER_10000,190.0,18.0,,,,,191.0,18.0,,,,,190.5,0.0
2,54100,VOLCANIC_ROCK_VOUCHER_10000,187.0,20.0,,,,,188.0,20.0,,,,,187.5,0.0
2,54200,VOLCANIC_ROCK_VOUCHER_10000,184.0,11.0,,,,,185.0,11.0,,,,,184.5,0.0
2,54300,VOLCANIC_ROCK_VOUCHER_10000,185.0,16.0,,,,,186.0,16.0,,,,,185.5,0.0
2,54400,VOLCANIC_ROCK_VOUCHER_10000,181.0,12.0,,,,,182.0,12.0,,,,,181.5,0.0
2,54500,VOLCANIC_ROCK_VOUCHER_10000,180.0,20.0,,,,,181.0,20.0,,,,,180.5,0.0
2,54600,VOLCANIC_ROCK_VOUCHER_10000,179.0,16.0,,,,,180.0,16.0,,,,,179.5,0.0
2,54700,VOLCANIC_ROCK_VOUCHER_10000,176.0,27.0,,,,,177.0,16.0,,,,,176.5,0.0
2,54800,VOLCANIC_ROCK_VOUCHER_10000,178.0,16.0,,,,,179.0,16.0,,,,,178.5,0.0
2,54900,VOLCANIC_ROCK_VOUCHER_10000,180.0,13.0,,,,,181.0,13.0,,,,,180.5,0.0
2,55000,VOLCANIC_ROCK_VOUCHER_10000,177.0,17.0,,,,,178.0,17.0,,,,,177.5,0.0
2,55100,VOLCANIC_ROCK_VOUCHER_10000,177.0,18.0,,,,,178.0,18.0,,,,,177.5,0.0
2,55200,VOLCANIC_ROCK_VOUCHER_10000,180.0,12.0,,,,,181.0,12.0,,,,,180.5,0.0
2,55300,VOLCANIC_ROCK_VOUCHER_10000,178.0,19.0,,,,,179.0,19.0,,,,,178.5,0.0
2,55400,VOLCANIC_ROCK_VOUCHER_10000,178.0,21.0,,,,,179.0,21.0,,,,,178.5,0.0
2,55500,VOLCANIC_ROCK_VOUCHER_10000,176.0,12.0,,,,,177.0,12.0,,,,,176.5,0.0
2,55600,VOLCANIC_ROCK_VOUCHER_10000,174.0,15.0,,,,,175.0,15.0,,,,,174.5,0.0
2,55700,VOLCANIC_ROCK_VOUCHER_10000,178.0,21.0,,,,,179.0,21.0,,,,,178.5,0.0
2,55800,VOLCANIC_ROCK_VOUCHER_10000,177.0,17.0,,,,,178.0,17.0,,,,,177.5,0.0
2,55900,VOLCANIC_ROCK_VOUCHER_10000,179.0,19.0,,,,,180.0,19.0,,,,,179.5,0.0
2,56000,VOLCANIC_ROCK_VOUCHER_10000,175.0,17.0,,,,,176.0,17.0,,,,,175.5,0.0
2,56100,VOLCANIC_ROCK_VOUCHER_10000,177.0,17.0,,,,,178.0,17.0,,,,,177.5,0.0
2,56200,VOLCANIC_ROCK_VOUCHER_10000,173.0,18.0,,,,,174.0,18.0,,,,,173.5,0.0
2,56300,VOLCANIC_ROCK_VOUCHER_10000,176.0,19.0,,,,,177.0,19.0,,,,,176.5,0.0
2,56400,VOLCANIC_ROCK_VOUCHER_10000,181.0,20.0,,,,,182.0,20.0,,,,,181.5,0.0
2,56500,VOLCANIC_ROCK_VOUCHER_10000,,,,,,,181.0,2.0,182.0,17.0,,,181.0,0.0
2,56600,VOLCANIC_ROCK_VOUCHER_10000,180.0,6.0,,,,,181.0,22.0,,,,,180.5,0.0
2,56700,VOLCANIC_ROCK_VOUCHER_10000,179.0,12.0,,,,,180.0,12.0,,,,,179.5,0.0
2,56800,VOLCANIC_ROCK_VOUCHER_10000,183.0,18.0,,,,,184.0,18.0,,,,,183.5,0.0
2,56900,VOLCANIC_ROCK_VOUCHER_10000,181.0,16.0,,,,,182.0,16.0,,,,,181.5,0.0
2,57000,VOLCANIC_ROCK_VOUCHER_10000,184.0,0.0,,,,,185.0,20.0,,,,,184.5,0.0
2,57100,VOLCANIC_ROCK_VOUCHER_10000,182.0,19.0,,,,,183.0,19.0,,,,,182.5,0.0
2,57200,VOLCANIC_ROCK_VOUCHER_10000,179.0,13.0,,,,,180.0,13.0,,,,,179.5,0.0
2,57300,VOLCANIC_ROCK_VOUCHER_10000,184.0,12.0,,,,,185.0,12.0,,,,,184.5,0.0
2,57400,VOLCANIC_ROCK_VOUCHER_10000,178.0,15.0,,,,,179.0,15.0,,,,,178.5,0.0
2,57500,VOLCANIC_ROCK_VOUCHER_10000,181.0,33.0,,,,,182.0,19.0,,,,,181.5,0.0
2,57600,VOLCANIC_ROCK_VOUCHER_10000,185.0,20.0,,,,,187.0,20.0,,,,,186.0,0.0
2,57700,VOLCANIC_ROCK_VOUCHER_10000,189.0,19.0,,,,,190.0,19.0,,,,,189.5,0.0
2,57800,VOLCANIC_ROCK_VOUCHER_10000,181.0,13.0,,,,,182.0,13.0,,,,,181.5,0.0
2,57900,VOLCANIC_ROCK_VOUCHER_10000,185.0,17.0,,,,,186.0,17.0,,,,,185.5,0.0
2,58000,VOLCANIC_ROCK_VOUCHER_10000,183.0,18.0,,,,,184.0,18.0,,,,,183.5,0.0
2,58100,VOLCANIC_ROCK_VOUCHER_10000,183.0,16.0,,,,,184.0,16.0,,,,,183.5,0.0
2,58200,VOLCANIC_ROCK_VOUCHER_10000,177.0,3.0,,,,,178.0,22.0,,,,,177.5,0.0
2,58300,VOLCANIC_ROCK_VOUCHER_10000,180.0,12.0,,,,,181.0,12.0,,,,,180.5,0.0
2,58400,VOLCANIC_ROCK_VOUCHER_10000,181.0,13.0,,,,,182.0,13.0,,,,,181.5,0.0
2,58500,VOLCANIC_ROCK_VOUCHER_10000,180.0,16.0,,,,,181.0,16.0,,,,,180.5,0.0
2,58600,VOLCANIC_ROCK_VOUCHER_10000,178.0,16.0,,,,,179.0,16.0,,,,,178.5,0.0
2,58700,VOLCANIC_ROCK_VOUCHER_10000,,,,,,,178.0,10.0,,,,,178.0,0.0
2,58800,VOLCANIC_ROCK_VOUCHER_10000,181.0,17.0,,,,,182.0,17.0,,,,,181.5,0.0
2,58900,VOLCANIC_ROCK_VOUCHER_10000,178.0,20.0,,,,,179.0,20.0,,,,,178.5,0.0
2,59000,VOLCANIC_ROCK_VOUCHER_10000,181.0,17.0,,,,,182.0,17.0,,,,,181.5,0.0
2,59100,VOLCANIC_ROCK_VOUCHER_10000,181.0,19.0,,,,,182.0,19.0,,,,,181.5,0.0
2,59200,VOLCANIC_ROCK_VOUCHER_10000,183.0,21.0,,,,,184.0,21.0,,,,,183.5,0.0
2,59300,VOLCANIC_ROCK_VOUCHER_10000,187.0,18.0,,,,,188.0,18.0,,,,,187.5,0.0
2,59400,VOLCANIC_ROCK_VOUCHER_10000,182.0,11.0,,,,,183.0,11.0,,,,,182.5,0.0
2,59500,VOLCANIC_ROCK_VOUCHER_10000,183.0,14.0,,,,,184.0,14.0,,,,,183.5,0.0
2,59600,VOLCANIC_ROCK_VOUCHER_10000,182.0,14.0,,,,,183.0,14.0,,,,,182.5,0.0
2,59700,VOLCANIC_ROCK_VOUCHER_10000,182.0,14.0,,,,,183.0,14.0,,,,,182.5,0.0
2,59800,VOLCANIC_ROCK_VOUCHER_10000,188.0,18.0,,,,,189.0,18.0,,,,,188.5,0.0
2,59900,VOLCANIC_ROCK_VOUCHER_10000,184.0,10.0,,,,,185.0,10.0,,,,,184.5,0.0
2,60000,VOLCANIC_ROCK_VOUCHER_10000,179.0,30.0,,,,,180.0,16.0,,,,,179.5,0.0
2,60100,VOLCANIC_ROCK_VOUCHER_10000,182.0,17.0,,,,,183.0,17.0,,,,,182.5,0.0
2,60200,VOLCANIC_ROCK_VOUCHER_10000,182.0,12.0,,,,,183.0,12.0,,,,,182.5,0.0
2,60300,VOLCANIC_ROCK_VOUCHER_10000,189.0,19.0,,,,,190.0,19.0,,,,,189.5,0.0
2,60400,VOLCANIC_ROCK_VOUCHER_10000,187.0,18.0,,,,,188.0,18.0,,,,,187.5,0.0
2,60500,VOLCANIC_ROCK_VOUCHER_10000,187.0,14.0,,,,,188.0,14.0,,,,,187.5,0.0
2,60600,VOLCANIC_ROCK_VOUCHER_10000,186.0,19.0,,,,,187.0,19.0,,,,,186.5,0.0
2,60700,VOLCANIC_ROCK_VOUCHER_10000,192.0,20.0,,,,,193.0,20.0,,,,,192.5,0.0
2,60800,VOLCANIC_ROCK_VOUCHER_10000,189.0,15.0,,,,,190.0,15.0,,,,,189.5,0.0
2,60900,VOLCANIC_ROCK_VOUCHER_10000,190.0,13.0,,,,,191.0,13.0,,,,,190.5,0.0
2,61000,VOLCANIC_ROCK_VOUCHER_10000,192.0,11.0,,,,,193.0,11.0,,,,,192.5,0.0
2,61100,VOLCANIC_ROCK_VOUCHER_10000,192.0,12.0,,,,,193.0,12.0,,,,,192.5,0.0
2,61200,VOLCANIC_ROCK_VOUCHER_10000,191.0,13.0,,,,,192.0,13.0,,,,,191.5,0.0
2,61300,VOLCANIC_ROCK_VOUCHER_10000,199.0,17.0,,,,,200.0,17.0,,,,,199.5,0.0
2,61400,VOLCANIC_ROCK_VOUCHER_10000,195.0,19.0,,,,,196.0,19.0,,,,,195.5,0.0
2,61500,VOLCANIC_ROCK_VOUCHER_10000,195.0,18.0,,,,,196.0,18.0,,,,,195.5,0.0
2,61600,VOLCANIC_ROCK_VOUCHER_10000,194.0,20.0,,,,,195.0,20.0,,,,,194.5,0.0
2,61700,VOLCANIC_ROCK_VOUCHER_10000,195.0,18.0,,,,,196.0,18.0,,,,,195.5,0.0
2,61800,VOLCANIC_ROCK_VOUCHER_10000,194.0,18.0,,,,,195.0,18.0,,,,,194.5,0.0
2,61900,VOLCANIC_ROCK_VOUCHER_10000,201.0,15.0,,,,,202.0,15.0,,,,,201.5,0.0
2,62000,VOLCANIC_ROCK_VOUCHER_10000,197.0,21.0,,,,,198.0,21.0,,,,,197.5,0.0
2,62100,VOLCANIC_ROCK_VOUCHER_10000,204.0,19.0,,,,,205.0,19.0,,,,,204.5,0.0
2,62200,VOLCANIC_ROCK_VOUCHER_10000,203.0,12.0,,,,,204.0,12.0,,,,,203.5,0.0
2,62300,VOLCANIC_ROCK_VOUCHER_10000,203.0,15.0,,,,,204.0,15.0,,,,,203.5,0.0
2,62400,VOLCANIC_ROCK_VOUCHER_10000,203.0,20.0,,,,,204.0,20.0,,,,,203.5,0.0
2,62500,VOLCANIC_ROCK_VOUCHER_10000,207.0,14.0,,,,,208.0,14.0,,,,,207.5,0.0
2,62600,VOLCANIC_ROCK_VOUCHER_10000,202.0,14.0,,,,,203.0,14.0,,,,,202.5,0.0
2,62700,VOLCANIC_ROCK_VOUCHER_10000,204.0,16.0,,,,,205.0,16.0,,,,,204.5,0.0
2,62800,VOLCANIC_ROCK_VOUCHER_10000,200.0,12.0,,,,,201.0,12.0,,,,,200.5,0.0
2,62900,VOLCANIC_ROCK_VOUCHER_10000,196.0,15.0,,,,,197.0,15.0,,,,,196.5,0.0
2,63000,VOLCANIC_ROCK_VOUCHER_10000,202.0,18.0,,,,,203.0,18.0,,,,,202.5,0.0
2,63100,VOLCANIC_ROCK_VOUCHER_10000,198.0,20.0,,,,,199.0,20.0,,,,,198.5,0.0
2,63200,VOLCANIC_ROCK_VOUCHER_10000,201.0,12.0,,,,,202.0,12.0,,,,,201.5,0.0
2,63300,VOLCANIC_ROCK_VOUCHER_10000,201.0,37.0,,,,,202.0,17.0,,,,,201.5,0.0
2,63400,VOLCANIC_ROCK_VOUCHER_10000,198.0,15.0,,,,,199.0,15.0,,,,,198.5,0.0
2,63500,VOLCANIC_ROCK_VOUCHER_10000,205.0,20.0,,,,,206.0,20.0,,,,,205.5,0.0
2,63600,VOLCANIC_ROCK_VOUCHER_10000,202.0,13.0,,,,,203.0,13.0,,,,,202.5,0.0
2,63700,VOLCANIC_ROCK_VOUCHER_10000,202.0,19.0,,,,,203.0,19.0,,,,,202.5,0.0
2,63800,VOLCANIC_ROCK_VOUCHER_10000,205.0,31.0,,,,,206.0,11.0,,,,,205.5,0.0
2,63900,VOLCANIC_ROCK_VOUCHER_10000,204.0,21.0,,,,,205.0,21.0,,,,,204.5,0.0
2,64000,VOLCANIC_ROCK_VOUCHER_10000,205.0,15.0,,,,,206.0,15.0,,,,,205.5,0.0
2,64100,VOLCANIC_ROCK_VOUCHER_10000,203.0,19.0,,,,,204.0,19.0,,,,,203.5,0.0
2,64200,VOLCANIC_ROCK_VOUCHER_10000,202.0,20.0,,,,,203.0,20.0,,,,,202.5,0.0
2,64300,VOLCANIC_ROCK_VOUCHER_10000,201.0,13.0,,,,,202.0,13.0,,,,,201.5,0.0
2,64400,VOLCANIC_ROCK_VOUCHER_10000,203.0,13.0,,,,,204.0,13.0,,,,,203.5,0.0
2,64500,VOLCANIC_ROCK_VOUCHER_10000,208.0,13.0,,,,,209.0,13.0,,,,,208.5,0.0
2,64600,VOLCANIC_ROCK_VOUCHER_10000,207.0,13.0,,,,,208.0,13.0,,,,,207.5,0.0
2,64700,VOLCANIC_ROCK_VOUCHER_10000,207.0,12.0,,,,,208.0,12.0,,,,,207.5,0.0
2,64800,VOLCANIC_ROCK_VOUCHER_10000,208.0,10.0,,,,,209.0,10.0,,,,,208.5,0.0
2,64900,VOLCANIC_ROCK_VOUCHER_10000,211.0,17.0,,,,,213.0,17.0,,,,,212.0,0.0
2,65000,VOLCANIC_ROCK_VOUCHER_10000,206.0,21.0,,,,,207.0,21.0,,,,,206.5,0.0
2,65100,VOLCANIC_ROCK_VOUCHER_10000,205.0,13.0,,,,,206.0,13.0,,,,,205.5,0.0
2,65200,VOLCANIC_ROCK_VOUCHER_10000,205.0,21.0,,,,,206.0,17.0,207.0,21.0,,,205.5,0.0
2,65300,VOLCANIC_ROCK_VOUCHER_10000,205.0,13.0,,,,,206.0,13.0,,,,,205.5,0.0
2,65400,VOLCANIC_ROCK_VOUCHER_10000,208.0,15.0,,,,,209.0,15.0,,,,,208.5,0.0
2,65500,VOLCANIC_ROCK_VOUCHER_10000,210.0,18.0,,,,,211.0,18.0,,,,,210.5,0.0
2,65600,VOLCANIC_ROCK_VOUCHER_10000,209.0,16.0,,,,,210.0,16.0,,,,,209.5,0.0
2,65700,VOLCANIC_ROCK_VOUCHER_10000,211.0,17.0,,,,,212.0,17.0,,,,,211.5,0.0
2,65800,VOLCANIC_ROCK_VOUCHER_10000,208.0,18.0,,,,,209.0,18.0,,,,,208.5,0.0
2,65900,VOLCANIC_ROCK_VOUCHER_10000,207.0,15.0,,,,,208.0,15.0,,,,,207.5,0.0
2,66000,VOLCANIC_ROCK_VOUCHER_10000,208.0,22.0,,,,,209.0,22.0,,,,,208.5,0.0
2,66100,VOLCANIC_ROCK_VOUCHER_10000,204.0,20.0,,,,,205.0,20.0,,,,,204.5,0.0
2,66200,VOLCANIC_ROCK_VOUCHER_10000,204.0,21.0,,,,,205.0,21.0,,,,,204.5,0.0
2,66300,VOLCANIC_ROCK_VOUCHER_10000,205.0,3.0,,,,,206.0,16.0,,,,,205.5,0.0
2,66400,VOLCANIC_ROCK_VOUCHER_10000,200.0,12.0,,,,,201.0,12.0,,,,,200.5,0.0
2,66500,VOLCANIC_ROCK_VOUCHER_10000,201.0,12.0,,,,,202.0,12.0,,,,,201.5,0.0
2,66600,VOLCANIC_ROCK_VOUCHER_10000,202.0,22.0,,,,,203.0,22.0,,,,,202.5,0.0
2,66700,VOLCANIC_ROCK_VOUCHER_10000,199.0,12.0,,,,,200.0,12.0,,,,,199.5,0.0
2,66800,VOLCANIC_ROCK_VOUCHER_10000,197.0,18.0,,,,,198.0,18.0,,,,,197.5,0.0
2,66900,VOLCANIC_ROCK_VOUCHER_10000,202.0,14.0,,,,,203.0,14.0,,,,,202.5,0.0
2,67000,VOLCANIC_ROCK_VOUCHER_10000,201.0,17.0,,,,,202.0,17.0,,,,,201.5,0.0
2,67100,VOLCANIC_ROCK_VOUCHER_10000,200.0,15.0,,,,,201.0,15.0,,,,,200.5,0.0
2,67200,VOLCANIC_ROCK_VOUCHER_10000,201.0,1.0,,,,,202.0,13.0,,,,,201.5,0.0
2,67300,VOLCANIC_ROCK_VOUCHER_10000,197.0,19.0,,,,,198.0,19.0,,,,,197.5,0.0
2,67400,VOLCANIC_ROCK_VOUCHER_10000,201.0,18.0,,,,,202.0,18.0,,,,,201.5,0.0
2,67500,VOLCANIC_ROCK_VOUCHER_10000,198.0,19.0,,,,,199.0,19.0,,,,,198.5,0.0
2,67600,VOLCANIC_ROCK_VOUCHER_10000,197.0,18.0,,,,,198.0,18.0,,,,,197.5,0.0
2,67700,VOLCANIC_ROCK_VOUCHER_10000,204.0,17.0,,,,,205.0,17.0,,,,,204.5,0.0
2,67800,VOLCANIC_ROCK_VOUCHER_10000,200.0,16.0,,,,,201.0,16.0,,,,,200.5,0.0
2,67900,VOLCANIC_ROCK_VOUCHER_10000,198.0,20.0,,,,,199.0,20.0,,,,,198.5,0.0
2,68000,VOLCANIC_ROCK_VOUCHER_10000,199.0,15.0,,,,,200.0,15.0,,,,,199.5,0.0
2,68100,VOLCANIC_ROCK_VOUCHER_10000,204.0,13.0,,,,,205.0,13.0,,,,,204.5,0.0
2,68200,VOLCANIC_ROCK_VOUCHER_10000,198.0,11.0,,,,,199.0,11.0,,,,,198.5,0.0
2,68300,VOLCANIC_ROCK_VOUCHER_10000,201.0,34.0,,,,,202.0,16.0,,,,,201.5,0.0
2,68400,VOLCANIC_ROCK_VOUCHER_10000,202.0,20.0,,,,,203.0,20.0,,,,,202.5,0.0
2,68500,VOLCANIC_ROCK_VOUCHER_10000,208.0,15.0,,,,,209.0,15.0,,,,,208.5,0.0
2,68600,VOLCANIC_ROCK_VOUCHER_10000,207.0,11.0,,,,,208.0,11.0,,,,,207.5,0.0
2,68700,VOLCANIC_ROCK_VOUCHER_10000,211.0,11.0,,,,,213.0,11.0,,,,,212.0,0.0
2,68800,VOLCANIC_ROCK_VOUCHER_10000,208.0,21.0,,,,,209.0,21.0,,,,,208.5,0.0
2,68900,VOLCANIC_ROCK_VOUCHER_10000,210.0,14.0,,,,,211.0,14.0,,,,,210.5,0.0
2,69000,VOLCANIC_ROCK_VOUCHER_10000,207.0,19.0,,,,,208.0,19.0,,,,,207.5,0.0
2,69100,VOLCANIC_ROCK_VOUCHER_10000,209.0,21.0,,,,,210.0,14.0,,,,,209.5,0.0
2,69200,VOLCANIC_ROCK_VOUCHER_10000,209.0,14.0,,,,,210.0,14.0,,,,,209.5,0.0
2,69300,VOLCANIC_ROCK_VOUCHER_10000,209.0,3.0,,,,,210.0,18.0,,,,,209.5,0.0
2,69400,VOLCANIC_ROCK_VOUCHER_10000,203.0,22.0,,,,,204.0,22.0,,,,,203.5,0.0
2,69500,VOLCANIC_ROCK_VOUCHER_10000,205.0,21.0,,,,,206.0,21.0,,,,,205.5,0.0
2,69600,VOLCANIC_ROCK_VOUCHER_10000,,,,,,,207.0,20.0,,,,,207.0,0.0
2,69700,VOLCANIC_ROCK_VOUCHER_10000,206.0,16.0,,,,,207.0,16.0,,,,,206.5,0.0
2,69800,VOLCANIC_ROCK_VOUCHER_10000,204.0,12.0,,,,,205.0,12.0,,,,,204.5,0.0
2,69900,VOLCANIC_ROCK_VOUCHER_10000,205.0,11.0,,,,,206.0,11.0,,,,,205.5,0.0
2,70000,VOLCANIC_ROCK_VOUCHER_10000,205.0,18.0,,,,,206.0,18.0,,,,,205.5,0.0
2,70100,VOLCANIC_ROCK_VOUCHER_10000,205.0,19.0,,,,,206.0,19.0,,,,,205.5,0.0
2,70200,VOLCANIC_ROCK_VOUCHER_10000,204.0,23.0,,,,,205.0,16.0,,,,,204.5,0.0
2,70300,VOLCANIC_ROCK_VOUCHER_10000,205.0,16.0,,,,,206.0,16.0,,,,,205.5,0.0
2,70400,VOLCANIC_ROCK_VOUCHER_10000,210.0,14.0,,,,,212.0,14.0,,,,,211.0,0.0
2,70500,VOLCANIC_ROCK_VOUCHER_10000,209.0,19.0,,,,,210.0,19.0,,,,,209.5,0.0
2,70600,VOLCANIC_ROCK_VOUCHER_10000,202.0,20.0,,,,,203.0,20.0,,,,,202.5,0.0
2,70700,VOLCANIC_ROCK_VOUCHER_10000,203.0,18.0,,,,,204.0,18.0,,,,,203.5,0.0
2,70800,VOLCANIC_ROCK_VOUCHER_10000,205.0,14.0,,,,,206.0,14.0,,,,,205.5,0.0
2,70900,VOLCANIC_ROCK_VOUCHER_10000,204.0,17.0,,,,,205.0,17.0,,,,,204.5,0.0
2,71000,VOLCANIC_ROCK_VOUCHER_10000,205.0,21.0,,,,,206.0,21.0,,,,,205.5,0.0
2,71100,VOLCANIC_ROCK_VOUCHER_10000,206.0,20.0,,,,,207.0,20.0,,,,,206.5,0.0
2,71200,VOLCANIC_ROCK_VOUCHER_10000,205.0,1.0,204.0,14.0,,,206.0,15.0,,,,,205.5,0.0
2,71300,VOLCANIC_ROCK_VOUCHER_10000,208.0,18.0,,,,,209.0,18.0,,,,,208.5,0.0
2,71400,VOLCANIC_ROCK_VOUCHER_10000,209.0,35.0,,,,,210.0,18.0,,,,,209.5,0.0
2,71500,VOLCANIC_ROCK_VOUCHER_10000,209.0,18.0,,,,,210.0,18.0,,,,,209.5,0.0
2,71600,VOLCANIC_ROCK_VOUCHER_10000,208.0,34.0,,,,,209.0,20.0,,,,,208.5,0.0
2,71700,VOLCANIC_ROCK_VOUCHER_10000,,,,,,,206.0,6.0,208.0,12.0,,,206.0,0.0
2,71800,VOLCANIC_ROCK_VOUCHER_10000,208.0,20.0,,,,,209.0,20.0,,,,,208.5,0.0
2,71900,VOLCANIC_ROCK_VOUCHER_10000,205.0,35.0,,,,,206.0,17.0,,,,,205.5,0.0
2,72000,VOLCANIC_ROCK_VOUCHER_10000,207.0,16.0,,,,,208.0,16.0,,,,,207.5,0.0
2,72100,VOLCANIC_ROCK_VOUCHER_10000,203.0,32.0,,,,,204.0,18.0,,,,,203.5,0.0
2,72200,VOLCANIC_ROCK_VOUCHER_10000,204.0,14.0,,,,,205.0,14.0,,,,,204.5,0.0
2,72300,VOLCANIC_ROCK_VOUCHER_10000,208.0,18.0,,,,,209.0,18.0,,,,,208.5,0.0
2,72400,VOLCANIC_ROCK_VOUCHER_10000,204.0,18.0,,,,,205.0,18.0,,,,,204.5,0.0
2,72500,VOLCANIC_ROCK_VOUCHER_10000,202.0,20.0,,,,,203.0,20.0,,,,,202.5,0.0
2,72600,VOLCANIC_ROCK_VOUCHER_10000,201.0,18.0,,,,,202.0,18.0,,,,,201.5,0.0
2,72700,VOLCANIC_ROCK_VOUCHER_10000,198.0,15.0,,,,,199.0,15.0,,,,,198.5,0.0
2,72800,VOLCANIC_ROCK_VOUCHER_10000,197.0,13.0,,,,,198.0,13.0,,,,,197.5,0.0
2,72900,VOLCANIC_ROCK_VOUCHER_10000,201.0,21.0,,,,,202.0,21.0,,,,,201.5,0.0
2,73000,VOLCANIC_ROCK_VOUCHER_10000,202.0,6.0,,,,,203.0,18.0,,,,,202.5,0.0
2,73100,VOLCANIC_ROCK_VOUCHER_10000,202.0,20.0,,,,,203.0,20.0,,,,,202.5,0.0
2,73200,VOLCANIC_ROCK_VOUCHER_10000,204.0,22.0,,,,,205.0,22.0,,,,,204.5,0.0
2,73300,VOLCANIC_ROCK_VOUCHER_10000,200.0,11.0,,,,,201.0,11.0,,,,,200.5,0.0
2,73400,VOLCANIC_ROCK_VOUCHER_10000,199.0,21.0,,,,,200.0,21.0,,,,,199.5,0.0
2,73500,VOLCANIC_ROCK_VOUCHER_10000,202.0,11.0,,,,,203.0,11.0,,,,,202.5,0.0
2,73600,VOLCANIC_ROCK_VOUCHER_10000,202.0,17.0,,,,,203.0,17.0,,,,,202.5,0.0
2,73700,VOLCANIC_ROCK_VOUCHER_10000,198.0,17.0,,,,,199.0,17.0,,,,,198.5,0.0
2,73800,VOLCANIC_ROCK_VOUCHER_10000,204.0,21.0,,,,,205.0,21.0,,,,,204.5,0.0
2,73900,VOLCANIC_ROCK_VOUCHER_10000,199.0,20.0,,,,,200.0,20.0,,,,,199.5,0.0
2,74000,VOLCANIC_ROCK_VOUCHER_10000,204.0,15.0,,,,,205.0,15.0,,,,,204.5,0.0
2,74100,VOLCANIC_ROCK_VOUCHER_10000,208.0,17.0,,,,,209.0,17.0,,,,,208.5,0.0
2,74200,VOLCANIC_ROCK_VOUCHER_10000,205.0,19.0,,,,,206.0,19.0,,,,,205.5,0.0
2,74300,VOLCANIC_ROCK_VOUCHER_10000,208.0,21.0,,,,,209.0,21.0,,,,,208.5,0.0
2,74400,VOLCANIC_ROCK_VOUCHER_10000,205.0,20.0,,,,,206.0,20.0,,,,,205.5,0.0
2,74500,VOLCANIC_ROCK_VOUCHER_10000,205.0,17.0,,,,,206.0,17.0,,,,,205.5,0.0
2,74600,VOLCANIC_ROCK_VOUCHER_10000,206.0,14.0,,,,,207.0,14.0,,,,,206.5,0.0
2,74700,VOLCANIC_ROCK_VOUCHER_10000,207.0,15.0,,,,,208.0,15.0,,,,,207.5,0.0
2,74800,VOLCANIC_ROCK_VOUCHER_10000,204.0,13.0,,,,,205.0,13.0,,,,,204.5,0.0
2,74900,VOLCANIC_ROCK_VOUCHER_10000,199.0,3.0,,,,,200.0,17.0,,,,,199.5,0.0
2,75000,VOLCANIC_ROCK_VOUCHER_10000,202.0,17.0,,,,,203.0,17.0,,,,,202.5,0.0
2,75100,VOLCANIC_ROCK_VOUCHER_10000,206.0,11.0,,,,,207.0,11.0,,,,,206.5,0.0
2,75200,VOLCANIC_ROCK_VOUCHER_10000,204.0,15.0,,,,,205.0,15.0,,,,,204.5,0.0
2,75300,VOLCANIC_ROCK_VOUCHER_10000,204.0,19.0,,,,,205.0,19.0,,,,,204.5,0.0
2,75400,VOLCANIC_ROCK_VOUCHER_10000,202.0,20.0,,,,,203.0,20.0,,,,,202.5,0.0
2,75500,VOLCANIC_ROCK_VOUCHER_10000,204.0,17.0,,,,,206.0,17.0,,,,,205.0,0.0
2,75600,VOLCANIC_ROCK_VOUCHER_10000,207.0,22.0,,,,,208.0,22.0,,,,,207.5,0.0
2,75700,VOLCANIC_ROCK_VOUCHER_10000,203.0,14.0,,,,,204.0,14.0,,,,,203.5,0.0
2,75800,VOLCANIC_ROCK_VOUCHER_10000,199.0,17.0,,,,,200.0,17.0,,,,,199.5,0.0
2,75900,VOLCANIC_ROCK_VOUCHER_10000,204.0,20.0,,,,,205.0,20.0,,,,,204.5,0.0
2,76000,VOLCANIC_ROCK_VOUCHER_10000,200.0,1.0,,,,,201.0,18.0,,,,,200.5,0.0
2,76100,VOLCANIC_ROCK_VOUCHER_10000,203.0,12.0,,,,,204.0,12.0,,,,,203.5,0.0
2,76200,VOLCANIC_ROCK_VOUCHER_10000,203.0,16.0,,,,,204.0,16.0,,,,,203.5,0.0
2,76300,VOLCANIC_ROCK_VOUCHER_10000,202.0,11.0,,,,,203.0,11.0,,,,,202.5,0.0
2,76400,VOLCANIC_ROCK_VOUCHER_10000,202.0,15.0,,,,,203.0,15.0,,,,,202.5,0.0
2,76500,VOLCANIC_ROCK_VOUCHER_10000,202.0,18.0,,,,,203.0,18.0,,,,,202.5,0.0
2,76600,VOLCANIC_ROCK_VOUCHER_10000,200.0,16.0,,,,,201.0,16.0,,,,,200.5,0.0
2,76700,VOLCANIC_ROCK_VOUCHER_10000,206.0,18.0,,,,,207.0,18.0,,,,,206.5,0.0
2,76800,VOLCANIC_ROCK_VOUCHER_10000,202.0,15.0,,,,,203.0,15.0,,,,,202.5,0.0
2,76900,VOLCANIC_ROCK_VOUCHER_10000,201.0,13.0,,,,,202.0,13.0,,,,,201.5,0.0
2,77000,VOLCANIC_ROCK_VOUCHER_10000,204.0,13.0,,,,,205.0,13.0,,,,,204.5,0.0
2,77100,VOLCANIC_ROCK_VOUCHER_10000,203.0,10.0,,,,,204.0,10.0,,,,,203.5,0.0
2,77200,VOLCANIC_ROCK_VOUCHER_10000,202.0,18.0,,,,,203.0,18.0,,,,,202.5,0.0
2,77300,VOLCANIC_ROCK_VOUCHER_10000,200.0,20.0,,,,,201.0,20.0,,,,,200.5,0.0
2,77400,VOLCANIC_ROCK_VOUCHER_10000,203.0,21.0,,,,,204.0,21.0,,,,,203.5,0.0
2,77500,VOLCANIC_ROCK_VOUCHER_10000,202.0,20.0,,,,,203.0,20.0,,,,,202.5,0.0
2,77600,VOLCANIC_ROCK_VOUCHER_10000,204.0,21.0,,,,,205.0,21.0,,,,,204.5,0.0
2,77700,VOLCANIC_ROCK_VOUCHER_10000,203.0,12.0,,,,,204.0,12.0,,,,,203.5,0.0
2,77800,VOLCANIC_ROCK_VOUCHER_10000,202.0,16.0,,,,,203.0,16.0,,,,,202.5,0.0
2,77900,VOLCANIC_ROCK_VOUCHER_10000,202.0,13.0,,,,,203.0,13.0,,,,,202.5,0.0
2,78000,VOLCANIC_ROCK_VOUCHER_10000,203.0,22.0,,,,,204.0,22.0,,,,,203.5,0.0
2,78100,VOLCANIC_ROCK_VOUCHER_10000,203.0,11.0,,,,,204.0,11.0,,,,,203.5,0.0
2,78200,VOLCANIC_ROCK_VOUCHER_10000,201.0,12.0,,,,,202.0,12.0,,,,,201.5,0.0
2,78300,VOLCANIC_ROCK_VOUCHER_10000,200.0,19.0,,,,,201.0,19.0,,,,,200.5,0.0
2,78400,VOLCANIC_ROCK_VOUCHER_10000,198.0,17.0,,,,,199.0,17.0,,,,,198.5,0.0
2,78500,VOLCANIC_ROCK_VOUCHER_10000,198.0,6.0,,,,,199.0,20.0,,,,,198.5,0.0
2,78600,VOLCANIC_ROCK_VOUCHER_10000,198.0,11.0,,,,,199.0,11.0,,,,,198.5,0.0
2,78700,VOLCANIC_ROCK_VOUCHER_10000,202.0,17.0,,,,,203.0,17.0,,,,,202.5,0.0
2,78800,VOLCANIC_ROCK_VOUCHER_10000,200.0,20.0,,,,,201.0,20.0,,,,,200.5,0.0
2,78900,VOLCANIC_ROCK_VOUCHER_10000,199.0,22.0,,,,,200.0,22.0,,,,,199.5,0.0
2,79000,VOLCANIC_ROCK_VOUCHER_10000,200.0,16.0,,,,,201.0,16.0,,,,,200.5,0.0
2,79100,VOLCANIC_ROCK_VOUCHER_10000,201.0,38.0,,,,,202.0,20.0,,,,,201.5,0.0
2,79200,VOLCANIC_ROCK_VOUCHER_10000,200.0,35.0,,,,,201.0,18.0,,,,,200.5,0.0
2,79300,VOLCANIC_ROCK_VOUCHER_10000,197.0,17.0,,,,,198.0,17.0,,,,,197.5,0.0
2,79400,VOLCANIC_ROCK_VOUCHER_10000,201.0,16.0,,,,,202.0,16.0,,,,,201.5,0.0
2,79500,VOLCANIC_ROCK_VOUCHER_10000,198.0,14.0,,,,,199.0,14.0,,,,,198.5,0.0
2,79600,VOLCANIC_ROCK_VOUCHER_10000,198.0,16.0,,,,,199.0,16.0,,,,,198.5,0.0
2,79700,VOLCANIC_ROCK_VOUCHER_10000,200.0,34.0,,,,,201.0,17.0,,,,,200.5,0.0
2,79800,VOLCANIC_ROCK_VOUCHER_10000,199.0,16.0,,,,,200.0,16.0,,,,,199.5,0.0
2,79900,VOLCANIC_ROCK_VOUCHER_10000,195.0,18.0,,,,,196.0,18.0,,,,,195.5,0.0
2,80000,VOLCANIC_ROCK_VOUCHER_10000,198.0,4.0,,,,,199.0,19.0,,,,,198.5,0.0
2,80100,VOLCANIC_ROCK_VOUCHER_10000,198.0,16.0,,,,,199.0,16.0,,,,,198.5,0.0
2,80200,VOLCANIC_ROCK_VOUCHER_10000,196.0,1.0,,,,,197.0,13.0,,,,,196.5,0.0
2,80300,VOLCANIC_ROCK_VOUCHER_10000,200.0,14.0,,,,,201.0,14.0,,,,,200.5,0.0
2,80400,VOLCANIC_ROCK_VOUCHER_10000,202.0,20.0,,,,,203.0,20.0,,,,,202.5,0.0
2,80500,VOLCANIC_ROCK_VOUCHER_10000,202.0,11.0,,,,,203.0,11.0,,,,,202.5,0.0
2,80600,VOLCANIC_ROCK_VOUCHER_10000,203.0,10.0,,,,,204.0,10.0,,,,,203.5,0.0
2,80700,VOLCANIC_ROCK_VOUCHER_10000,205.0,20.0,,,,,206.0,20.0,,,,,205.5,0.0
2,80800,VOLCANIC_ROCK_VOUCHER_10000,207.0,31.0,,,,,208.0,16.0,,,,,207.5,0.0
2,80900,VOLCANIC_ROCK_VOUCHER_10000,203.0,20.0,,,,,204.0,20.0,,,,,203.5,0.0
2,81000,VOLCANIC_ROCK_VOUCHER_10000,201.0,17.0,,,,,203.0,17.0,,,,,202.0,0.0
2,81100,VOLCANIC_ROCK_VOUCHER_10000,204.0,19.0,,,,,205.0,19.0,,,,,204.5,0.0
2,81200,VOLCANIC_ROCK_VOUCHER_10000,203.0,20.0,,,,,204.0,20.0,,,,,203.5,0.0
2,81300,VOLCANIC_ROCK_VOUCHER_10000,200.0,18.0,,,,,201.0,18.0,,,,,200.5,0.0
2,81400,VOLCANIC_ROCK_VOUCHER_10000,200.0,15.0,,,,,201.0,15.0,,,,,200.5,0.0
2,81500,VOLCANIC_ROCK_VOUCHER_10000,202.0,15.0,,,,,203.0,15.0,,,,,202.5,0.0
2,81600,VOLCANIC_ROCK_VOUCHER_10000,199.0,19.0,,,,,200.0,19.0,,,,,199.5,0.0
2,81700,VOLCANIC_ROCK_VOUCHER_10000,200.0,12.0,,,,,201.0,12.0,,,,,200.5,0.0
2,81800,VOLCANIC_ROCK_VOUCHER_10000,202.0,13.0,,,,,203.0,13.0,,,,,202.5,0.0
2,81900,VOLCANIC_ROCK_VOUCHER_10000,200.0,13.0,,,,,201.0,13.0,,,,,200.5,0.0
2,82000,VOLCANIC_ROCK_VOUCHER_10000,199.0,15.0,,,,,200.0,15.0,,,,,199.5,0.0
2,82100,VOLCANIC_ROCK_VOUCHER_10000,203.0,17.0,,,,,204.0,17.0,,,,,203.5,0.0
2,82200,VOLCANIC_ROCK_VOUCHER_10000,206.0,13.0,,,,,207.0,13.0,,,,,206.5,0.0
2,82300,VOLCANIC_ROCK_VOUCHER_10000,203.0,10.0,,,,,204.0,10.0,,,,,203.5,0.0
2,82400,VOLCANIC_ROCK_VOUCHER_10000,203.0,14.0,,,,,204.0,14.0,,,,,203.5,0.0
2,82500,VOLCANIC_ROCK_VOUCHER_10000,203.0,21.0,,,,,204.0,21.0,,,,,203.5,0.0
2,82600,VOLCANIC_ROCK_VOUCHER_10000,202.0,15.0,,,,,203.0,15.0,,,,,202.5,0.0
2,82700,VOLCANIC_ROCK_VOUCHER_10000,203.0,18.0,,,,,204.0,18.0,,,,,203.5,0.0
2,82800,VOLCANIC_ROCK_VOUCHER_10000,205.0,12.0,,,,,206.0,12.0,,,,,205.5,0.0
2,82900,VOLCANIC_ROCK_VOUCHER_10000,205.0,12.0,,,,,206.0,12.0,,,,,205.5,0.0
2,83000,VOLCANIC_ROCK_VOUCHER_10000,207.0,14.0,,,,,208.0,14.0,,,,,207.5,0.0
2,83100,VOLCANIC_ROCK_VOUCHER_10000,207.0,29.0,,,,,208.0,16.0,,,,,207.5,0.0
2,83200,VOLCANIC_ROCK_VOUCHER_10000,203.0,16.0,,,,,204.0,16.0,,,,,203.5,0.0
2,83300,VOLCANIC_ROCK_VOUCHER_10000,204.0,16.0,,,,,205.0,16.0,,,,,204.5,0.0
2,83400,VOLCANIC_ROCK_VOUCHER_10000,202.0,18.0,,,,,203.0,18.0,,,,,202.5,0.0
2,83500,VOLCANIC_ROCK_VOUCHER_10000,201.0,12.0,,,,,202.0,12.0,,,,,201.5,0.0
2,83600,VOLCANIC_ROCK_VOUCHER_10000,203.0,14.0,,,,,204.0,14.0,,,,,203.5,0.0
2,83700,VOLCANIC_ROCK_VOUCHER_10000,207.0,22.0,,,,,208.0,22.0,,,,,207.5,0.0
2,83800,VOLCANIC_ROCK_VOUCHER_10000,204.0,8.0,,,,,205.0,19.0,,,,,204.5,0.0
2,83900,VOLCANIC_ROCK_VOUCHER_10000,206.0,14.0,,,,,207.0,14.0,,,,,206.5,0.0
2,84000,VOLCANIC_ROCK_VOUCHER_10000,203.0,14.0,,,,,204.0,14.0,,,,,203.5,0.0
2,84100,VOLCANIC_ROCK_VOUCHER_10000,200.0,20.0,,,,,201.0,20.0,,,,,200.5,0.0
2,84200,VOLCANIC_ROCK_VOUCHER_10000,202.0,16.0,,,,,203.0,16.0,,,,,202.5,0.0
2,84300,VOLCANIC_ROCK_VOUCHER_10000,200.0,19.0,,,,,201.0,19.0,,,,,200.5,0.0
2,84400,VOLCANIC_ROCK_VOUCHER_10000,196.0,10.0,,,,,197.0,10.0,,,,,196.5,0.0
2,84500,VOLCANIC_ROCK_VOUCHER_10000,198.0,16.0,,,,,199.0,16.0,,,,,198.5,0.0
2,84600,VOLCANIC_ROCK_VOUCHER_10000,198.0,22.0,,,,,199.0,22.0,,,,,198.5,0.0
2,84700,VOLCANIC_ROCK_VOUCHER_10000,203.0,13.0,,,,,205.0,13.0,,,,,204.0,0.0
2,84800,VOLCANIC_ROCK_VOUCHER_10000,203.0,13.0,,,,,204.0,13.0,,,,,203.5,0.0
2,84900,VOLCANIC_ROCK_VOUCHER_10000,200.0,15.0,,,,,201.0,15.0,,,,,200.5,0.0
2,85000,VOLCANIC_ROCK_VOUCHER_10000,199.0,14.0,,,,,200.0,14.0,,,,,199.5,0.0
2,85100,VOLCANIC_ROCK_VOUCHER_10000,199.0,7.0,,,,,200.0,12.0,,,,,199.5,0.0
2,85200,VOLCANIC_ROCK_VOUCHER_10000,198.0,12.0,,,,,199.0,12.0,,,,,198.5,0.0
2,85300,VOLCANIC_ROCK_VOUCHER_10000,201.0,13.0,,,,,202.0,13.0,,,,,201.5,0.0
2,85400,VOLCANIC_ROCK_VOUCHER_10000,197.0,1.0,,,,,198.0,10.0,,,,,197.5,0.0
2,85500,VOLCANIC_ROCK_VOUCHER_10000,201.0,17.0,,,,,202.0,17.0,,,,,201.5,0.0
2,85600,VOLCANIC_ROCK_VOUCHER_10000,199.0,14.0,,,,,200.0,14.0,,,,,199.5,0.0
2,85700,VOLCANIC_ROCK_VOUCHER_10000,198.0,19.0,,,,,199.0,19.0,,,,,198.5,0.0
2,85800,VOLCANIC_ROCK_VOUCHER_10000,200.0,10.0,,,,,201.0,10.0,,,,,200.5,0.0
2,85900,VOLCANIC_ROCK_VOUCHER_10000,200.0,22.0,,,,,201.0,22.0,,,,,200.5,0.0
2,86000,VOLCANIC_ROCK_VOUCHER_10000,197.0,12.0,,,,,198.0,12.0,,,,,197.5,0.0
2,86100,VOLCANIC_ROCK_VOUCHER_10000,191.0,17.0,,,,,192.0,17.0,,,,,191.5,0.0
2,86200,VOLCANIC_ROCK_VOUCHER_10000,194.0,15.0,,,,,195.0,15.0,,,,,194.5,0.0
2,86300,VOLCANIC_ROCK_VOUCHER_10000,193.0,13.0,,,,,194.0,13.0,,,,,193.5,0.0
2,86400,VOLCANIC_ROCK_VOUCHER_10000,195.0,27.0,,,,,196.0,12.0,,,,,195.5,0.0
2,86500,VOLCANIC_ROCK_VOUCHER_10000,193.0,12.0,,,,,194.0,12.0,,,,,193.5,0.0
2,86600,VOLCANIC_ROCK_VOUCHER_10000,193.0,19.0,,,,,194.0,19.0,,,,,193.5,0.0
2,86700,VOLCANIC_ROCK_VOUCHER_10000,195.0,13.0,,,,,196.0,13.0,,,,,195.5,0.0
2,86800,VOLCANIC_ROCK_VOUCHER_10000,189.0,22.0,,,,,190.0,22.0,,,,,189.5,0.0
2,86900,VOLCANIC_ROCK_VOUCHER_10000,196.0,16.0,,,,,197.0,16.0,,,,,196.5,0.0
2,87000,VOLCANIC_ROCK_VOUCHER_10000,191.0,12.0,,,,,192.0,12.0,,,,,191.5,0.0
2,87100,VOLCANIC_ROCK_VOUCHER_10000,191.0,33.0,,,,,192.0,16.0,,,,,191.5,0.0
2,87200,VOLCANIC_ROCK_VOUCHER_10000,190.0,15.0,,,,,191.0,15.0,,,,,190.5,0.0
2,87300,VOLCANIC_ROCK_VOUCHER_10000,191.0,13.0,,,,,192.0,13.0,,,,,191.5,0.0
2,87400,VOLCANIC_ROCK_VOUCHER_10000,193.0,16.0,,,,,194.0,16.0,,,,,193.5,0.0
2,87500,VOLCANIC_ROCK_VOUCHER_10000,191.0,16.0,,,,,192.0,16.0,,,,,191.5,0.0
2,87600,VOLCANIC_ROCK_VOUCHER_10000,193.0,20.0,,,,,194.0,20.0,,,,,193.5,0.0
2,87700,VOLCANIC_ROCK_VOUCHER_10000,190.0,12.0,,,,,191.0,12.0,,,,,190.5,0.0
2,87800,VOLCANIC_ROCK_VOUCHER_10000,188.0,20.0,,,,,189.0,20.0,,,,,188.5,0.0
2,87900,VOLCANIC_ROCK_VOUCHER_10000,195.0,16.0,,,,,196.0,16.0,,,,,195.5,0.0
2,88000,VOLCANIC_ROCK_VOUCHER_10000,191.0,19.0,,,,,192.0,19.0,,,,,191.5,0.0
2,88100,VOLCANIC_ROCK_VOUCHER_10000,194.0,24.0,,,,,195.0,11.0,,,,,194.5,0.0
2,88200,VOLCANIC_ROCK_VOUCHER_10000,198.0,18.0,,,,,199.0,18.0,,,,,198.5,0.0
2,88300,VOLCANIC_ROCK_VOUCHER_10000,197.0,21.0,,,,,198.0,21.0,,,,,197.5,0.0
2,88400,VOLCANIC_ROCK_VOUCHER_10000,197.0,13.0,,,,,198.0,13.0,,,,,197.5,0.0
2,88500,VOLCANIC_ROCK_VOUCHER_10000,201.0,14.0,,,,,202.0,14.0,,,,,201.5,0.0
2,88600,VOLCANIC_ROCK_VOUCHER_10000,199.0,14.0,,,,,200.0,14.0,,,,,199.5,0.0
2,88700,VOLCANIC_ROCK_VOUCHER_10000,197.0,6.0,,,,,198.0,18.0,,,,,197.5,0.0
2,88800,VOLCANIC_ROCK_VOUCHER_10000,197.0,12.0,,,,,198.0,12.0,,,,,197.5,0.0
2,88900,VOLCANIC_ROCK_VOUCHER_10000,198.0,14.0,,,,,199.0,14.0,,,,,198.5,0.0
2,89000,VOLCANIC_ROCK_VOUCHER_10000,198.0,15.0,,,,,199.0,15.0,,,,,198.5,0.0
2,89100,VOLCANIC_ROCK_VOUCHER_10000,198.0,15.0,,,,,199.0,15.0,,,,,198.5,0.0
2,89200,VOLCANIC_ROCK_VOUCHER_10000,200.0,17.0,,,,,201.0,17.0,,,,,200.5,0.0
2,89300,VOLCANIC_ROCK_VOUCHER_10000,195.0,16.0,,,,,196.0,16.0,,,,,195.5,0.0
2,89400,VOLCANIC_ROCK_VOUCHER_10000,199.0,12.0,,,,,200.0,12.0,,,,,199.5,0.0
2,89500,VOLCANIC_ROCK_VOUCHER_10000,199.0,15.0,,,,,200.0,15.0,,,,,199.5,0.0
2,89600,VOLCANIC_ROCK_VOUCHER_10000,200.0,13.0,,,,,201.0,13.0,,,,,200.5,0.0
2,89700,VOLCANIC_ROCK_VOUCHER_10000,202.0,15.0,,,,,203.0,15.0,,,,,202.5,0.0
2,89800,VOLCANIC_ROCK_VOUCHER_10000,199.0,16.0,,,,,200.0,16.0,,,,,199.5,0.0
2,89900,VOLCANIC_ROCK_VOUCHER_10000,204.0,27.0,,,,,205.0,14.0,,,,,204.5,0.0
2,90000,VOLCANIC_ROCK_VOUCHER_10000,196.0,18.0,,,,,197.0,18.0,,,,,196.5,0.0
2,90100,VOLCANIC_ROCK_VOUCHER_10000,196.0,10.0,,,,,197.0,10.0,,,,,196.5,0.0
2,90200,VOLCANIC_ROCK_VOUCHER_10000,198.0,15.0,,,,,199.0,15.0,,,,,198.5,0.0
2,90300,VOLCANIC_ROCK_VOUCHER_10000,198.0,12.0,,,,,199.0,12.0,,,,,198.5,0.0
2,90400,VOLCANIC_ROCK_VOUCHER_10000,194.0,1.0,,,,,195.0,11.0,,,,,194.5,0.0
2,90500,VOLCANIC_ROCK_VOUCHER_10000,193.0,17.0,,,,,194.0,17.0,,,,,193.5,0.0
2,90600,VOLCANIC_ROCK_VOUCHER_10000,193.0,33.0,,,,,194.0,16.0,,,,,193.5,0.0
2,90700,VOLCANIC_ROCK_VOUCHER_10000,193.0,14.0,,,,,194.0,14.0,,,,,193.5,0.0
2,90800,VOLCANIC_ROCK_VOUCHER_10000,194.0,13.0,,,,,195.0,13.0,,,,,194.5,0.0
2,90900,VOLCANIC_ROCK_VOUCHER_10000,195.0,12.0,,,,,196.0,12.0,,,,,195.5,0.0
2,91000,VOLCANIC_ROCK_VOUCHER_10000,197.0,17.0,,,,,198.0,17.0,,,,,197.5,0.0
2,91100,VOLCANIC_ROCK_VOUCHER_10000,200.0,27.0,,,,,201.0,13.0,,,,,200.5,0.0
2,91200,VOLCANIC_ROCK_VOUCHER_10000,196.0,12.0,,,,,197.0,12.0,,,,,196.5,0.0
2,91300,VOLCANIC_ROCK_VOUCHER_10000,198.0,16.0,,,,,199.0,16.0,,,,,198.5,0.0
2,91400,VOLCANIC_ROCK_VOUCHER_10000,196.0,16.0,,,,,197.0,16.0,,,,,196.5,0.0
2,91500,VOLCANIC_ROCK_VOUCHER_10000,200.0,21.0,,,,,201.0,21.0,,,,,200.5,0.0
2,91600,VOLCANIC_ROCK_VOUCHER_10000,194.0,21.0,,,,,195.0,21.0,,,,,194.5,0.0
2,91700,VOLCANIC_ROCK_VOUCHER_10000,197.0,32.0,,,,,198.0,14.0,,,,,197.5,0.0
2,91800,VOLCANIC_ROCK_VOUCHER_10000,196.0,12.0,,,,,197.0,12.0,,,,,196.5,0.0
2,91900,VOLCANIC_ROCK_VOUCHER_10000,194.0,15.0,,,,,196.0,15.0,,,,,195.0,0.0
2,92000,VOLCANIC_ROCK_VOUCHER_10000,197.0,21.0,,,,,198.0,21.0,,,,,197.5,0.0
2,92100,VOLCANIC_ROCK_VOUCHER_10000,194.0,10.0,,,,,195.0,10.0,,,,,194.5,0.0
2,92200,VOLCANIC_ROCK_VOUCHER_10000,196.0,19.0,,,,,197.0,19.0,,,,,196.5,0.0
2,92300,VOLCANIC_ROCK_VOUCHER_10000,202.0,20.0,,,,,203.0,20.0,,,,,202.5,0.0
2,92400,VOLCANIC_ROCK_VOUCHER_10000,204.0,1.0,,,,,205.0,12.0,,,,,204.5,0.0
2,92500,VOLCANIC_ROCK_VOUCHER_10000,209.0,18.0,,,,,210.0,18.0,,,,,209.5,0.0
2,92600,VOLCANIC_ROCK_VOUCHER_10000,209.0,12.0,,,,,210.0,12.0,,,,,209.5,0.0
2,92700,VOLCANIC_ROCK_VOUCHER_10000,208.0,19.0,,,,,209.0,19.0,,,,,208.5,0.0
2,92800,VOLCANIC_ROCK_VOUCHER_10000,210.0,17.0,,,,,211.0,17.0,,,,,210.5,0.0
2,92900,VOLCANIC_ROCK_VOUCHER_10000,204.0,4.0,,,,,205.0,20.0,,,,,204.5,0.0
2,93000,VOLCANIC_ROCK_VOUCHER_10000,204.0,13.0,,,,,205.0,13.0,,,,,204.5,0.0
2,93100,VOLCANIC_ROCK_VOUCHER_10000,202.0,21.0,,,,,203.0,21.0,,,,,202.5,0.0
2,93200,VOLCANIC_ROCK_VOUCHER_10000,201.0,17.0,,,,,202.0,17.0,,,,,201.5,0.0
2,93300,VOLCANIC_ROCK_VOUCHER_10000,200.0,22.0,,,,,201.0,22.0,,,,,200.5,0.0
2,93400,VOLCANIC_ROCK_VOUCHER_10000,199.0,21.0,,,,,200.0,21.0,,,,,199.5,0.0
2,93500,VOLCANIC_ROCK_VOUCHER_10000,199.0,13.0,,,,,200.0,13.0,,,,,199.5,0.0
2,93600,VOLCANIC_ROCK_VOUCHER_10000,202.0,13.0,,,,,203.0,13.0,,,,,202.5,0.0
2,93700,VOLCANIC_ROCK_VOUCHER_10000,203.0,12.0,,,,,204.0,12.0,,,,,203.5,0.0
2,93800,VOLCANIC_ROCK_VOUCHER_10000,200.0,14.0,,,,,201.0,14.0,,,,,200.5,0.0
2,93900,VOLCANIC_ROCK_VOUCHER_10000,204.0,14.0,,,,,205.0,14.0,,,,,204.5,0.0
2,94000,VOLCANIC_ROCK_VOUCHER_10000,201.0,0.0,,,,,202.0,17.0,,,,,201.5,0.0
2,94100,VOLCANIC_ROCK_VOUCHER_10000,202.0,16.0,,,,,203.0,16.0,,,,,202.5,0.0
2,94200,VOLCANIC_ROCK_VOUCHER_10000,198.0,13.0,,,,,199.0,13.0,,,,,198.5,0.0
2,94300,VOLCANIC_ROCK_VOUCHER_10000,197.0,21.0,,,,,198.0,21.0,,,,,197.5,0.0
2,94400,VOLCANIC_ROCK_VOUCHER_10000,199.0,17.0,,,,,201.0,17.0,,,,,200.0,0.0
2,94500,VOLCANIC_ROCK_VOUCHER_10000,197.0,34.0,,,,,198.0,20.0,,,,,197.5,0.0
2,94600,VOLCANIC_ROCK_VOUCHER_10000,200.0,16.0,,,,,201.0,16.0,,,,,200.5,0.0
2,94700,VOLCANIC_ROCK_VOUCHER_10000,198.0,16.0,,,,,199.0,16.0,,,,,198.5,0.0
2,94800,VOLCANIC_ROCK_VOUCHER_10000,195.0,15.0,,,,,196.0,15.0,,,,,195.5,0.0
2,94900,VOLCANIC_ROCK_VOUCHER_10000,198.0,15.0,,,,,199.0,15.0,,,,,198.5,0.0
2,95000,VOLCANIC_ROCK_VOUCHER_10000,200.0,13.0,,,,,201.0,13.0,,,,,200.5,0.0
2,95100,VOLCANIC_ROCK_VOUCHER_10000,194.0,31.0,,,,,195.0,12.0,,,,,194.5,0.0
2,95200,VOLCANIC_ROCK_VOUCHER_10000,197.0,22.0,,,,,198.0,22.0,,,,,197.5,0.0
2,95300,VOLCANIC_ROCK_VOUCHER_10000,194.0,15.0,,,,,195.0,15.0,,,,,194.5,0.0
2,95400,VOLCANIC_ROCK_VOUCHER_10000,196.0,15.0,,,,,197.0,15.0,,,,,196.5,0.0
2,95500,VOLCANIC_ROCK_VOUCHER_10000,199.0,16.0,,,,,200.0,16.0,,,,,199.5,0.0
2,95600,VOLCANIC_ROCK_VOUCHER_10000,195.0,15.0,,,,,196.0,15.0,,,,,195.5,0.0
2,95700,VOLCANIC_ROCK_VOUCHER_10000,196.0,16.0,,,,,197.0,16.0,,,,,196.5,0.0
2,95800,VOLCANIC_ROCK_VOUCHER_10000,193.0,12.0,,,,,194.0,12.0,,,,,193.5,0.0
2,95900,VOLCANIC_ROCK_VOUCHER_10000,195.0,2.0,,,,,196.0,17.0,,,,,195.5,0.0
2,96000,VOLCANIC_ROCK_VOUCHER_10000,194.0,21.0,,,,,195.0,21.0,,,,,194.5,0.0
2,96100,VOLCANIC_ROCK_VOUCHER_10000,196.0,19.0,,,,,197.0,19.0,,,,,196.5,0.0
2,96200,VOLCANIC_ROCK_VOUCHER_10000,192.0,14.0,,,,,193.0,14.0,,,,,192.5,0.0
2,96300,VOLCANIC_ROCK_VOUCHER_10000,199.0,19.0,,,,,200.0,19.0,,,,,199.5,0.0
2,96400,VOLCANIC_ROCK_VOUCHER_10000,194.0,33.0,,,,,195.0,18.0,,,,,194.5,0.0
2,96500,VOLCANIC_ROCK_VOUCHER_10000,193.0,17.0,,,,,194.0,17.0,,,,,193.5,0.0
2,96600,VOLCANIC_ROCK_VOUCHER_10000,197.0,15.0,,,,,198.0,15.0,,,,,197.5,0.0
2,96700,VOLCANIC_ROCK_VOUCHER_10000,191.0,11.0,,,,,192.0,11.0,,,,,191.5,0.0
2,96800,VOLCANIC_ROCK_VOUCHER_10000,189.0,10.0,,,,,190.0,10.0,,,,,189.5,0.0
2,96900,VOLCANIC_ROCK_VOUCHER_10000,192.0,19.0,,,,,193.0,19.0,,,,,192.5,0.0
2,97000,VOLCANIC_ROCK_VOUCHER_10000,192.0,15.0,,,,,193.0,15.0,,,,,192.5,0.0
2,97100,VOLCANIC_ROCK_VOUCHER_10000,192.0,20.0,,,,,193.0,20.0,,,,,192.5,0.0
2,97200,VOLCANIC_ROCK_VOUCHER_10000,191.0,20.0,,,,,192.0,15.0,,,,,191.5,0.0
2,97300,VOLCANIC_ROCK_VOUCHER_10000,187.0,36.0,,,,,188.0,17.0,,,,,187.5,0.0
2,97400,VOLCANIC_ROCK_VOUCHER_10000,191.0,21.0,,,,,192.0,21.0,,,,,191.5,0.0
2,97500,VOLCANIC_ROCK_VOUCHER_10000,188.0,17.0,,,,,189.0,17.0,,,,,188.5,0.0
2,97600,VOLCANIC_ROCK_VOUCHER_10000,190.0,13.0,,,,,191.0,13.0,,,,,190.5,0.0
2,97700,VOLCANIC_ROCK_VOUCHER_10000,189.0,14.0,,,,,190.0,14.0,,,,,189.5,0.0
2,97800,VOLCANIC_ROCK_VOUCHER_10000,188.0,21.0,,,,,189.0,21.0,,,,,188.5,0.0
2,97900,VOLCANIC_ROCK_VOUCHER_10000,191.0,16.0,,,,,192.0,16.0,,,,,191.5,0.0
2,98000,VOLCANIC_ROCK_VOUCHER_10000,188.0,15.0,,,,,189.0,15.0,,,,,188.5,0.0
2,98100,VOLCANIC_ROCK_VOUCHER_10000,189.0,12.0,,,,,190.0,12.0,,,,,189.5,0.0
2,98200,VOLCANIC_ROCK_VOUCHER_10000,186.0,19.0,,,,,187.0,19.0,,,,,186.5,0.0
2,98300,VOLCANIC_ROCK_VOUCHER_10000,186.0,21.0,,,,,187.0,21.0,,,,,186.5,0.0
2,98400,VOLCANIC_ROCK_VOUCHER_10000,188.0,18.0,,,,,189.0,18.0,,,,,188.5,0.0
2,98500,VOLCANIC_ROCK_VOUCHER_10000,184.0,14.0,,,,,185.0,14.0,,,,,184.5,0.0
2,98600,VOLCANIC_ROCK_VOUCHER_10000,182.0,19.0,,,,,183.0,19.0,,,,,182.5,0.0
2,98700,VOLCANIC_ROCK_VOUCHER_10000,183.0,22.0,,,,,184.0,22.0,,,,,183.5,0.0
2,98800,VOLCANIC_ROCK_VOUCHER_10000,184.0,19.0,,,,,185.0,19.0,,,,,184.5,0.0
2,98900,VOLCANIC_ROCK_VOUCHER_10000,185.0,13.0,,,,,186.0,13.0,,,,,185.5,0.0
2,99000,VOLCANIC_ROCK_VOUCHER_10000,185.0,19.0,,,,,186.0,19.0,,,,,185.5,0.0
2,99100,VOLCANIC_ROCK_VOUCHER_10000,189.0,21.0,,,,,190.0,21.0,,,,,189.5,0.0
2,99200,VOLCANIC_ROCK_VOUCHER_10000,185.0,11.0,,,,,186.0,11.0,,,,,185.5,0.0
2,99300,VOLCANIC_ROCK_VOUCHER_10000,184.0,20.0,,,,,185.0,20.0,,,,,184.5,0.0
2,99400,VOLCANIC_ROCK_VOUCHER_10000,183.0,20.0,,,,,184.0,20.0,,,,,183.5,0.0
2,99500,VOLCANIC_ROCK_VOUCHER_10000,181.0,12.0,,,,,182.0,12.0,,,,,181.5,0.0
2,99600,VOLCANIC_ROCK_VOUCHER_10000,176.0,14.0,,,,,177.0,14.0,,,,,176.5,0.0
2,99700,VOLCANIC_ROCK_VOUCHER_10000,176.0,22.0,,,,,177.0,22.0,,,,,176.5,0.0
2,99800,VOLCANIC_ROCK_VOUCHER_10000,181.0,17.0,,,,,182.0,17.0,,,,,181.5,0.0
2,99900,VOLCANIC_ROCK_VOUCHER_10000,182.0,14.0,,,,,183.0,14.0,,,,,182.5,0.0
2,100000,VOLCANIC_ROCK_VOUCHER_10000,180.0,13.0,,,,,181.0,13.0,,,,,180.5,0.0
2,100100,VOLCANIC_ROCK_VOUCHER_10000,178.0,14.0,,,,,179.0,14.0,,,,,178.5,0.0
2,100200,VOLCANIC_ROCK_VOUCHER_10000,177.0,19.0,,,,,178.0,19.0,,,,,177.5,0.0
2,100300,VOLCANIC_ROCK_VOUCHER_10000,177.0,16.0,,,,,178.0,16.0,,,,,177.5,0.0
2,100400,VOLCANIC_ROCK_VOUCHER_10000,176.0,27.0,,,,,177.0,14.0,,,,,176.5,0.0
2,100500,VOLCANIC_ROCK_VOUCHER_10000,174.0,10.0,,,,,175.0,10.0,,,,,174.5,0.0
2,100600,VOLCANIC_ROCK_VOUCHER_10000,184.0,15.0,,,,,185.0,15.0,,,,,184.5,0.0
2,100700,VOLCANIC_ROCK_VOUCHER_10000,178.0,15.0,,,,,179.0,15.0,,,,,178.5,0.0
2,100800,VOLCANIC_ROCK_VOUCHER_10000,180.0,11.0,,,,,181.0,11.0,,,,,180.5,0.0
2,100900,VOLCANIC_ROCK_VOUCHER_10000,180.0,17.0,,,,,181.0,17.0,,,,,180.5,0.0
2,101000,VOLCANIC_ROCK_VOUCHER_10000,178.0,12.0,,,,,179.0,12.0,,,,,178.5,0.0
2,101100,VOLCANIC_ROCK_VOUCHER_10000,179.0,14.0,,,,,180.0,14.0,,,,,179.5,0.0
2,101200,VOLCANIC_ROCK_VOUCHER_10000,181.0,22.0,,,,,182.0,22.0,,,,,181.5,0.0
2,101300,VOLCANIC_ROCK_VOUCHER_10000,176.0,1.0,,,,,177.0,18.0,,,,,176.5,0.0
2,101400,VOLCANIC_ROCK_VOUCHER_10000,181.0,10.0,,,,,182.0,10.0,,,,,181.5,0.0
2,101500,VOLCANIC_ROCK_VOUCHER_10000,179.0,15.0,,,,,180.0,15.0,,,,,179.5,0.0
2,101600,VOLCANIC_ROCK_VOUCHER_10000,180.0,17.0,,,,,181.0,17.0,,,,,180.5,0.0
2,101700,VOLCANIC_ROCK_VOUCHER_10000,179.0,10.0,,,,,180.0,10.0,,,,,179.5,0.0
2,101800,VOLCANIC_ROCK_VOUCHER_10000,178.0,14.0,,,,,179.0,14.0,,,,,178.5,0.0
2,101900,VOLCANIC_ROCK_VOUCHER_10000,179.0,13.0,,,,,180.0,13.0,,,,,179.5,0.0
2,102000,VOLCANIC_ROCK_VOUCHER_10000,179.0,5.0,,,,,180.0,18.0,,,,,179.5,0.0
2,102100,VOLCANIC_ROCK_VOUCHER_10000,174.0,14.0,,,,,175.0,12.0,,,,,174.5,0.0
2,102200,VOLCANIC_ROCK_VOUCHER_10000,179.0,20.0,,,,,180.0,20.0,,,,,179.5,0.0
2,102300,VOLCANIC_ROCK_VOUCHER_10000,177.0,14.0,,,,,178.0,14.0,,,,,177.5,0.0
2,102400,VOLCANIC_ROCK_VOUCHER_10000,176.0,14.0,,,,,177.0,14.0,,,,,176.5,0.0
2,102500,VOLCANIC_ROCK_VOUCHER_10000,172.0,15.0,,,,,173.0,15.0,,,,,172.5,0.0
2,102600,VOLCANIC_ROCK_VOUCHER_10000,,,,,,,175.0,1.0,176.0,19.0,,,175.0,0.0
2,102700,VOLCANIC_ROCK_VOUCHER_10000,172.0,12.0,,,,,173.0,12.0,,,,,172.5,0.0
2,102800,VOLCANIC_ROCK_VOUCHER_10000,172.0,14.0,,,,,173.0,14.0,,,,,172.5,0.0
2,102900,VOLCANIC_ROCK_VOUCHER_10000,173.0,12.0,,,,,174.0,12.0,,,,,173.5,0.0
2,103000,VOLCANIC_ROCK_VOUCHER_10000,175.0,42.0,,,,,176.0,22.0,,,,,175.5,0.0
2,103100,VOLCANIC_ROCK_VOUCHER_10000,171.0,20.0,,,,,172.0,20.0,,,,,171.5,0.0
2,103200,VOLCANIC_ROCK_VOUCHER_10000,174.0,20.0,,,,,175.0,20.0,,,,,174.5,0.0
2,103300,VOLCANIC_ROCK_VOUCHER_10000,175.0,13.0,,,,,176.0,13.0,,,,,175.5,0.0
2,103400,VOLCANIC_ROCK_VOUCHER_10000,175.0,16.0,,,,,176.0,16.0,,,,,175.5,0.0
2,103500,VOLCANIC_ROCK_VOUCHER_10000,178.0,36.0,,,,,179.0,16.0,,,,,178.5,0.0
2,103600,VOLCANIC_ROCK_VOUCHER_10000,176.0,14.0,,,,,177.0,14.0,,,,,176.5,0.0
2,103700,VOLCANIC_ROCK_VOUCHER_10000,181.0,15.0,,,,,182.0,15.0,,,,,181.5,0.0
2,103800,VOLCANIC_ROCK_VOUCHER_10000,182.0,18.0,,,,,183.0,18.0,,,,,182.5,0.0
2,103900,VOLCANIC_ROCK_VOUCHER_10000,183.0,19.0,,,,,184.0,19.0,,,,,183.5,0.0
2,104000,VOLCANIC_ROCK_VOUCHER_10000,177.0,17.0,,,,,178.0,22.0,,,,,177.5,0.0
2,104100,VOLCANIC_ROCK_VOUCHER_10000,180.0,19.0,,,,,181.0,19.0,,,,,180.5,0.0
2,104200,VOLCANIC_ROCK_VOUCHER_10000,,,,,,,176.0,2.0,177.0,18.0,,,176.0,0.0
2,104300,VOLCANIC_ROCK_VOUCHER_10000,175.0,22.0,,,,,176.0,22.0,,,,,175.5,0.0
2,104400,VOLCANIC_ROCK_VOUCHER_10000,178.0,14.0,,,,,179.0,14.0,,,,,178.5,0.0
2,104500,VOLCANIC_ROCK_VOUCHER_10000,180.0,22.0,,,,,181.0,22.0,,,,,180.5,0.0
2,104600,VOLCANIC_ROCK_VOUCHER_10000,184.0,24.0,,,,,185.0,12.0,,,,,184.5,0.0
2,104700,VOLCANIC_ROCK_VOUCHER_10000,184.0,36.0,,,,,185.0,18.0,,,,,184.5,0.0
2,104800,VOLCANIC_ROCK_VOUCHER_10000,185.0,41.0,,,,,186.0,21.0,,,,,185.5,0.0
2,104900,VOLCANIC_ROCK_VOUCHER_10000,184.0,16.0,,,,,185.0,16.0,,,,,184.5,0.0
2,105000,VOLCANIC_ROCK_VOUCHER_10000,183.0,15.0,,,,,184.0,15.0,,,,,183.5,0.0
2,105100,VOLCANIC_ROCK_VOUCHER_10000,186.0,15.0,185.0,16.0,,,187.0,16.0,,,,,186.5,0.0
2,105200,VOLCANIC_ROCK_VOUCHER_10000,188.0,38.0,,,,,189.0,18.0,,,,,188.5,0.0
2,105300,VOLCANIC_ROCK_VOUCHER_10000,182.0,13.0,,,,,183.0,13.0,,,,,182.5,0.0
2,105400,VOLCANIC_ROCK_VOUCHER_10000,182.0,16.0,,,,,183.0,16.0,,,,,182.5,0.0
2,105500,VOLCANIC_ROCK_VOUCHER_10000,183.0,17.0,,,,,184.0,17.0,,,,,183.5,0.0
2,105600,VOLCANIC_ROCK_VOUCHER_10000,180.0,33.0,,,,,181.0,19.0,,,,,180.5,0.0
2,105700,VOLCANIC_ROCK_VOUCHER_10000,178.0,20.0,,,,,179.0,20.0,,,,,178.5,0.0
2,105800,VOLCANIC_ROCK_VOUCHER_10000,179.0,19.0,,,,,180.0,19.0,,,,,179.5,0.0
2,105900,VOLCANIC_ROCK_VOUCHER_10000,179.0,18.0,,,,,180.0,18.0,,,,,179.5,0.0
2,106000,VOLCANIC_ROCK_VOUCHER_10000,179.0,12.0,,,,,180.0,12.0,,,,,179.5,0.0
2,106100,VOLCANIC_ROCK_VOUCHER_10000,182.0,17.0,,,,,183.0,17.0,,,,,182.5,0.0
2,106200,VOLCANIC_ROCK_VOUCHER_10000,178.0,19.0,,,,,179.0,19.0,,,,,178.5,0.0
2,106300,VOLCANIC_ROCK_VOUCHER_10000,179.0,22.0,,,,,180.0,22.0,,,,,179.5,0.0
2,106400,VOLCANIC_ROCK_VOUCHER_10000,177.0,18.0,,,,,179.0,18.0,,,,,178.0,0.0
2,106500,VOLCANIC_ROCK_VOUCHER_10000,175.0,21.0,,,,,176.0,21.0,,,,,175.5,0.0
2,106600,VOLCANIC_ROCK_VOUCHER_10000,174.0,14.0,,,,,175.0,14.0,,,,,174.5,0.0
2,106700,VOLCANIC_ROCK_VOUCHER_10000,171.0,15.0,,,,,172.0,15.0,,,,,171.5,0.0
2,106800,VOLCANIC_ROCK_VOUCHER_10000,171.0,14.0,,,,,172.0,14.0,,,,,171.5,0.0
2,106900,VOLCANIC_ROCK_VOUCHER_10000,174.0,13.0,,,,,175.0,13.0,,,,,174.5,0.0
2,107000,VOLCANIC_ROCK_VOUCHER_10000,172.0,10.0,,,,,173.0,10.0,,,,,172.5,0.0
2,107100,VOLCANIC_ROCK_VOUCHER_10000,172.0,12.0,,,,,173.0,12.0,,,,,172.5,0.0
2,107200,VOLCANIC_ROCK_VOUCHER_10000,172.0,20.0,,,,,173.0,20.0,,,,,172.5,0.0
2,107300,VOLCANIC_ROCK_VOUCHER_10000,171.0,20.0,,,,,172.0,20.0,,,,,171.5,0.0
2,107400,VOLCANIC_ROCK_VOUCHER_10000,167.0,17.0,,,,,168.0,17.0,,,,,167.5,0.0
2,107500,VOLCANIC_ROCK_VOUCHER_10000,171.0,18.0,,,,,172.0,18.0,,,,,171.5,0.0
2,107600,VOLCANIC_ROCK_VOUCHER_10000,166.0,20.0,,,,,167.0,20.0,,,,,166.5,0.0
2,107700,VOLCANIC_ROCK_VOUCHER_10000,169.0,17.0,,,,,170.0,17.0,,,,,169.5,0.0
2,107800,VOLCANIC_ROCK_VOUCHER_10000,171.0,14.0,,,,,172.0,14.0,,,,,171.5,0.0
2,107900,VOLCANIC_ROCK_VOUCHER_10000,166.0,18.0,,,,,167.0,18.0,,,,,166.5,0.0
2,108000,VOLCANIC_ROCK_VOUCHER_10000,167.0,13.0,,,,,168.0,13.0,,,,,167.5,0.0
2,108100,VOLCANIC_ROCK_VOUCHER_10000,168.0,13.0,,,,,169.0,13.0,,,,,168.5,0.0
2,108200,VOLCANIC_ROCK_VOUCHER_10000,167.0,11.0,,,,,168.0,11.0,,,,,167.5,0.0
2,108300,VOLCANIC_ROCK_VOUCHER_10000,168.0,11.0,,,,,169.0,11.0,,,,,168.5,0.0
2,108400,VOLCANIC_ROCK_VOUCHER_10000,165.0,3.0,,,,,166.0,19.0,,,,,165.5,0.0
2,108500,VOLCANIC_ROCK_VOUCHER_10000,169.0,17.0,,,,,170.0,17.0,,,,,169.5,0.0
2,108600,VOLCANIC_ROCK_VOUCHER_10000,166.0,15.0,,,,,167.0,15.0,,,,,166.5,0.0
2,108700,VOLCANIC_ROCK_VOUCHER_10000,169.0,19.0,,,,,170.0,19.0,,,,,169.5,0.0
2,108800,VOLCANIC_ROCK_VOUCHER_10000,167.0,16.0,,,,,168.0,16.0,,,,,167.5,0.0
2,108900,VOLCANIC_ROCK_VOUCHER_10000,169.0,12.0,,,,,170.0,12.0,,,,,169.5,0.0
2,109000,VOLCANIC_ROCK_VOUCHER_10000,166.0,17.0,,,,,167.0,17.0,,,,,166.5,0.0
2,109100,VOLCANIC_ROCK_VOUCHER_10000,167.0,14.0,,,,,168.0,14.0,,,,,167.5,0.0
2,109200,VOLCANIC_ROCK_VOUCHER_10000,167.0,12.0,,,,,168.0,12.0,,,,,167.5,0.0
2,109300,VOLCANIC_ROCK_VOUCHER_10000,173.0,18.0,,,,,174.0,18.0,,,,,173.5,0.0
2,109400,VOLCANIC_ROCK_VOUCHER_10000,175.0,12.0,,,,,176.0,12.0,,,,,175.5,0.0
2,109500,VOLCANIC_ROCK_VOUCHER_10000,174.0,20.0,,,,,175.0,20.0,,,,,174.5,0.0
2,109600,VOLCANIC_ROCK_VOUCHER_10000,170.0,15.0,,,,,171.0,15.0,,,,,170.5,0.0
2,109700,VOLCANIC_ROCK_VOUCHER_10000,171.0,20.0,,,,,172.0,20.0,,,,,171.5,0.0
2,109800,VOLCANIC_ROCK_VOUCHER_10000,174.0,12.0,,,,,175.0,12.0,,,,,174.5,0.0
2,109900,VOLCANIC_ROCK_VOUCHER_10000,174.0,15.0,,,,,175.0,15.0,,,,,174.5,0.0
2,110000,VOLCANIC_ROCK_VOUCHER_10000,171.0,12.0,,,,,172.0,12.0,,,,,171.5,0.0
2,110100,VOLCANIC_ROCK_VOUCHER_10000,174.0,18.0,,,,,175.0,18.0,,,,,174.5,0.0
2,110200,VOLCANIC_ROCK_VOUCHER_10000,175.0,19.0,,,,,176.0,19.0,,,,,175.5,0.0
2,110300,VOLCANIC_ROCK_VOUCHER_10000,175.0,30.0,,,,,176.0,14.0,,,,,175.5,0.0
2,110400,VOLCANIC_ROCK_VOUCHER_10000,175.0,10.0,,,,,176.0,10.0,,,,,175.5,0.0
2,110500,VOLCANIC_ROCK_VOUCHER_10000,178.0,16.0,,,,,179.0,16.0,,,,,178.5,0.0
2,110600,VOLCANIC_ROCK_VOUCHER_10000,173.0,14.0,,,,,174.0,14.0,,,,,173.5,0.0
2,110700,VOLCANIC_ROCK_VOUCHER_10000,178.0,11.0,,,,,179.0,11.0,,,,,178.5,0.0
2,110800,VOLCANIC_ROCK_VOUCHER_10000,174.0,36.0,,,,,175.0,16.0,,,,,174.5,0.0
2,110900,VOLCANIC_ROCK_VOUCHER_10000,176.0,19.0,,,,,177.0,19.0,,,,,176.5,0.0
2,111000,VOLCANIC_ROCK_VOUCHER_10000,176.0,26.0,,,,,177.0,15.0,,,,,176.5,0.0
2,111100,VOLCANIC_ROCK_VOUCHER_10000,184.0,14.0,,,,,185.0,14.0,,,,,184.5,0.0
2,111200,VOLCANIC_ROCK_VOUCHER_10000,176.0,13.0,,,,,177.0,13.0,,,,,176.5,0.0
2,111300,VOLCANIC_ROCK_VOUCHER_10000,184.0,16.0,,,,,185.0,16.0,,,,,184.5,0.0
2,111400,VOLCANIC_ROCK_VOUCHER_10000,178.0,17.0,,,,,179.0,17.0,,,,,178.5,0.0
2,111500,VOLCANIC_ROCK_VOUCHER_10000,179.0,16.0,,,,,180.0,16.0,,,,,179.5,0.0
2,111600,VOLCANIC_ROCK_VOUCHER_10000,180.0,20.0,,,,,181.0,20.0,,,,,180.5,0.0
2,111700,VOLCANIC_ROCK_VOUCHER_10000,177.0,19.0,,,,,178.0,19.0,,,,,177.5,0.0
2,111800,VOLCANIC_ROCK_VOUCHER_10000,182.0,10.0,,,,,183.0,10.0,,,,,182.5,0.0
2,111900,VOLCANIC_ROCK_VOUCHER_10000,183.0,15.0,,,,,184.0,15.0,,,,,183.5,0.0
2,112000,VOLCANIC_ROCK_VOUCHER_10000,,,,,,,181.0,2.0,182.0,16.0,,,181.0,0.0
2,112100,VOLCANIC_ROCK_VOUCHER_10000,180.0,18.0,,,,,181.0,18.0,,,,,180.5,0.0
2,112200,VOLCANIC_ROCK_VOUCHER_10000,184.0,20.0,,,,,185.0,20.0,,,,,184.5,0.0
2,112300,VOLCANIC_ROCK_VOUCHER_10000,186.0,13.0,,,,,187.0,13.0,,,,,186.5,0.0
2,112400,VOLCANIC_ROCK_VOUCHER_10000,181.0,19.0,,,,,182.0,19.0,,,,,181.5,0.0
2,112500,VOLCANIC_ROCK_VOUCHER_10000,183.0,17.0,,,,,184.0,17.0,,,,,183.5,0.0
2,112600,VOLCANIC_ROCK_VOUCHER_10000,179.0,26.0,,,,,180.0,15.0,,,,,179.5,0.0
2,112700,VOLCANIC_ROCK_VOUCHER_10000,185.0,13.0,,,,,186.0,13.0,,,,,185.5,0.0
2,112800,VOLCANIC_ROCK_VOUCHER_10000,180.0,14.0,,,,,181.0,14.0,,,,,180.5,0.0
2,112900,VOLCANIC_ROCK_VOUCHER_10000,184.0,11.0,,,,,185.0,11.0,,,,,184.5,0.0
2,113000,VOLCANIC_ROCK_VOUCHER_10000,184.0,12.0,,,,,185.0,12.0,,,,,184.5,0.0
2,113100,VOLCANIC_ROCK_VOUCHER_10000,185.0,17.0,,,,,186.0,17.0,,,,,185.5,0.0
2,113200,VOLCANIC_ROCK_VOUCHER_10000,184.0,18.0,,,,,185.0,18.0,,,,,184.5,0.0
2,113300,VOLCANIC_ROCK_VOUCHER_10000,179.0,18.0,,,,,180.0,18.0,,,,,179.5,0.0
2,113400,VOLCANIC_ROCK_VOUCHER_10000,177.0,17.0,,,,,178.0,17.0,,,,,177.5,0.0
2,113500,VOLCANIC_ROCK_VOUCHER_10000,177.0,22.0,,,,,178.0,22.0,,,,,177.5,0.0
2,113600,VOLCANIC_ROCK_VOUCHER_10000,,,,,,,178.0,2.0,179.0,14.0,,,178.0,0.0
2,113700,VOLCANIC_ROCK_VOUCHER_10000,176.0,14.0,,,,,177.0,14.0,,,,,176.5,0.0
2,113800,VOLCANIC_ROCK_VOUCHER_10000,180.0,14.0,,,,,181.0,14.0,,,,,180.5,0.0
2,113900,VOLCANIC_ROCK_VOUCHER_10000,179.0,14.0,,,,,180.0,21.0,,,,,179.5,0.0
2,114000,VOLCANIC_ROCK_VOUCHER_10000,184.0,16.0,,,,,185.0,16.0,,,,,184.5,0.0
2,114100,VOLCANIC_ROCK_VOUCHER_10000,180.0,16.0,,,,,181.0,16.0,,,,,180.5,0.0
2,114200,VOLCANIC_ROCK_VOUCHER_10000,177.0,20.0,,,,,178.0,20.0,,,,,177.5,0.0
2,114300,VOLCANIC_ROCK_VOUCHER_10000,182.0,16.0,,,,,183.0,16.0,,,,,182.5,0.0
2,114400,VOLCANIC_ROCK_VOUCHER_10000,178.0,16.0,,,,,179.0,16.0,,,,,178.5,0.0
2,114500,VOLCANIC_ROCK_VOUCHER_10000,,,,,,,176.0,7.0,177.0,13.0,,,176.0,0.0
2,114600,VOLCANIC_ROCK_VOUCHER_10000,177.0,21.0,,,,,178.0,21.0,,,,,177.5,0.0
2,114700,VOLCANIC_ROCK_VOUCHER_10000,180.0,16.0,,,,,181.0,16.0,,,,,180.5,0.0
2,114800,VOLCANIC_ROCK_VOUCHER_10000,175.0,21.0,,,,,176.0,16.0,,,,,175.5,0.0
2,114900,VOLCANIC_ROCK_VOUCHER_10000,180.0,19.0,,,,,181.0,19.0,,,,,180.5,0.0
2,115000,VOLCANIC_ROCK_VOUCHER_10000,183.0,20.0,,,,,184.0,20.0,,,,,183.5,0.0
2,115100,VOLCANIC_ROCK_VOUCHER_10000,180.0,12.0,,,,,181.0,12.0,,,,,180.5,0.0
2,115200,VOLCANIC_ROCK_VOUCHER_10000,178.0,18.0,,,,,179.0,18.0,,,,,178.5,0.0
2,115300,VOLCANIC_ROCK_VOUCHER_10000,180.0,19.0,,,,,181.0,19.0,,,,,180.5,0.0
2,115400,VOLCANIC_ROCK_VOUCHER_10000,178.0,18.0,,,,,179.0,18.0,,,,,178.5,0.0
2,115500,VOLCANIC_ROCK_VOUCHER_10000,179.0,33.0,,,,,180.0,13.0,,,,,179.5,0.0
2,115600,VOLCANIC_ROCK_VOUCHER_10000,177.0,16.0,,,,,178.0,16.0,,,,,177.5,0.0
2,115700,VOLCANIC_ROCK_VOUCHER_10000,178.0,21.0,,,,,179.0,21.0,,,,,178.5,0.0
2,115800,VOLCANIC_ROCK_VOUCHER_10000,181.0,16.0,,,,,182.0,16.0,,,,,181.5,0.0
2,115900,VOLCANIC_ROCK_VOUCHER_10000,184.0,12.0,,,,,185.0,12.0,,,,,184.5,0.0
2,116000,VOLCANIC_ROCK_VOUCHER_10000,179.0,11.0,,,,,180.0,11.0,,,,,179.5,0.0
2,116100,VOLCANIC_ROCK_VOUCHER_10000,177.0,18.0,,,,,178.0,18.0,,,,,177.5,0.0
2,116200,VOLCANIC_ROCK_VOUCHER_10000,172.0,17.0,,,,,174.0,17.0,,,,,173.0,0.0
2,116300,VOLCANIC_ROCK_VOUCHER_10000,176.0,16.0,,,,,177.0,16.0,,,,,176.5,0.0
2,116400,VOLCANIC_ROCK_VOUCHER_10000,176.0,1.0,,,,,177.0,21.0,,,,,176.5,0.0
2,116500,VOLCANIC_ROCK_VOUCHER_10000,178.0,17.0,,,,,179.0,17.0,,,,,178.5,0.0
2,116600,VOLCANIC_ROCK_VOUCHER_10000,173.0,14.0,,,,,174.0,14.0,,,,,173.5,0.0
2,116700,VOLCANIC_ROCK_VOUCHER_10000,179.0,19.0,,,,,180.0,19.0,,,,,179.5,0.0
2,116800,VOLCANIC_ROCK_VOUCHER_10000,174.0,17.0,,,,,175.0,17.0,,,,,174.5,0.0
2,116900,VOLCANIC_ROCK_VOUCHER_10000,179.0,13.0,,,,,180.0,13.0,,,,,179.5,0.0
2,117000,VOLCANIC_ROCK_VOUCHER_10000,179.0,20.0,,,,,180.0,20.0,,,,,179.5,0.0
2,117100,VOLCANIC_ROCK_VOUCHER_10000,177.0,18.0,,,,,178.0,18.0,,,,,177.5,0.0
2,117200,VOLCANIC_ROCK_VOUCHER_10000,178.0,12.0,,,,,179.0,12.0,,,,,178.5,0.0
2,117300,VOLCANIC_ROCK_VOUCHER_10000,173.0,19.0,,,,,174.0,19.0,,,,,173.5,0.0
2,117400,VOLCANIC_ROCK_VOUCHER_10000,180.0,37.0,,,,,181.0,20.0,,,,,180.5,0.0
2,117500,VOLCANIC_ROCK_VOUCHER_10000,182.0,15.0,,,,,183.0,15.0,,,,,182.5,0.0
2,117600,VOLCANIC_ROCK_VOUCHER_10000,178.0,13.0,,,,,179.0,13.0,,,,,178.5,0.0
2,117700,VOLCANIC_ROCK_VOUCHER_10000,179.0,21.0,,,,,180.0,21.0,,,,,179.5,0.0
2,117800,VOLCANIC_ROCK_VOUCHER_10000,180.0,16.0,,,,,181.0,16.0,,,,,180.5,0.0
2,117900,VOLCANIC_ROCK_VOUCHER_10000,184.0,12.0,,,,,185.0,12.0,,,,,184.5,0.0
2,118000,VOLCANIC_ROCK_VOUCHER_10000,181.0,10.0,,,,,182.0,10.0,,,,,181.5,0.0
2,118100,VOLCANIC_ROCK_VOUCHER_10000,183.0,21.0,,,,,184.0,21.0,,,,,183.5,0.0
2,118200,VOLCANIC_ROCK_VOUCHER_10000,181.0,18.0,,,,,182.0,18.0,,,,,181.5,0.0
2,118300,VOLCANIC_ROCK_VOUCHER_10000,182.0,21.0,,,,,183.0,21.0,,,,,182.5,0.0
2,118400,VOLCANIC_ROCK_VOUCHER_10000,177.0,31.0,,,,,178.0,21.0,,,,,177.5,0.0
2,118500,VOLCANIC_ROCK_VOUCHER_10000,178.0,20.0,,,,,179.0,20.0,,,,,178.5,0.0
2,118600,VOLCANIC_ROCK_VOUCHER_10000,173.0,17.0,,,,,175.0,17.0,,,,,174.0,0.0
2,118700,VOLCANIC_ROCK_VOUCHER_10000,174.0,19.0,,,,,175.0,19.0,,,,,174.5,0.0
2,118800,VOLCANIC_ROCK_VOUCHER_10000,171.0,17.0,,,,,172.0,17.0,,,,,171.5,0.0
2,118900,VOLCANIC_ROCK_VOUCHER_10000,176.0,18.0,,,,,177.0,18.0,,,,,176.5,0.0
2,119000,VOLCANIC_ROCK_VOUCHER_10000,173.0,16.0,,,,,174.0,16.0,,,,,173.5,0.0
2,119100,VOLCANIC_ROCK_VOUCHER_10000,175.0,17.0,,,,,176.0,17.0,,,,,175.5,0.0
2,119200,VOLCANIC_ROCK_VOUCHER_10000,176.0,12.0,,,,,177.0,12.0,,,,,176.5,0.0
2,119300,VOLCANIC_ROCK_VOUCHER_10000,173.0,16.0,,,,,174.0,16.0,,,,,173.5,0.0
2,119400,VOLCANIC_ROCK_VOUCHER_10000,175.0,20.0,,,,,176.0,20.0,,,,,175.5,0.0
2,119500,VOLCANIC_ROCK_VOUCHER_10000,177.0,15.0,,,,,178.0,15.0,,,,,177.5,0.0
2,119600,VOLCANIC_ROCK_VOUCHER_10000,180.0,16.0,,,,,181.0,16.0,,,,,180.5,0.0
2,119700,VOLCANIC_ROCK_VOUCHER_10000,179.0,17.0,,,,,180.0,17.0,,,,,179.5,0.0
2,119800,VOLCANIC_ROCK_VOUCHER_10000,176.0,12.0,,,,,177.0,12.0,,,,,176.5,0.0
2,119900,VOLCANIC_ROCK_VOUCHER_10000,179.0,11.0,,,,,180.0,11.0,,,,,179.5,0.0
2,120000,VOLCANIC_ROCK_VOUCHER_10000,175.0,13.0,,,,,176.0,13.0,,,,,175.5,0.0
2,120100,VOLCANIC_ROCK_VOUCHER_10000,177.0,19.0,,,,,178.0,19.0,,,,,177.5,0.0
2,120200,VOLCANIC_ROCK_VOUCHER_10000,176.0,14.0,,,,,177.0,14.0,,,,,176.5,0.0
2,120300,VOLCANIC_ROCK_VOUCHER_10000,178.0,14.0,,,,,179.0,14.0,,,,,178.5,0.0
2,120400,VOLCANIC_ROCK_VOUCHER_10000,174.0,15.0,,,,,175.0,15.0,,,,,174.5,0.0
2,120500,VOLCANIC_ROCK_VOUCHER_10000,178.0,22.0,,,,,179.0,22.0,,,,,178.5,0.0
2,120600,VOLCANIC_ROCK_VOUCHER_10000,174.0,16.0,,,,,175.0,16.0,,,,,174.5,0.0
2,120700,VOLCANIC_ROCK_VOUCHER_10000,173.0,22.0,,,,,174.0,22.0,,,,,173.5,0.0
2,120800,VOLCANIC_ROCK_VOUCHER_10000,173.0,19.0,,,,,174.0,19.0,,,,,173.5,0.0
2,120900,VOLCANIC_ROCK_VOUCHER_10000,174.0,18.0,,,,,175.0,18.0,,,,,174.5,0.0
2,121000,VOLCANIC_ROCK_VOUCHER_10000,173.0,18.0,,,,,174.0,18.0,,,,,173.5,0.0
2,121100,VOLCANIC_ROCK_VOUCHER_10000,177.0,20.0,,,,,178.0,20.0,,,,,177.5,0.0
2,121200,VOLCANIC_ROCK_VOUCHER_10000,171.0,17.0,,,,,172.0,17.0,,,,,171.5,0.0
2,121300,VOLCANIC_ROCK_VOUCHER_10000,168.0,13.0,,,,,169.0,13.0,,,,,168.5,0.0
2,121400,VOLCANIC_ROCK_VOUCHER_10000,171.0,10.0,,,,,172.0,10.0,,,,,171.5,0.0
2,121500,VOLCANIC_ROCK_VOUCHER_10000,174.0,17.0,,,,,175.0,17.0,,,,,174.5,0.0
2,121600,VOLCANIC_ROCK_VOUCHER_10000,172.0,20.0,,,,,173.0,20.0,,,,,172.5,0.0
2,121700,VOLCANIC_ROCK_VOUCHER_10000,168.0,8.0,,,,,169.0,19.0,,,,,168.5,0.0
2,121800,VOLCANIC_ROCK_VOUCHER_10000,170.0,20.0,,,,,171.0,20.0,,,,,170.5,0.0
2,121900,VOLCANIC_ROCK_VOUCHER_10000,178.0,19.0,,,,,179.0,19.0,,,,,178.5,0.0
2,122000,VOLCANIC_ROCK_VOUCHER_10000,181.0,16.0,,,,,182.0,16.0,,,,,181.5,0.0
2,122100,VOLCANIC_ROCK_VOUCHER_10000,172.0,19.0,,,,,173.0,19.0,,,,,172.5,0.0
2,122200,VOLCANIC_ROCK_VOUCHER_10000,176.0,20.0,,,,,177.0,20.0,,,,,176.5,0.0
2,122300,VOLCANIC_ROCK_VOUCHER_10000,174.0,20.0,,,,,175.0,20.0,,,,,174.5,0.0
2,122400,VOLCANIC_ROCK_VOUCHER_10000,173.0,19.0,,,,,174.0,19.0,,,,,173.5,0.0
2,122500,VOLCANIC_ROCK_VOUCHER_10000,171.0,17.0,,,,,172.0,17.0,,,,,171.5,0.0
2,122600,VOLCANIC_ROCK_VOUCHER_10000,171.0,22.0,,,,,172.0,22.0,,,,,171.5,0.0
2,122700,VOLCANIC_ROCK_VOUCHER_10000,178.0,22.0,,,,,179.0,22.0,,,,,178.5,0.0
2,122800,VOLCANIC_ROCK_VOUCHER_10000,178.0,19.0,,,,,179.0,19.0,,,,,178.5,0.0
2,122900,VOLCANIC_ROCK_VOUCHER_10000,177.0,15.0,,,,,178.0,15.0,,,,,177.5,0.0
2,123000,VOLCANIC_ROCK_VOUCHER_10000,178.0,12.0,,,,,179.0,12.0,,,,,178.5,0.0
2,123100,VOLCANIC_ROCK_VOUCHER_10000,181.0,18.0,,,,,182.0,18.0,,,,,181.5,0.0
2,123200,VOLCANIC_ROCK_VOUCHER_10000,183.0,19.0,,,,,184.0,19.0,,,,,183.5,0.0
2,123300,VOLCANIC_ROCK_VOUCHER_10000,183.0,13.0,,,,,184.0,13.0,,,,,183.5,0.0
2,123400,VOLCANIC_ROCK_VOUCHER_10000,183.0,20.0,,,,,184.0,20.0,,,,,183.5,0.0
2,123500,VOLCANIC_ROCK_VOUCHER_10000,182.0,11.0,,,,,183.0,11.0,,,,,182.5,0.0
2,123600,VOLCANIC_ROCK_VOUCHER_10000,180.0,20.0,,,,,181.0,20.0,,,,,180.5,0.0
2,123700,VOLCANIC_ROCK_VOUCHER_10000,180.0,21.0,,,,,181.0,21.0,,,,,180.5,0.0
2,123800,VOLCANIC_ROCK_VOUCHER_10000,185.0,20.0,,,,,186.0,20.0,,,,,185.5,0.0
2,123900,VOLCANIC_ROCK_VOUCHER_10000,180.0,20.0,,,,,181.0,20.0,,,,,180.5,0.0
2,124000,VOLCANIC_ROCK_VOUCHER_10000,181.0,15.0,,,,,182.0,15.0,,,,,181.5,0.0
2,124100,VOLCANIC_ROCK_VOUCHER_10000,178.0,19.0,,,,,179.0,19.0,,,,,178.5,0.0
2,124200,VOLCANIC_ROCK_VOUCHER_10000,178.0,22.0,,,,,179.0,22.0,,,,,178.5,0.0
2,124300,VOLCANIC_ROCK_VOUCHER_10000,180.0,19.0,,,,,181.0,19.0,,,,,180.5,0.0
2,124400,VOLCANIC_ROCK_VOUCHER_10000,177.0,19.0,,,,,179.0,19.0,,,,,178.0,0.0
2,124500,VOLCANIC_ROCK_VOUCHER_10000,175.0,20.0,,,,,176.0,20.0,,,,,175.5,0.0
2,124600,VOLCANIC_ROCK_VOUCHER_10000,179.0,11.0,,,,,180.0,11.0,,,,,179.5,0.0
2,124700,VOLCANIC_ROCK_VOUCHER_10000,180.0,34.0,,,,,181.0,14.0,,,,,180.5,0.0
2,124800,VOLCANIC_ROCK_VOUCHER_10000,178.0,28.0,,,,,179.0,13.0,,,,,178.5,0.0
2,124900,VOLCANIC_ROCK_VOUCHER_10000,180.0,20.0,,,,,181.0,12.0,,,,,180.5,0.0
2,125000,VOLCANIC_ROCK_VOUCHER_10000,186.0,18.0,,,,,187.0,18.0,,,,,186.5,0.0
2,125100,VOLCANIC_ROCK_VOUCHER_10000,184.0,16.0,,,,,186.0,16.0,,,,,185.0,0.0
2,125200,VOLCANIC_ROCK_VOUCHER_10000,182.0,11.0,,,,,183.0,11.0,,,,,182.5,0.0
2,125300,VOLCANIC_ROCK_VOUCHER_10000,180.0,18.0,,,,,181.0,18.0,,,,,180.5,0.0
2,125400,VOLCANIC_ROCK_VOUCHER_10000,185.0,16.0,,,,,186.0,16.0,,,,,185.5,0.0
2,125500,VOLCANIC_ROCK_VOUCHER_10000,182.0,20.0,,,,,183.0,20.0,,,,,182.5,0.0
2,125600,VOLCANIC_ROCK_VOUCHER_10000,183.0,16.0,,,,,184.0,16.0,,,,,183.5,0.0
2,125700,VOLCANIC_ROCK_VOUCHER_10000,184.0,11.0,,,,,185.0,11.0,,,,,184.5,0.0
2,125800,VOLCANIC_ROCK_VOUCHER_10000,183.0,12.0,,,,,184.0,12.0,,,,,183.5,0.0
2,125900,VOLCANIC_ROCK_VOUCHER_10000,181.0,19.0,,,,,182.0,19.0,,,,,181.5,0.0
2,126000,VOLCANIC_ROCK_VOUCHER_10000,183.0,19.0,,,,,184.0,19.0,,,,,183.5,0.0
2,126100,VOLCANIC_ROCK_VOUCHER_10000,179.0,12.0,,,,,180.0,12.0,,,,,179.5,0.0
2,126200,VOLCANIC_ROCK_VOUCHER_10000,188.0,13.0,,,,,189.0,13.0,,,,,188.5,0.0
2,126300,VOLCANIC_ROCK_VOUCHER_10000,187.0,18.0,,,,,188.0,18.0,,,,,187.5,0.0
2,126400,VOLCANIC_ROCK_VOUCHER_10000,181.0,21.0,,,,,182.0,21.0,,,,,181.5,0.0
2,126500,VOLCANIC_ROCK_VOUCHER_10000,184.0,11.0,,,,,185.0,11.0,,,,,184.5,0.0
2,126600,VOLCANIC_ROCK_VOUCHER_10000,181.0,11.0,,,,,182.0,11.0,,,,,181.5,0.0
2,126700,VOLCANIC_ROCK_VOUCHER_10000,185.0,16.0,,,,,186.0,16.0,,,,,185.5,0.0
2,126800,VOLCANIC_ROCK_VOUCHER_10000,185.0,18.0,,,,,186.0,18.0,,,,,185.5,0.0
2,126900,VOLCANIC_ROCK_VOUCHER_10000,181.0,18.0,,,,,182.0,18.0,,,,,181.5,0.0
2,127000,VOLCANIC_ROCK_VOUCHER_10000,179.0,20.0,,,,,180.0,20.0,,,,,179.5,0.0
2,127100,VOLCANIC_ROCK_VOUCHER_10000,179.0,26.0,,,,,180.0,13.0,,,,,179.5,0.0
2,127200,VOLCANIC_ROCK_VOUCHER_10000,,,,,,,179.0,9.0,180.0,10.0,,,179.0,0.0
2,127300,VOLCANIC_ROCK_VOUCHER_10000,175.0,13.0,,,,,176.0,13.0,,,,,175.5,0.0
2,127400,VOLCANIC_ROCK_VOUCHER_10000,174.0,16.0,,,,,175.0,16.0,,,,,174.5,0.0
2,127500,VOLCANIC_ROCK_VOUCHER_10000,178.0,21.0,,,,,179.0,11.0,,,,,178.5,0.0
2,127600,VOLCANIC_ROCK_VOUCHER_10000,177.0,15.0,,,,,178.0,15.0,,,,,177.5,0.0
2,127700,VOLCANIC_ROCK_VOUCHER_10000,177.0,18.0,,,,,178.0,18.0,,,,,177.5,0.0
2,127800,VOLCANIC_ROCK_VOUCHER_10000,173.0,14.0,,,,,174.0,14.0,,,,,173.5,0.0
2,127900,VOLCANIC_ROCK_VOUCHER_10000,175.0,12.0,,,,,176.0,12.0,,,,,175.5,0.0
2,128000,VOLCANIC_ROCK_VOUCHER_10000,175.0,19.0,,,,,176.0,19.0,,,,,175.5,0.0
2,128100,VOLCANIC_ROCK_VOUCHER_10000,175.0,16.0,,,,,176.0,16.0,,,,,175.5,0.0
2,128200,VOLCANIC_ROCK_VOUCHER_10000,172.0,20.0,,,,,173.0,20.0,,,,,172.5,0.0
2,128300,VOLCANIC_ROCK_VOUCHER_10000,173.0,23.0,,,,,174.0,13.0,,,,,173.5,0.0
2,128400,VOLCANIC_ROCK_VOUCHER_10000,169.0,15.0,,,,,171.0,15.0,,,,,170.0,0.0
2,128500,VOLCANIC_ROCK_VOUCHER_10000,175.0,20.0,,,,,176.0,20.0,,,,,175.5,0.0
2,128600,VOLCANIC_ROCK_VOUCHER_10000,177.0,11.0,,,,,178.0,11.0,,,,,177.5,0.0
2,128700,VOLCANIC_ROCK_VOUCHER_10000,179.0,11.0,,,,,180.0,11.0,,,,,179.5,0.0
2,128800,VOLCANIC_ROCK_VOUCHER_10000,179.0,12.0,,,,,180.0,12.0,,,,,179.5,0.0
2,128900,VOLCANIC_ROCK_VOUCHER_10000,176.0,8.0,,,,,177.0,20.0,,,,,176.5,0.0
2,129000,VOLCANIC_ROCK_VOUCHER_10000,179.0,14.0,,,,,180.0,14.0,,,,,179.5,0.0
2,129100,VOLCANIC_ROCK_VOUCHER_10000,176.0,4.0,,,,,177.0,19.0,,,,,176.5,0.0
2,129200,VOLCANIC_ROCK_VOUCHER_10000,177.0,19.0,,,,,178.0,19.0,,,,,177.5,0.0
2,129300,VOLCANIC_ROCK_VOUCHER_10000,179.0,20.0,,,,,180.0,20.0,,,,,179.5,0.0
2,129400,VOLCANIC_ROCK_VOUCHER_10000,178.0,28.0,,,,,179.0,11.0,,,,,178.5,0.0
2,129500,VOLCANIC_ROCK_VOUCHER_10000,179.0,13.0,,,,,180.0,13.0,,,,,179.5,0.0
2,129600,VOLCANIC_ROCK_VOUCHER_10000,177.0,19.0,,,,,178.0,19.0,,,,,177.5,0.0
2,129700,VOLCANIC_ROCK_VOUCHER_10000,178.0,19.0,,,,,179.0,19.0,,,,,178.5,0.0
2,129800,VOLCANIC_ROCK_VOUCHER_10000,173.0,19.0,,,,,174.0,19.0,,,,,173.5,0.0
2,129900,VOLCANIC_ROCK_VOUCHER_10000,174.0,14.0,,,,,175.0,14.0,,,,,174.5,0.0
2,130000,VOLCANIC_ROCK_VOUCHER_10000,173.0,22.0,,,,,174.0,22.0,,,,,173.5,0.0
2,130100,VOLCANIC_ROCK_VOUCHER_10000,175.0,16.0,,,,,176.0,16.0,,,,,175.5,0.0
2,130200,VOLCANIC_ROCK_VOUCHER_10000,176.0,17.0,,,,,177.0,17.0,,,,,176.5,0.0
2,130300,VOLCANIC_ROCK_VOUCHER_10000,178.0,16.0,,,,,179.0,16.0,,,,,178.5,0.0
2,130400,VOLCANIC_ROCK_VOUCHER_10000,176.0,6.0,,,,,177.0,18.0,,,,,176.5,0.0
2,130500,VOLCANIC_ROCK_VOUCHER_10000,175.0,5.0,,,,,176.0,18.0,,,,,175.5,0.0
2,130600,VOLCANIC_ROCK_VOUCHER_10000,175.0,18.0,,,,,176.0,18.0,,,,,175.5,0.0
2,130700,VOLCANIC_ROCK_VOUCHER_10000,174.0,14.0,,,,,175.0,14.0,,,,,174.5,0.0
2,130800,VOLCANIC_ROCK_VOUCHER_10000,175.0,18.0,,,,,176.0,18.0,,,,,175.5,0.0
2,130900,VOLCANIC_ROCK_VOUCHER_10000,174.0,14.0,173.0,20.0,,,175.0,20.0,,,,,174.5,0.0
