timestamp,buyer,seller,symbol,currency,price,quantity
3900,Caesar,Peter,VOLCANIC_ROCK,SEASHELLS,10217.0,10
5400,Caesar,Caesar,VOLCANIC_ROCK,SEASHELLS,10220.0,7
6100,Caesar,Caesar,VOLCANIC_ROCK,SEASHELLS,10223.0,10
9200,Pablo,Caesar,VOLCANIC_ROCK,SEASHELLS,10227.0,1
9300,Peter,Caesar,VOLCANIC_ROCK,SEASHELLS,10226.0,10
9800,Caesar,Peter,VOLCANIC_ROCK,SEASHELLS,10222.0,8
10400,Caesar,Peter,VOLCANIC_ROCK,SEASHELLS,10219.0,10
10600,Peter,Caesar,VOLCANIC_ROCK,SEASHELLS,10215.0,10
11200,Caesar,Caesar,VOLCANIC_ROCK,SEASHELLS,10214.0,8
11700,Caesar,Caesar,VOLCANIC_ROCK,SEASHELLS,10207.0,7
13400,Peter,Caesar,VOLCANIC_ROCK,SEASHELLS,10200.0,10
15000,Caesar,Caesar,VOLCANIC_ROCK,SEASHELLS,10197.0,6
20300,Caesar,Pablo,VOLCANIC_ROCK,SEASHELLS,10200.0,2
22200,Caesar,Caesar,VOLCANIC_ROCK,SEASHELLS,10211.0,5
23600,Caesar,Caesar,VOLCANIC_ROCK,SEASHELLS,10207.0,6
25800,Caesar,Caesar,VOLCANIC_ROCK,SEASHELLS,10193.0,6
28000,Caesar,Caesar,VOLCANIC_ROCK,SEASHELLS,10196.0,7
29300,Caesar,Caesar,VOLCANIC_ROCK,SEASHELLS,10187.0,5
29900,Caesar,Caesar,VOLCANIC_ROCK,SEASHELLS,10189.0,8
30200,Caesar,Caesar,VOLCANIC_ROCK,SEASHELLS,10188.0,8
32800,Caesar,Caesar,VOLCANIC_ROCK,SEASHELLS,10186.0,8
35400,Caesar,Caesar,VOLCANIC_ROCK,SEASHELLS,10192.0,7
36000,Peter,Caesar,VOLCANIC_ROCK,SEASHELLS,10191.0,9
39700,Caesar,Pablo,VOLCANIC_ROCK,SEASHELLS,10203.0,2
41600,Caesar,Peter,VOLCANIC_ROCK,SEASHELLS,10192.0,7
42200,Peter,Caesar,VOLCANIC_ROCK,SEASHELLS,10196.0,8
43500,Caesar,Caesar,VOLCANIC_ROCK,SEASHELLS,10183.0,7
44800,Pablo,Caesar,VOLCANIC_ROCK,SEASHELLS,10190.0,3
47500,Peter,Caesar,VOLCANIC_ROCK,SEASHELLS,10181.0,10
48300,Caesar,Caesar,VOLCANIC_ROCK,SEASHELLS,10177.0,8
48800,Caesar,Caesar,VOLCANIC_ROCK,SEASHELLS,10169.0,7
49300,Caesar,Caesar,VOLCANIC_ROCK,SEASHELLS,10173.0,5
49600,Caesar,Caesar,VOLCANIC_ROCK,SEASHELLS,10173.0,7
50000,Caesar,Pablo,VOLCANIC_ROCK,SEASHELLS,10170.0,3
50300,Caesar,Peter,VOLCANIC_ROCK,SEASHELLS,10166.0,7
50800,Caesar,Caesar,VOLCANIC_ROCK,SEASHELLS,10168.0,8
54400,Peter,Caesar,VOLCANIC_ROCK,SEASHELLS,10161.0,5
57300,Caesar,Caesar,VOLCANIC_ROCK,SEASHELLS,10161.0,7
59200,Caesar,Caesar,VOLCANIC_ROCK,SEASHELLS,10160.0,5
59500,Caesar,Caesar,VOLCANIC_ROCK,SEASHELLS,10159.0,6
61000,Peter,Caesar,VOLCANIC_ROCK,SEASHELLS,10174.0,6
63900,Caesar,Caesar,VOLCANIC_ROCK,SEASHELLS,10185.0,8
64700,Caesar,Caesar,VOLCANIC_ROCK,SEASHELLS,10189.0,6
65700,Caesar,Caesar,VOLCANIC_ROCK,SEASHELLS,10191.0,10
67500,Caesar,Caesar,VOLCANIC_ROCK,SEASHELLS,10180.0,9
72400,Caesar,Caesar,VOLCANIC_ROCK,SEASHELLS,10185.0,5
74400,Caesar,Peter,VOLCANIC_ROCK,SEASHELLS,10188.0,10
74700,Caesar,Caesar,VOLCANIC_ROCK,SEASHELLS,10188.0,5
75500,Caesar,Caesar,VOLCANIC_ROCK,SEASHELLS,10186.0,5
77000,Caesar,Caesar,VOLCANIC_ROCK,SEASHELLS,10183.0,6
79400,Peter,Caesar,VOLCANIC_ROCK,SEASHELLS,10181.0,7
79800,Caesar,Pablo,VOLCANIC_ROCK,SEASHELLS,10178.0,1
80700,Caesar,Caesar,VOLCANIC_ROCK,SEASHELLS,10186.0,8
82300,Caesar,Pablo,VOLCANIC_ROCK,SEASHELLS,10185.0,3
85500,Caesar,Caesar,VOLCANIC_ROCK,SEASHELLS,10183.0,5
87000,Caesar,Caesar,VOLCANIC_ROCK,SEASHELLS,10172.0,9
89600,Caesar,Caesar,VOLCANIC_ROCK,SEASHELLS,10181.0,6
90400,Caesar,Peter,VOLCANIC_ROCK,SEASHELLS,10175.0,6
90800,Caesar,Caesar,VOLCANIC_ROCK,SEASHELLS,10174.0,9
91700,Caesar,Pablo,VOLCANIC_ROCK,SEASHELLS,10176.0,2
92600,Caesar,Caesar,VOLCANIC_ROCK,SEASHELLS,10192.0,9
92900,Caesar,Pablo,VOLCANIC_ROCK,SEASHELLS,10188.0,3
98000,Caesar,Pablo,VOLCANIC_ROCK,SEASHELLS,10167.0,1
98200,Caesar,Caesar,VOLCANIC_ROCK,SEASHELLS,10165.0,5
99900,Caesar,Pablo,VOLCANIC_ROCK,SEASHELLS,10155.0,2
101200,Caesar,Peter,VOLCANIC_ROCK,SEASHELLS,10155.0,9
102100,Caesar,Caesar,VOLCANIC_ROCK,SEASHELLS,10154.0,6
103600,Caesar,Caesar,VOLCANIC_ROCK,SEASHELLS,10155.0,9
106300,Caesar,Caesar,VOLCANIC_ROCK,SEASHELLS,10155.0,9
106700,Caesar,Caesar,VOLCANIC_ROCK,SEASHELLS,10145.0,7
110400,Caesar,Peter,VOLCANIC_ROCK,SEASHELLS,10150.0,9
110500,Pablo,Caesar,VOLCANIC_ROCK,SEASHELLS,10153.0,3
111500,Caesar,Pablo,VOLCANIC_ROCK,SEASHELLS,10154.0,2
114300,Pablo,Caesar,VOLCANIC_ROCK,SEASHELLS,10156.0,2
114600,Peter,Caesar,VOLCANIC_ROCK,SEASHELLS,10156.0,8
115700,Caesar,Peter,VOLCANIC_ROCK,SEASHELLS,10157.0,6
116400,Pablo,Caesar,VOLCANIC_ROCK,SEASHELLS,10153.0,2
117800,Caesar,Caesar,VOLCANIC_ROCK,SEASHELLS,10157.0,5
120200,Caesar,Caesar,VOLCANIC_ROCK,SEASHELLS,10153.0,7
123000,Caesar,Caesar,VOLCANIC_ROCK,SEASHELLS,10154.0,6
123500,Caesar,Caesar,VOLCANIC_ROCK,SEASHELLS,10161.0,8
127500,Caesar,Caesar,VOLCANIC_ROCK,SEASHELLS,10153.0,7
130400,Peter,Caesar,VOLCANIC_ROCK,SEASHELLS,10155.0,9
132600,Caesar,Caesar,VOLCANIC_ROCK,SEASHELLS,10147.0,5
132700,Peter,Caesar,VOLCANIC_ROCK,SEASHELLS,10151.0,10
133700,Caesar,Caesar,VOLCANIC_ROCK,SEASHELLS,10166.0,8
135400,Caesar,Peter,VOLCANIC_ROCK,SEASHELLS,10164.0,7
136700,Caesar,Pablo,VOLCANIC_ROCK,SEASHELLS,10159.0,2
137300,Caesar,Pablo,VOLCANIC_ROCK,SEASHELLS,10163.0,1
139100,Caesar,Caesar,VOLCANIC_ROCK,SEASHELLS,10167.0,6
140600,Caesar,Caesar,VOLCANIC_ROCK,SEASHELLS,10169.0,7
143100,Pablo,Caesar,VOLCANIC_ROCK,SEASHELLS,10181.0,2
143700,Caesar,Caesar,VOLCANIC_ROCK,SEASHELLS,10180.0,5
143800,Caesar,Caesar,VOLCANIC_ROCK,SEASHELLS,10177.0,8
146600,Caesar,Caesar,VOLCANIC_ROCK,SEASHELLS,10182.0,6
146900,Caesar,Pablo,VOLCANIC_ROCK,SEASHELLS,10182.0,2
148400,Caesar,Caesar,VOLCANIC_ROCK,SEASHELLS,10188.0,10
148900,Peter,Caesar,VOLCANIC_ROCK,SEASHELLS,10184.0,9
149600,Pablo,Caesar,VOLCANIC_ROCK,SEASHELLS,10183.0,1
149600,Caesar,Caesar,VOLCANIC_ROCK,SEASHELLS,10183.0,9
150700,Caesar,Caesar,VOLCANIC_ROCK,SEASHELLS,10178.0,10
152300,Pablo,Caesar,VOLCANIC_ROCK,SEASHELLS,10179.0,3
152900,Caesar,Caesar,VOLCANIC_ROCK,SEASHELLS,10176.0,9
153400,Caesar,Caesar,VOLCANIC_ROCK,SEASHELLS,10176.0,10
157400,Pablo,Caesar,VOLCANIC_ROCK,SEASHELLS,10181.0,2
158100,Caesar,Caesar,VOLCANIC_ROCK,SEASHELLS,10189.0,10
160100,Caesar,Caesar,VOLCANIC_ROCK,SEASHELLS,10198.0,7
162900,Caesar,Caesar,VOLCANIC_ROCK,SEASHELLS,10198.0,9
163800,Caesar,Caesar,VOLCANIC_ROCK,SEASHELLS,10190.0,8
164500,Caesar,Peter,VOLCANIC_ROCK,SEASHELLS,10190.0,10
165700,Pablo,Caesar,VOLCANIC_ROCK,SEASHELLS,10189.0,3
166600,Peter,Caesar,VOLCANIC_ROCK,SEASHELLS,10187.0,5
168300,Caesar,Caesar,VOLCANIC_ROCK,SEASHELLS,10184.0,9
169000,Caesar,Pablo,VOLCANIC_ROCK,SEASHELLS,10182.0,1
173600,Caesar,Caesar,VOLCANIC_ROCK,SEASHELLS,10168.0,10
176200,Caesar,Caesar,VOLCANIC_ROCK,SEASHELLS,10160.0,7
178500,Caesar,Caesar,VOLCANIC_ROCK,SEASHELLS,10153.0,10
179400,Caesar,Caesar,VOLCANIC_ROCK,SEASHELLS,10152.0,10
182500,Caesar,Caesar,VOLCANIC_ROCK,SEASHELLS,10144.0,10
183200,Caesar,Pablo,VOLCANIC_ROCK,SEASHELLS,10142.0,2
184800,Caesar,Caesar,VOLCANIC_ROCK,SEASHELLS,10139.0,7
184900,Caesar,Caesar,VOLCANIC_ROCK,SEASHELLS,10142.0,7
185900,Caesar,Peter,VOLCANIC_ROCK,SEASHELLS,10139.0,10
188800,Caesar,Pablo,VOLCANIC_ROCK,SEASHELLS,10132.0,3
188900,Caesar,Caesar,VOLCANIC_ROCK,SEASHELLS,10135.0,10
189500,Caesar,Caesar,VOLCANIC_ROCK,SEASHELLS,10137.0,5
193000,Caesar,Caesar,VOLCANIC_ROCK,SEASHELLS,10132.0,6
193900,Caesar,Caesar,VOLCANIC_ROCK,SEASHELLS,10129.0,10
194400,Caesar,Caesar,VOLCANIC_ROCK,SEASHELLS,10134.0,5
194600,Peter,Caesar,VOLCANIC_ROCK,SEASHELLS,10136.0,8
194700,Caesar,Caesar,VOLCANIC_ROCK,SEASHELLS,10134.0,10
200700,Caesar,Caesar,VOLCANIC_ROCK,SEASHELLS,10144.0,5
200700,Caesar,Peter,VOLCANIC_ROCK,SEASHELLS,10144.0,10
200900,Caesar,Caesar,VOLCANIC_ROCK,SEASHELLS,10145.0,6
201100,Peter,Caesar,VOLCANIC_ROCK,SEASHELLS,10147.0,8
201200,Caesar,Caesar,VOLCANIC_ROCK,SEASHELLS,10148.0,7
202100,Caesar,Pablo,VOLCANIC_ROCK,SEASHELLS,10148.0,1
204100,Caesar,Caesar,VOLCANIC_ROCK,SEASHELLS,10144.0,6
205300,Caesar,Caesar,VOLCANIC_ROCK,SEASHELLS,10141.0,9
205700,Caesar,Caesar,VOLCANIC_ROCK,SEASHELLS,10143.0,7
205800,Caesar,Caesar,VOLCANIC_ROCK,SEASHELLS,10143.0,8
209500,Caesar,Caesar,VOLCANIC_ROCK,SEASHELLS,10153.0,10
209600,Caesar,Caesar,VOLCANIC_ROCK,SEASHELLS,10148.0,9
209700,Caesar,Caesar,VOLCANIC_ROCK,SEASHELLS,10149.0,10
210300,Pablo,Caesar,VOLCANIC_ROCK,SEASHELLS,10155.0,2
211300,Caesar,Peter,VOLCANIC_ROCK,SEASHELLS,10152.0,10
213400,Caesar,Caesar,VOLCANIC_ROCK,SEASHELLS,10149.0,6
215100,Pablo,Caesar,VOLCANIC_ROCK,SEASHELLS,10153.0,1
217700,Pablo,Caesar,VOLCANIC_ROCK,SEASHELLS,10141.0,3
221600,Caesar,Caesar,VOLCANIC_ROCK,SEASHELLS,10154.0,8
222300,Caesar,Caesar,VOLCANIC_ROCK,SEASHELLS,10161.0,7
226800,Caesar,Caesar,VOLCANIC_ROCK,SEASHELLS,10150.0,10
228200,Caesar,Caesar,VOLCANIC_ROCK,SEASHELLS,10152.0,9
229000,Caesar,Caesar,VOLCANIC_ROCK,SEASHELLS,10146.0,10
232900,Caesar,Peter,VOLCANIC_ROCK,SEASHELLS,10136.0,9
233900,Caesar,Peter,VOLCANIC_ROCK,SEASHELLS,10137.0,8
234800,Peter,Caesar,VOLCANIC_ROCK,SEASHELLS,10139.0,8
237600,Caesar,Peter,VOLCANIC_ROCK,SEASHELLS,10134.0,6
240000,Caesar,Pablo,VOLCANIC_ROCK,SEASHELLS,10128.0,2
241800,Caesar,Caesar,VOLCANIC_ROCK,SEASHELLS,10124.0,9
242300,Caesar,Peter,VOLCANIC_ROCK,SEASHELLS,10110.0,7
244200,Peter,Caesar,VOLCANIC_ROCK,SEASHELLS,10112.0,5
246800,Caesar,Caesar,VOLCANIC_ROCK,SEASHELLS,10120.0,9
247000,Caesar,Caesar,VOLCANIC_ROCK,SEASHELLS,10125.0,9
247900,Caesar,Caesar,VOLCANIC_ROCK,SEASHELLS,10130.0,6
249200,Peter,Caesar,VOLCANIC_ROCK,SEASHELLS,10142.0,5
252000,Caesar,Caesar,VOLCANIC_ROCK,SEASHELLS,10132.0,5
252600,Caesar,Peter,VOLCANIC_ROCK,SEASHELLS,10134.0,9
253100,Caesar,Caesar,VOLCANIC_ROCK,SEASHELLS,10132.0,7
255200,Caesar,Caesar,VOLCANIC_ROCK,SEASHELLS,10140.0,7
256000,Pablo,Caesar,VOLCANIC_ROCK,SEASHELLS,10148.0,1
257000,Caesar,Pablo,VOLCANIC_ROCK,SEASHELLS,10139.0,3
257500,Caesar,Peter,VOLCANIC_ROCK,SEASHELLS,10140.0,8
258700,Peter,Caesar,VOLCANIC_ROCK,SEASHELLS,10136.0,9
259000,Caesar,Caesar,VOLCANIC_ROCK,SEASHELLS,10136.0,10
260000,Peter,Caesar,VOLCANIC_ROCK,SEASHELLS,10132.0,9
262400,Caesar,Pablo,VOLCANIC_ROCK,SEASHELLS,10121.0,1
263100,Caesar,Pablo,VOLCANIC_ROCK,SEASHELLS,10117.0,3
263300,Caesar,Caesar,VOLCANIC_ROCK,SEASHELLS,10120.0,6
263300,Caesar,Peter,VOLCANIC_ROCK,SEASHELLS,10120.0,10
264000,Peter,Caesar,VOLCANIC_ROCK,SEASHELLS,10122.0,6
264400,Caesar,Caesar,VOLCANIC_ROCK,SEASHELLS,10113.0,7
265800,Caesar,Pablo,VOLCANIC_ROCK,SEASHELLS,10100.0,1
267800,Peter,Caesar,VOLCANIC_ROCK,SEASHELLS,10109.0,10
268500,Peter,Caesar,VOLCANIC_ROCK,SEASHELLS,10113.0,5
269700,Pablo,Caesar,VOLCANIC_ROCK,SEASHELLS,10116.0,1
271800,Caesar,Peter,VOLCANIC_ROCK,SEASHELLS,10101.0,7
273300,Caesar,Caesar,VOLCANIC_ROCK,SEASHELLS,10105.0,10
273400,Caesar,Caesar,VOLCANIC_ROCK,SEASHELLS,10103.0,8
275000,Caesar,Caesar,VOLCANIC_ROCK,SEASHELLS,10099.0,5
275400,Caesar,Caesar,VOLCANIC_ROCK,SEASHELLS,10099.0,6
277800,Caesar,Caesar,VOLCANIC_ROCK,SEASHELLS,10058.0,7
278300,Caesar,Caesar,VOLCANIC_ROCK,SEASHELLS,10062.0,8
279100,Caesar,Caesar,VOLCANIC_ROCK,SEASHELLS,10063.0,9
281300,Caesar,Caesar,VOLCANIC_ROCK,SEASHELLS,10081.0,6
281400,Caesar,Caesar,VOLCANIC_ROCK,SEASHELLS,10086.0,9
285500,Caesar,Pablo,VOLCANIC_ROCK,SEASHELLS,10090.0,3
285700,Caesar,Pablo,VOLCANIC_ROCK,SEASHELLS,10088.0,1
287600,Caesar,Peter,VOLCANIC_ROCK,SEASHELLS,10092.0,10
288400,Caesar,Caesar,VOLCANIC_ROCK,SEASHELLS,10103.0,7
288500,Caesar,Caesar,VOLCANIC_ROCK,SEASHELLS,10104.0,7
289500,Caesar,Pablo,VOLCANIC_ROCK,SEASHELLS,10108.0,3
290300,Caesar,Caesar,VOLCANIC_ROCK,SEASHELLS,10114.0,8
291300,Caesar,Peter,VOLCANIC_ROCK,SEASHELLS,10121.0,7
293000,Caesar,Pablo,VOLCANIC_ROCK,SEASHELLS,10115.0,2
294700,Caesar,Peter,VOLCANIC_ROCK,SEASHELLS,10112.0,9
298300,Pablo,Caesar,VOLCANIC_ROCK,SEASHELLS,10124.0,1
300500,Peter,Caesar,VOLCANIC_ROCK,SEASHELLS,10131.0,5
302800,Caesar,Caesar,VOLCANIC_ROCK,SEASHELLS,10157.0,5
304200,Caesar,Caesar,VOLCANIC_ROCK,SEASHELLS,10141.0,5
306700,Peter,Caesar,VOLCANIC_ROCK,SEASHELLS,10138.0,5
306800,Caesar,Caesar,VOLCANIC_ROCK,SEASHELLS,10138.0,7
307200,Pablo,Caesar,VOLCANIC_ROCK,SEASHELLS,10137.0,2
307900,Pablo,Caesar,VOLCANIC_ROCK,SEASHELLS,10134.0,3
310600,Caesar,Caesar,VOLCANIC_ROCK,SEASHELLS,10131.0,6
312800,Caesar,Peter,VOLCANIC_ROCK,SEASHELLS,10110.0,10
316400,Caesar,Pablo,VOLCANIC_ROCK,SEASHELLS,10118.0,1
316900,Caesar,Caesar,VOLCANIC_ROCK,SEASHELLS,10117.0,7
317300,Pablo,Caesar,VOLCANIC_ROCK,SEASHELLS,10118.0,1
318100,Caesar,Caesar,VOLCANIC_ROCK,SEASHELLS,10118.0,9
319400,Caesar,Caesar,VOLCANIC_ROCK,SEASHELLS,10114.0,6
320600,Caesar,Caesar,VOLCANIC_ROCK,SEASHELLS,10120.0,9
321800,Caesar,Pablo,VOLCANIC_ROCK,SEASHELLS,10123.0,1
323900,Caesar,Peter,VOLCANIC_ROCK,SEASHELLS,10113.0,6
327200,Pablo,Caesar,VOLCANIC_ROCK,SEASHELLS,10087.0,1
327600,Caesar,Pablo,VOLCANIC_ROCK,SEASHELLS,10084.0,1
327900,Caesar,Pablo,VOLCANIC_ROCK,SEASHELLS,10082.0,1
334300,Pablo,Caesar,VOLCANIC_ROCK,SEASHELLS,10092.0,2
336000,Caesar,Caesar,VOLCANIC_ROCK,SEASHELLS,10093.0,9
339200,Caesar,Pablo,VOLCANIC_ROCK,SEASHELLS,10088.0,1
339300,Caesar,Caesar,VOLCANIC_ROCK,SEASHELLS,10093.0,6
345200,Peter,Caesar,VOLCANIC_ROCK,SEASHELLS,10103.0,5
346400,Caesar,Caesar,VOLCANIC_ROCK,SEASHELLS,10112.0,8
348400,Caesar,Caesar,VOLCANIC_ROCK,SEASHELLS,10108.0,10
351100,Caesar,Caesar,VOLCANIC_ROCK,SEASHELLS,10105.0,10
354000,Caesar,Caesar,VOLCANIC_ROCK,SEASHELLS,10105.0,7
354200,Caesar,Caesar,VOLCANIC_ROCK,SEASHELLS,10106.0,8
355300,Caesar,Caesar,VOLCANIC_ROCK,SEASHELLS,10105.0,10
355500,Peter,Caesar,VOLCANIC_ROCK,SEASHELLS,10108.0,7
356300,Caesar,Peter,VOLCANIC_ROCK,SEASHELLS,10111.0,8
357600,Caesar,Caesar,VOLCANIC_ROCK,SEASHELLS,10110.0,7
358100,Peter,Caesar,VOLCANIC_ROCK,SEASHELLS,10104.0,9
358900,Pablo,Caesar,VOLCANIC_ROCK,SEASHELLS,10100.0,2
364300,Caesar,Caesar,VOLCANIC_ROCK,SEASHELLS,10068.0,10
366500,Caesar,Caesar,VOLCANIC_ROCK,SEASHELLS,10061.0,10
366600,Caesar,Caesar,VOLCANIC_ROCK,SEASHELLS,10061.0,7
366900,Caesar,Caesar,VOLCANIC_ROCK,SEASHELLS,10060.0,5
367100,Caesar,Caesar,VOLCANIC_ROCK,SEASHELLS,10060.0,10
367300,Caesar,Caesar,VOLCANIC_ROCK,SEASHELLS,10059.0,7
367900,Caesar,Caesar,VOLCANIC_ROCK,SEASHELLS,10060.0,10
370700,Caesar,Peter,VOLCANIC_ROCK,SEASHELLS,10079.0,6
371300,Pablo,Caesar,VOLCANIC_ROCK,SEASHELLS,10077.0,2
373300,Caesar,Caesar,VOLCANIC_ROCK,SEASHELLS,10087.0,6
373900,Caesar,Caesar,VOLCANIC_ROCK,SEASHELLS,10085.0,10
375900,Caesar,Pablo,VOLCANIC_ROCK,SEASHELLS,10077.0,2
376400,Caesar,Caesar,VOLCANIC_ROCK,SEASHELLS,10078.0,7
379000,Caesar,Caesar,VOLCANIC_ROCK,SEASHELLS,10075.0,5
379100,Caesar,Caesar,VOLCANIC_ROCK,SEASHELLS,10073.0,6
379200,Caesar,Caesar,VOLCANIC_ROCK,SEASHELLS,10075.0,10
381300,Caesar,Caesar,VOLCANIC_ROCK,SEASHELLS,10071.0,8
382300,Caesar,Peter,VOLCANIC_ROCK,SEASHELLS,10070.0,8
383700,Caesar,Caesar,VOLCANIC_ROCK,SEASHELLS,10079.0,7
386100,Caesar,Caesar,VOLCANIC_ROCK,SEASHELLS,10069.0,8
386200,Caesar,Caesar,VOLCANIC_ROCK,SEASHELLS,10070.0,8
387700,Caesar,Pablo,VOLCANIC_ROCK,SEASHELLS,10069.0,1
389800,Caesar,Caesar,VOLCANIC_ROCK,SEASHELLS,10065.0,7
389900,Caesar,Caesar,VOLCANIC_ROCK,SEASHELLS,10066.0,5
390600,Caesar,Caesar,VOLCANIC_ROCK,SEASHELLS,10056.0,6
391300,Peter,Caesar,VOLCANIC_ROCK,SEASHELLS,10048.0,5
392000,Caesar,Caesar,VOLCANIC_ROCK,SEASHELLS,10061.0,7
392200,Caesar,Peter,VOLCANIC_ROCK,SEASHELLS,10058.0,9
392800,Caesar,Caesar,VOLCANIC_ROCK,SEASHELLS,10063.0,8
396800,Caesar,Caesar,VOLCANIC_ROCK,SEASHELLS,10088.0,10
398300,Pablo,Caesar,VOLCANIC_ROCK,SEASHELLS,10089.0,2
401900,Caesar,Caesar,VOLCANIC_ROCK,SEASHELLS,10077.0,5
402900,Caesar,Caesar,VOLCANIC_ROCK,SEASHELLS,10061.0,8
405500,Caesar,Caesar,VOLCANIC_ROCK,SEASHELLS,10062.0,7
405800,Caesar,Caesar,VOLCANIC_ROCK,SEASHELLS,10065.0,8
406800,Caesar,Caesar,VOLCANIC_ROCK,SEASHELLS,10068.0,10
408000,Caesar,Caesar,VOLCANIC_ROCK,SEASHELLS,10058.0,7
409200,Caesar,Caesar,VOLCANIC_ROCK,SEASHELLS,10029.0,6
410800,Caesar,Caesar,VOLCANIC_ROCK,SEASHELLS,10037.0,10
410900,Peter,Caesar,VOLCANIC_ROCK,SEASHELLS,10040.0,8
418200,Caesar,Caesar,VOLCANIC_ROCK,SEASHELLS,10052.0,8
420000,Caesar,Caesar,VOLCANIC_ROCK,SEASHELLS,10051.0,10
420600,Caesar,Caesar,VOLCANIC_ROCK,SEASHELLS,10045.0,8
424400,Peter,Caesar,VOLCANIC_ROCK,SEASHELLS,10058.0,10
425900,Caesar,Caesar,VOLCANIC_ROCK,SEASHELLS,10061.0,5
426600,Caesar,Caesar,VOLCANIC_ROCK,SEASHELLS,10061.0,5
427700,Caesar,Caesar,VOLCANIC_ROCK,SEASHELLS,10062.0,8
428000,Caesar,Caesar,VOLCANIC_ROCK,SEASHELLS,10056.0,9
431600,Caesar,Caesar,VOLCANIC_ROCK,SEASHELLS,10054.0,7
432700,Pablo,Caesar,VOLCANIC_ROCK,SEASHELLS,10045.0,3
433300,Peter,Caesar,VOLCANIC_ROCK,SEASHELLS,10047.0,8
436000,Caesar,Caesar,VOLCANIC_ROCK,SEASHELLS,10043.0,9
436400,Pablo,Caesar,VOLCANIC_ROCK,SEASHELLS,10047.0,1
440200,Caesar,Caesar,VOLCANIC_ROCK,SEASHELLS,10047.0,7
441300,Peter,Caesar,VOLCANIC_ROCK,SEASHELLS,10062.0,5
442000,Peter,Caesar,VOLCANIC_ROCK,SEASHELLS,10060.0,7
443400,Caesar,Peter,VOLCANIC_ROCK,SEASHELLS,10067.0,8
443800,Caesar,Caesar,VOLCANIC_ROCK,SEASHELLS,10069.0,7
449100,Caesar,Pablo,VOLCANIC_ROCK,SEASHELLS,10101.0,2
454300,Pablo,Caesar,VOLCANIC_ROCK,SEASHELLS,10077.0,1
457900,Caesar,Caesar,VOLCANIC_ROCK,SEASHELLS,10074.0,7
460200,Peter,Caesar,VOLCANIC_ROCK,SEASHELLS,10098.0,5
464600,Pablo,Caesar,VOLCANIC_ROCK,SEASHELLS,10106.0,3
465000,Caesar,Caesar,VOLCANIC_ROCK,SEASHELLS,10103.0,5
465600,Pablo,Caesar,VOLCANIC_ROCK,SEASHELLS,10100.0,2
471000,Caesar,Caesar,VOLCANIC_ROCK,SEASHELLS,10110.0,7
472600,Peter,Caesar,VOLCANIC_ROCK,SEASHELLS,10113.0,5
475100,Peter,Caesar,VOLCANIC_ROCK,SEASHELLS,10084.0,6
475500,Caesar,Caesar,VOLCANIC_ROCK,SEASHELLS,10082.0,10
476700,Caesar,Pablo,VOLCANIC_ROCK,SEASHELLS,10087.0,1
476900,Caesar,Peter,VOLCANIC_ROCK,SEASHELLS,10092.0,9
477000,Caesar,Caesar,VOLCANIC_ROCK,SEASHELLS,10096.0,10
478600,Caesar,Caesar,VOLCANIC_ROCK,SEASHELLS,10093.0,5
479500,Caesar,Caesar,VOLCANIC_ROCK,SEASHELLS,10096.0,8
479700,Peter,Caesar,VOLCANIC_ROCK,SEASHELLS,10099.0,10
482900,Caesar,Caesar,VOLCANIC_ROCK,SEASHELLS,10099.0,8
484500,Caesar,Caesar,VOLCANIC_ROCK,SEASHELLS,10103.0,10
488700,Caesar,Peter,VOLCANIC_ROCK,SEASHELLS,10084.0,8
489700,Caesar,Caesar,VOLCANIC_ROCK,SEASHELLS,10088.0,10
490700,Caesar,Caesar,VOLCANIC_ROCK,SEASHELLS,10104.0,5
493600,Caesar,Caesar,VOLCANIC_ROCK,SEASHELLS,10132.0,5
497100,Caesar,Caesar,VOLCANIC_ROCK,SEASHELLS,10121.0,5
503300,Peter,Caesar,VOLCANIC_ROCK,SEASHELLS,10121.0,6
508600,Caesar,Peter,VOLCANIC_ROCK,SEASHELLS,10111.0,7
508800,Caesar,Caesar,VOLCANIC_ROCK,SEASHELLS,10111.0,9
508800,Caesar,Peter,VOLCANIC_ROCK,SEASHELLS,10111.0,7
512900,Caesar,Caesar,VOLCANIC_ROCK,SEASHELLS,10122.0,10
513600,Caesar,Peter,VOLCANIC_ROCK,SEASHELLS,10118.0,9
514700,Caesar,Caesar,VOLCANIC_ROCK,SEASHELLS,10123.0,7
515200,Peter,Caesar,VOLCANIC_ROCK,SEASHELLS,10123.0,5
516600,Caesar,Caesar,VOLCANIC_ROCK,SEASHELLS,10131.0,6
520900,Caesar,Pablo,VOLCANIC_ROCK,SEASHELLS,10122.0,1
522300,Caesar,Caesar,VOLCANIC_ROCK,SEASHELLS,10138.0,5
524700,Caesar,Caesar,VOLCANIC_ROCK,SEASHELLS,10143.0,7
528200,Caesar,Caesar,VOLCANIC_ROCK,SEASHELLS,10145.0,7
529900,Caesar,Caesar,VOLCANIC_ROCK,SEASHELLS,10142.0,10
530100,Caesar,Caesar,VOLCANIC_ROCK,SEASHELLS,10144.0,10
532000,Caesar,Caesar,VOLCANIC_ROCK,SEASHELLS,10141.0,9
532100,Peter,Caesar,VOLCANIC_ROCK,SEASHELLS,10142.0,6
536800,Caesar,Caesar,VOLCANIC_ROCK,SEASHELLS,10153.0,8
541000,Caesar,Peter,VOLCANIC_ROCK,SEASHELLS,10134.0,9
541900,Caesar,Pablo,VOLCANIC_ROCK,SEASHELLS,10147.0,2
542900,Caesar,Pablo,VOLCANIC_ROCK,SEASHELLS,10153.0,2
543100,Peter,Caesar,VOLCANIC_ROCK,SEASHELLS,10153.0,5
545200,Caesar,Caesar,VOLCANIC_ROCK,SEASHELLS,10152.0,5
547200,Caesar,Peter,VOLCANIC_ROCK,SEASHELLS,10140.0,8
548700,Caesar,Pablo,VOLCANIC_ROCK,SEASHELLS,10128.0,1
549900,Caesar,Caesar,VOLCANIC_ROCK,SEASHELLS,10114.0,9
554600,Caesar,Pablo,VOLCANIC_ROCK,SEASHELLS,10106.0,2
555700,Caesar,Caesar,VOLCANIC_ROCK,SEASHELLS,10107.0,9
555900,Caesar,Caesar,VOLCANIC_ROCK,SEASHELLS,10111.0,6
557600,Caesar,Pablo,VOLCANIC_ROCK,SEASHELLS,10122.0,2
559700,Caesar,Caesar,VOLCANIC_ROCK,SEASHELLS,10108.0,5
559800,Caesar,Caesar,VOLCANIC_ROCK,SEASHELLS,10109.0,7
560700,Peter,Caesar,VOLCANIC_ROCK,SEASHELLS,10118.0,6
561000,Caesar,Caesar,VOLCANIC_ROCK,SEASHELLS,10114.0,7
561100,Caesar,Caesar,VOLCANIC_ROCK,SEASHELLS,10113.0,6
561800,Caesar,Caesar,VOLCANIC_ROCK,SEASHELLS,10112.0,9
562400,Caesar,Caesar,VOLCANIC_ROCK,SEASHELLS,10113.0,9
563100,Caesar,Caesar,VOLCANIC_ROCK,SEASHELLS,10111.0,8
564000,Caesar,Caesar,VOLCANIC_ROCK,SEASHELLS,10116.0,10
564900,Caesar,Caesar,VOLCANIC_ROCK,SEASHELLS,10116.0,8
565000,Caesar,Caesar,VOLCANIC_ROCK,SEASHELLS,10116.0,9
568000,Caesar,Peter,VOLCANIC_ROCK,SEASHELLS,10115.0,8
568800,Caesar,Caesar,VOLCANIC_ROCK,SEASHELLS,10123.0,8
570700,Caesar,Pablo,VOLCANIC_ROCK,SEASHELLS,10115.0,3
572100,Caesar,Caesar,VOLCANIC_ROCK,SEASHELLS,10134.0,9
574000,Caesar,Peter,VOLCANIC_ROCK,SEASHELLS,10127.0,9
575600,Pablo,Caesar,VOLCANIC_ROCK,SEASHELLS,10132.0,2
576600,Caesar,Peter,VOLCANIC_ROCK,SEASHELLS,10135.0,5
577200,Caesar,Caesar,VOLCANIC_ROCK,SEASHELLS,10130.0,10
578200,Caesar,Caesar,VOLCANIC_ROCK,SEASHELLS,10122.0,7
578400,Caesar,Caesar,VOLCANIC_ROCK,SEASHELLS,10123.0,6
579600,Caesar,Peter,VOLCANIC_ROCK,SEASHELLS,10116.0,9
580800,Caesar,Caesar,VOLCANIC_ROCK,SEASHELLS,10120.0,7
584300,Caesar,Caesar,VOLCANIC_ROCK,SEASHELLS,10099.0,8
592600,Caesar,Caesar,VOLCANIC_ROCK,SEASHELLS,10124.0,10
593600,Caesar,Caesar,VOLCANIC_ROCK,SEASHELLS,10119.0,9
593700,Caesar,Caesar,VOLCANIC_ROCK,SEASHELLS,10122.0,9
597900,Caesar,Pablo,VOLCANIC_ROCK,SEASHELLS,10120.0,2
600800,Caesar,Caesar,VOLCANIC_ROCK,SEASHELLS,10118.0,5
601800,Caesar,Caesar,VOLCANIC_ROCK,SEASHELLS,10111.0,8
601800,Peter,Caesar,VOLCANIC_ROCK,SEASHELLS,10112.0,7
603600,Caesar,Caesar,VOLCANIC_ROCK,SEASHELLS,10136.0,8
604600,Caesar,Caesar,VOLCANIC_ROCK,SEASHELLS,10146.0,7
604900,Caesar,Pablo,VOLCANIC_ROCK,SEASHELLS,10141.0,3
605700,Caesar,Caesar,VOLCANIC_ROCK,SEASHELLS,10142.0,7
607200,Pablo,Caesar,VOLCANIC_ROCK,SEASHELLS,10127.0,2
607400,Caesar,Caesar,VOLCANIC_ROCK,SEASHELLS,10123.0,10
608500,Peter,Caesar,VOLCANIC_ROCK,SEASHELLS,10135.0,7
609800,Caesar,Caesar,VOLCANIC_ROCK,SEASHELLS,10141.0,7
610100,Caesar,Caesar,VOLCANIC_ROCK,SEASHELLS,10141.0,8
610800,Caesar,Caesar,VOLCANIC_ROCK,SEASHELLS,10153.0,8
613800,Caesar,Pablo,VOLCANIC_ROCK,SEASHELLS,10154.0,3
613900,Caesar,Caesar,VOLCANIC_ROCK,SEASHELLS,10156.0,6
614000,Peter,Caesar,VOLCANIC_ROCK,SEASHELLS,10158.0,7
614700,Pablo,Caesar,VOLCANIC_ROCK,SEASHELLS,10169.0,1
617500,Peter,Caesar,VOLCANIC_ROCK,SEASHELLS,10192.0,10
619300,Caesar,Caesar,VOLCANIC_ROCK,SEASHELLS,10177.0,8
619900,Caesar,Peter,VOLCANIC_ROCK,SEASHELLS,10175.0,5
622000,Caesar,Caesar,VOLCANIC_ROCK,SEASHELLS,10178.0,6
622300,Caesar,Caesar,VOLCANIC_ROCK,SEASHELLS,10174.0,8
623000,Caesar,Caesar,VOLCANIC_ROCK,SEASHELLS,10175.0,5
623000,Caesar,Peter,VOLCANIC_ROCK,SEASHELLS,10175.0,5
624000,Caesar,Pablo,VOLCANIC_ROCK,SEASHELLS,10182.0,2
626100,Caesar,Caesar,VOLCANIC_ROCK,SEASHELLS,10156.0,6
626600,Caesar,Caesar,VOLCANIC_ROCK,SEASHELLS,10158.0,9
626900,Caesar,Peter,VOLCANIC_ROCK,SEASHELLS,10157.0,6
631400,Caesar,Caesar,VOLCANIC_ROCK,SEASHELLS,10172.0,8
632200,Pablo,Caesar,VOLCANIC_ROCK,SEASHELLS,10180.0,1
633500,Caesar,Caesar,VOLCANIC_ROCK,SEASHELLS,10200.0,8
633900,Caesar,Caesar,VOLCANIC_ROCK,SEASHELLS,10206.0,10
636000,Caesar,Pablo,VOLCANIC_ROCK,SEASHELLS,10183.0,1
636100,Peter,Caesar,VOLCANIC_ROCK,SEASHELLS,10183.0,8
637900,Pablo,Caesar,VOLCANIC_ROCK,SEASHELLS,10193.0,3
640300,Caesar,Pablo,VOLCANIC_ROCK,SEASHELLS,10186.0,2
642300,Caesar,Caesar,VOLCANIC_ROCK,SEASHELLS,10178.0,10
644100,Caesar,Caesar,VOLCANIC_ROCK,SEASHELLS,10170.0,6
647700,Caesar,Caesar,VOLCANIC_ROCK,SEASHELLS,10177.0,5
648300,Peter,Caesar,VOLCANIC_ROCK,SEASHELLS,10170.0,8
649000,Caesar,Caesar,VOLCANIC_ROCK,SEASHELLS,10170.0,5
649400,Caesar,Caesar,VOLCANIC_ROCK,SEASHELLS,10174.0,9
649700,Caesar,Peter,VOLCANIC_ROCK,SEASHELLS,10171.0,6
651200,Caesar,Caesar,VOLCANIC_ROCK,SEASHELLS,10186.0,7
654000,Pablo,Caesar,VOLCANIC_ROCK,SEASHELLS,10199.0,2
654900,Caesar,Caesar,VOLCANIC_ROCK,SEASHELLS,10196.0,8
658100,Pablo,Caesar,VOLCANIC_ROCK,SEASHELLS,10180.0,3
658800,Caesar,Caesar,VOLCANIC_ROCK,SEASHELLS,10183.0,6
662500,Caesar,Caesar,VOLCANIC_ROCK,SEASHELLS,10181.0,9
665300,Pablo,Caesar,VOLCANIC_ROCK,SEASHELLS,10224.0,3
668700,Caesar,Caesar,VOLCANIC_ROCK,SEASHELLS,10232.0,9
668800,Caesar,Peter,VOLCANIC_ROCK,SEASHELLS,10231.0,10
668900,Caesar,Caesar,VOLCANIC_ROCK,SEASHELLS,10231.0,7
669100,Caesar,Pablo,VOLCANIC_ROCK,SEASHELLS,10232.0,1
669900,Caesar,Caesar,VOLCANIC_ROCK,SEASHELLS,10228.0,9
671000,Pablo,Caesar,VOLCANIC_ROCK,SEASHELLS,10226.0,3
673200,Caesar,Caesar,VOLCANIC_ROCK,SEASHELLS,10205.0,5
674800,Caesar,Caesar,VOLCANIC_ROCK,SEASHELLS,10200.0,5
677300,Caesar,Caesar,VOLCANIC_ROCK,SEASHELLS,10223.0,10
677800,Caesar,Caesar,VOLCANIC_ROCK,SEASHELLS,10221.0,8
679200,Caesar,Peter,VOLCANIC_ROCK,SEASHELLS,10229.0,8
682800,Caesar,Caesar,VOLCANIC_ROCK,SEASHELLS,10220.0,8
683400,Caesar,Peter,VOLCANIC_ROCK,SEASHELLS,10224.0,6
683500,Caesar,Caesar,VOLCANIC_ROCK,SEASHELLS,10223.0,5
684900,Caesar,Peter,VOLCANIC_ROCK,SEASHELLS,10244.0,9
685000,Caesar,Caesar,VOLCANIC_ROCK,SEASHELLS,10239.0,5
686300,Caesar,Caesar,VOLCANIC_ROCK,SEASHELLS,10227.0,9
686600,Pablo,Caesar,VOLCANIC_ROCK,SEASHELLS,10224.0,1
687900,Caesar,Caesar,VOLCANIC_ROCK,SEASHELLS,10233.0,9
691500,Caesar,Caesar,VOLCANIC_ROCK,SEASHELLS,10223.0,5
694400,Caesar,Caesar,VOLCANIC_ROCK,SEASHELLS,10213.0,10
704000,Peter,Caesar,VOLCANIC_ROCK,SEASHELLS,10212.0,8
704300,Caesar,Peter,VOLCANIC_ROCK,SEASHELLS,10205.0,10
704900,Caesar,Caesar,VOLCANIC_ROCK,SEASHELLS,10222.0,9
709000,Peter,Caesar,VOLCANIC_ROCK,SEASHELLS,10216.0,9
709800,Caesar,Caesar,VOLCANIC_ROCK,SEASHELLS,10208.0,10
713200,Caesar,Caesar,VOLCANIC_ROCK,SEASHELLS,10204.0,6
714200,Caesar,Caesar,VOLCANIC_ROCK,SEASHELLS,10198.0,8
715300,Caesar,Caesar,VOLCANIC_ROCK,SEASHELLS,10206.0,5
716200,Caesar,Caesar,VOLCANIC_ROCK,SEASHELLS,10210.0,10
716600,Caesar,Pablo,VOLCANIC_ROCK,SEASHELLS,10219.0,3
717900,Caesar,Caesar,VOLCANIC_ROCK,SEASHELLS,10208.0,7
718200,Caesar,Caesar,VOLCANIC_ROCK,SEASHELLS,10215.0,7
718300,Caesar,Caesar,VOLCANIC_ROCK,SEASHELLS,10216.0,8
718300,Peter,Caesar,VOLCANIC_ROCK,SEASHELLS,10217.0,10
718500,Pablo,Caesar,VOLCANIC_ROCK,SEASHELLS,10217.0,3
719400,Caesar,Caesar,VOLCANIC_ROCK,SEASHELLS,10217.0,9
719800,Pablo,Caesar,VOLCANIC_ROCK,SEASHELLS,10220.0,1
721000,Caesar,Caesar,VOLCANIC_ROCK,SEASHELLS,10230.0,9
722900,Pablo,Caesar,VOLCANIC_ROCK,SEASHELLS,10222.0,1
723400,Caesar,Caesar,VOLCANIC_ROCK,SEASHELLS,10218.0,8
723900,Caesar,Peter,VOLCANIC_ROCK,SEASHELLS,10217.0,9
725300,Caesar,Peter,VOLCANIC_ROCK,SEASHELLS,10213.0,8
727800,Caesar,Caesar,VOLCANIC_ROCK,SEASHELLS,10208.0,7
728300,Caesar,Caesar,VOLCANIC_ROCK,SEASHELLS,10208.0,5
729400,Caesar,Peter,VOLCANIC_ROCK,SEASHELLS,10203.0,5
731600,Caesar,Peter,VOLCANIC_ROCK,SEASHELLS,10202.0,7
737900,Pablo,Caesar,VOLCANIC_ROCK,SEASHELLS,10223.0,3
740000,Caesar,Caesar,VOLCANIC_ROCK,SEASHELLS,10232.0,9
741400,Caesar,Caesar,VOLCANIC_ROCK,SEASHELLS,10256.0,8
743800,Caesar,Caesar,VOLCANIC_ROCK,SEASHELLS,10255.0,10
744500,Caesar,Caesar,VOLCANIC_ROCK,SEASHELLS,10250.0,9
746000,Peter,Caesar,VOLCANIC_ROCK,SEASHELLS,10256.0,5
749600,Peter,Caesar,VOLCANIC_ROCK,SEASHELLS,10241.0,10
752100,Pablo,Caesar,VOLCANIC_ROCK,SEASHELLS,10245.0,2
752200,Caesar,Caesar,VOLCANIC_ROCK,SEASHELLS,10244.0,5
754700,Caesar,Caesar,VOLCANIC_ROCK,SEASHELLS,10237.0,7
755300,Peter,Caesar,VOLCANIC_ROCK,SEASHELLS,10238.0,7
757000,Pablo,Caesar,VOLCANIC_ROCK,SEASHELLS,10250.0,2
759900,Caesar,Caesar,VOLCANIC_ROCK,SEASHELLS,10251.0,10
761700,Caesar,Caesar,VOLCANIC_ROCK,SEASHELLS,10254.0,8
761900,Caesar,Caesar,VOLCANIC_ROCK,SEASHELLS,10258.0,6
762400,Caesar,Peter,VOLCANIC_ROCK,SEASHELLS,10255.0,10
766300,Caesar,Caesar,VOLCANIC_ROCK,SEASHELLS,10262.0,8
766400,Caesar,Peter,VOLCANIC_ROCK,SEASHELLS,10266.0,8
767900,Caesar,Peter,VOLCANIC_ROCK,SEASHELLS,10300.0,8
768200,Caesar,Caesar,VOLCANIC_ROCK,SEASHELLS,10299.0,7
768700,Caesar,Caesar,VOLCANIC_ROCK,SEASHELLS,10294.0,9
768900,Peter,Caesar,VOLCANIC_ROCK,SEASHELLS,10299.0,5
769800,Caesar,Caesar,VOLCANIC_ROCK,SEASHELLS,10288.0,5
770800,Peter,Caesar,VOLCANIC_ROCK,SEASHELLS,10284.0,9
772600,Caesar,Caesar,VOLCANIC_ROCK,SEASHELLS,10284.0,10
774200,Pablo,Caesar,VOLCANIC_ROCK,SEASHELLS,10295.0,2
774200,Caesar,Caesar,VOLCANIC_ROCK,SEASHELLS,10295.0,3
777600,Caesar,Caesar,VOLCANIC_ROCK,SEASHELLS,10281.0,8
777800,Caesar,Caesar,VOLCANIC_ROCK,SEASHELLS,10282.0,10
791300,Caesar,Pablo,VOLCANIC_ROCK,SEASHELLS,10286.0,2
791800,Caesar,Pablo,VOLCANIC_ROCK,SEASHELLS,10286.0,3
793100,Caesar,Caesar,VOLCANIC_ROCK,SEASHELLS,10288.0,8
793400,Caesar,Caesar,VOLCANIC_ROCK,SEASHELLS,10283.0,10
795600,Caesar,Caesar,VOLCANIC_ROCK,SEASHELLS,10274.0,9
796500,Pablo,Caesar,VOLCANIC_ROCK,SEASHELLS,10276.0,3
797400,Caesar,Caesar,VOLCANIC_ROCK,SEASHELLS,10272.0,10
803100,Caesar,Caesar,VOLCANIC_ROCK,SEASHELLS,10279.0,10
805300,Peter,Caesar,VOLCANIC_ROCK,SEASHELLS,10274.0,8
805400,Caesar,Pablo,VOLCANIC_ROCK,SEASHELLS,10269.0,2
807500,Caesar,Caesar,VOLCANIC_ROCK,SEASHELLS,10263.0,7
808700,Caesar,Caesar,VOLCANIC_ROCK,SEASHELLS,10268.0,6
809600,Pablo,Caesar,VOLCANIC_ROCK,SEASHELLS,10263.0,3
811900,Pablo,Caesar,VOLCANIC_ROCK,SEASHELLS,10270.0,3
813100,Caesar,Caesar,VOLCANIC_ROCK,SEASHELLS,10263.0,10
821100,Caesar,Peter,VOLCANIC_ROCK,SEASHELLS,10280.0,6
821900,Caesar,Caesar,VOLCANIC_ROCK,SEASHELLS,10280.0,10
822200,Caesar,Caesar,VOLCANIC_ROCK,SEASHELLS,10279.0,6
823100,Caesar,Peter,VOLCANIC_ROCK,SEASHELLS,10287.0,5
827100,Caesar,Pablo,VOLCANIC_ROCK,SEASHELLS,10270.0,3
828700,Pablo,Caesar,VOLCANIC_ROCK,SEASHELLS,10262.0,1
830700,Peter,Caesar,VOLCANIC_ROCK,SEASHELLS,10245.0,9
834100,Caesar,Caesar,VOLCANIC_ROCK,SEASHELLS,10240.0,10
836800,Caesar,Caesar,VOLCANIC_ROCK,SEASHELLS,10208.0,6
839500,Caesar,Caesar,VOLCANIC_ROCK,SEASHELLS,10224.0,7
840300,Caesar,Caesar,VOLCANIC_ROCK,SEASHELLS,10228.0,8
840400,Peter,Caesar,VOLCANIC_ROCK,SEASHELLS,10231.0,8
841700,Caesar,Caesar,VOLCANIC_ROCK,SEASHELLS,10236.0,6
842300,Caesar,Pablo,VOLCANIC_ROCK,SEASHELLS,10231.0,2
844400,Caesar,Caesar,VOLCANIC_ROCK,SEASHELLS,10242.0,8
846300,Caesar,Pablo,VOLCANIC_ROCK,SEASHELLS,10247.0,2
846300,Caesar,Peter,VOLCANIC_ROCK,SEASHELLS,10248.0,6
848000,Caesar,Caesar,VOLCANIC_ROCK,SEASHELLS,10242.0,6
849500,Caesar,Caesar,VOLCANIC_ROCK,SEASHELLS,10238.0,8
850400,Caesar,Pablo,VOLCANIC_ROCK,SEASHELLS,10246.0,1
850900,Caesar,Caesar,VOLCANIC_ROCK,SEASHELLS,10247.0,5
851800,Caesar,Caesar,VOLCANIC_ROCK,SEASHELLS,10247.0,9
852800,Caesar,Peter,VOLCANIC_ROCK,SEASHELLS,10235.0,7
854700,Caesar,Caesar,VOLCANIC_ROCK,SEASHELLS,10237.0,9
857100,Caesar,Caesar,VOLCANIC_ROCK,SEASHELLS,10252.0,7
857800,Caesar,Caesar,VOLCANIC_ROCK,SEASHELLS,10250.0,6
857900,Caesar,Caesar,VOLCANIC_ROCK,SEASHELLS,10249.0,7
860500,Caesar,Caesar,VOLCANIC_ROCK,SEASHELLS,10252.0,7
860600,Caesar,Caesar,VOLCANIC_ROCK,SEASHELLS,10253.0,10
860900,Caesar,Caesar,VOLCANIC_ROCK,SEASHELLS,10251.0,9
863300,Caesar,Caesar,VOLCANIC_ROCK,SEASHELLS,10246.0,6
865800,Caesar,Caesar,VOLCANIC_ROCK,SEASHELLS,10256.0,7
867300,Caesar,Caesar,VOLCANIC_ROCK,SEASHELLS,10258.0,9
870900,Caesar,Caesar,VOLCANIC_ROCK,SEASHELLS,10257.0,7
873400,Caesar,Caesar,VOLCANIC_ROCK,SEASHELLS,10271.0,9
874500,Caesar,Caesar,VOLCANIC_ROCK,SEASHELLS,10265.0,6
880500,Caesar,Caesar,VOLCANIC_ROCK,SEASHELLS,10252.0,7
881100,Caesar,Peter,VOLCANIC_ROCK,SEASHELLS,10242.0,8
883500,Caesar,Caesar,VOLCANIC_ROCK,SEASHELLS,10232.0,6
884400,Caesar,Caesar,VOLCANIC_ROCK,SEASHELLS,10229.0,6
885400,Peter,Caesar,VOLCANIC_ROCK,SEASHELLS,10238.0,9
886600,Caesar,Caesar,VOLCANIC_ROCK,SEASHELLS,10228.0,10
888500,Pablo,Caesar,VOLCANIC_ROCK,SEASHELLS,10231.0,3
892200,Caesar,Caesar,VOLCANIC_ROCK,SEASHELLS,10254.0,8
893400,Caesar,Caesar,VOLCANIC_ROCK,SEASHELLS,10258.0,8
894400,Caesar,Caesar,VOLCANIC_ROCK,SEASHELLS,10264.0,6
894700,Peter,Caesar,VOLCANIC_ROCK,SEASHELLS,10271.0,10
894900,Caesar,Caesar,VOLCANIC_ROCK,SEASHELLS,10262.0,9
899000,Caesar,Caesar,VOLCANIC_ROCK,SEASHELLS,10233.0,8
905000,Peter,Caesar,VOLCANIC_ROCK,SEASHELLS,10232.0,5
906900,Caesar,Caesar,VOLCANIC_ROCK,SEASHELLS,10218.0,10
907300,Peter,Caesar,VOLCANIC_ROCK,SEASHELLS,10199.0,8
908800,Caesar,Peter,VOLCANIC_ROCK,SEASHELLS,10195.0,5
908800,Caesar,Peter,VOLCANIC_ROCK,SEASHELLS,10195.0,5
909900,Pablo,Caesar,VOLCANIC_ROCK,SEASHELLS,10206.0,3
910100,Caesar,Caesar,VOLCANIC_ROCK,SEASHELLS,10205.0,8
911300,Caesar,Caesar,VOLCANIC_ROCK,SEASHELLS,10198.0,8
912900,Caesar,Caesar,VOLCANIC_ROCK,SEASHELLS,10191.0,9
921400,Caesar,Caesar,VOLCANIC_ROCK,SEASHELLS,10206.0,9
921600,Caesar,Caesar,VOLCANIC_ROCK,SEASHELLS,10206.0,7
921900,Caesar,Peter,VOLCANIC_ROCK,SEASHELLS,10209.0,7
922800,Caesar,Caesar,VOLCANIC_ROCK,SEASHELLS,10210.0,6
923900,Caesar,Caesar,VOLCANIC_ROCK,SEASHELLS,10201.0,8
925200,Caesar,Caesar,VOLCANIC_ROCK,SEASHELLS,10204.0,9
927100,Caesar,Caesar,VOLCANIC_ROCK,SEASHELLS,10198.0,5
927200,Peter,Caesar,VOLCANIC_ROCK,SEASHELLS,10203.0,10
929400,Caesar,Caesar,VOLCANIC_ROCK,SEASHELLS,10215.0,10
931600,Caesar,Caesar,VOLCANIC_ROCK,SEASHELLS,10190.0,10
934900,Caesar,Caesar,VOLCANIC_ROCK,SEASHELLS,10202.0,5
935800,Caesar,Caesar,VOLCANIC_ROCK,SEASHELLS,10204.0,5
937200,Caesar,Caesar,VOLCANIC_ROCK,SEASHELLS,10213.0,7
938300,Caesar,Caesar,VOLCANIC_ROCK,SEASHELLS,10225.0,10
938600,Peter,Caesar,VOLCANIC_ROCK,SEASHELLS,10230.0,10
939600,Caesar,Peter,VOLCANIC_ROCK,SEASHELLS,10228.0,9
942300,Caesar,Caesar,VOLCANIC_ROCK,SEASHELLS,10217.0,7
944500,Caesar,Caesar,VOLCANIC_ROCK,SEASHELLS,10211.0,7
944900,Peter,Caesar,VOLCANIC_ROCK,SEASHELLS,10210.0,8
946100,Caesar,Caesar,VOLCANIC_ROCK,SEASHELLS,10211.0,10
946800,Caesar,Pablo,VOLCANIC_ROCK,SEASHELLS,10214.0,2
946900,Caesar,Peter,VOLCANIC_ROCK,SEASHELLS,10215.0,6
947800,Pablo,Caesar,VOLCANIC_ROCK,SEASHELLS,10217.0,1
948600,Caesar,Caesar,VOLCANIC_ROCK,SEASHELLS,10220.0,6
949000,Caesar,Caesar,VOLCANIC_ROCK,SEASHELLS,10228.0,10
952100,Caesar,Caesar,VOLCANIC_ROCK,SEASHELLS,10229.0,9
953800,Caesar,Caesar,VOLCANIC_ROCK,SEASHELLS,10230.0,7
956600,Caesar,Peter,VOLCANIC_ROCK,SEASHELLS,10229.0,7
958900,Caesar,Caesar,VOLCANIC_ROCK,SEASHELLS,10217.0,5
959400,Caesar,Caesar,VOLCANIC_ROCK,SEASHELLS,10207.0,7
962300,Caesar,Pablo,VOLCANIC_ROCK,SEASHELLS,10208.0,3
962900,Caesar,Caesar,VOLCANIC_ROCK,SEASHELLS,10212.0,7
963000,Caesar,Caesar,VOLCANIC_ROCK,SEASHELLS,10209.0,5
965100,Caesar,Caesar,VOLCANIC_ROCK,SEASHELLS,10205.0,8
966200,Caesar,Pablo,VOLCANIC_ROCK,SEASHELLS,10206.0,3
966200,Caesar,Caesar,VOLCANIC_ROCK,SEASHELLS,10207.0,10
968800,Caesar,Caesar,VOLCANIC_ROCK,SEASHELLS,10198.0,7
969100,Pablo,Caesar,VOLCANIC_ROCK,SEASHELLS,10199.0,1
973100,Caesar,Caesar,VOLCANIC_ROCK,SEASHELLS,10207.0,8
974700,Caesar,Caesar,VOLCANIC_ROCK,SEASHELLS,10208.0,7
976500,Caesar,Caesar,VOLCANIC_ROCK,SEASHELLS,10202.0,9
976800,Peter,Caesar,VOLCANIC_ROCK,SEASHELLS,10202.0,6
977100,Caesar,Caesar,VOLCANIC_ROCK,SEASHELLS,10203.0,7
977400,Caesar,Caesar,VOLCANIC_ROCK,SEASHELLS,10205.0,6
978800,Caesar,Caesar,VOLCANIC_ROCK,SEASHELLS,10206.0,6
979500,Caesar,Caesar,VOLCANIC_ROCK,SEASHELLS,10198.0,8
981500,Peter,Caesar,VOLCANIC_ROCK,SEASHELLS,10194.0,6
982300,Caesar,Caesar,VOLCANIC_ROCK,SEASHELLS,10189.0,7
982700,Caesar,Peter,VOLCANIC_ROCK,SEASHELLS,10194.0,8
982900,Pablo,Caesar,VOLCANIC_ROCK,SEASHELLS,10198.0,2
983600,Caesar,Caesar,VOLCANIC_ROCK,SEASHELLS,10190.0,6
983700,Caesar,Caesar,VOLCANIC_ROCK,SEASHELLS,10189.0,9
984900,Caesar,Caesar,VOLCANIC_ROCK,SEASHELLS,10203.0,5
986700,Peter,Caesar,VOLCANIC_ROCK,SEASHELLS,10194.0,8
989200,Caesar,Pablo,VOLCANIC_ROCK,SEASHELLS,10197.0,3
991300,Caesar,Peter,VOLCANIC_ROCK,SEASHELLS,10179.0,5
993200,Caesar,Caesar,VOLCANIC_ROCK,SEASHELLS,10176.0,6
994900,Caesar,Caesar,VOLCANIC_ROCK,SEASHELLS,10183.0,5
995800,Caesar,Caesar,VOLCANIC_ROCK,SEASHELLS,10178.0,8
996300,Caesar,Caesar,VOLCANIC_ROCK,SEASHELLS,10174.0,6
998000,Caesar,Pablo,VOLCANIC_ROCK,SEASHELLS,10172.0,2
998800,Caesar,Peter,VOLCANIC_ROCK,SEASHELLS,10165.0,5
1001700,Caesar,Pablo,VOLCANIC_ROCK,SEASHELLS,10171.0,2
1002600,Caesar,Caesar,VOLCANIC_ROCK,SEASHELLS,10167.0,5
1005900,Caesar,Peter,VOLCANIC_ROCK,SEASHELLS,10157.0,5
1007500,Caesar,Peter,VOLCANIC_ROCK,SEASHELLS,10163.0,6
1011500,Peter,Caesar,VOLCANIC_ROCK,SEASHELLS,10164.0,8
1012900,Caesar,Caesar,VOLCANIC_ROCK,SEASHELLS,10114.0,10
1013300,Pablo,Caesar,VOLCANIC_ROCK,SEASHELLS,10114.0,3
1014600,Caesar,Caesar,VOLCANIC_ROCK,SEASHELLS,10127.0,6
1022200,Caesar,Caesar,VOLCANIC_ROCK,SEASHELLS,10140.0,6
1022800,Pablo,Caesar,VOLCANIC_ROCK,SEASHELLS,10141.0,3
1025500,Caesar,Caesar,VOLCANIC_ROCK,SEASHELLS,10147.0,10
1027300,Pablo,Caesar,VOLCANIC_ROCK,SEASHELLS,10140.0,2
1029400,Caesar,Caesar,VOLCANIC_ROCK,SEASHELLS,10159.0,7
1030600,Caesar,Caesar,VOLCANIC_ROCK,SEASHELLS,10148.0,8
1031600,Peter,Caesar,VOLCANIC_ROCK,SEASHELLS,10143.0,5
1032000,Caesar,Caesar,VOLCANIC_ROCK,SEASHELLS,10138.0,5
1033300,Pablo,Caesar,VOLCANIC_ROCK,SEASHELLS,10134.0,1
1034300,Pablo,Caesar,VOLCANIC_ROCK,SEASHELLS,10133.0,3
1036400,Caesar,Pablo,VOLCANIC_ROCK,SEASHELLS,10126.0,1
1037500,Caesar,Caesar,VOLCANIC_ROCK,SEASHELLS,10126.0,10
1038200,Caesar,Caesar,VOLCANIC_ROCK,SEASHELLS,10137.0,9
1038400,Caesar,Caesar,VOLCANIC_ROCK,SEASHELLS,10140.0,5
1039900,Caesar,Caesar,VOLCANIC_ROCK,SEASHELLS,10135.0,10
1041200,Caesar,Pablo,VOLCANIC_ROCK,SEASHELLS,10126.0,3
1042000,Peter,Caesar,VOLCANIC_ROCK,SEASHELLS,10134.0,7
1043200,Caesar,Caesar,VOLCANIC_ROCK,SEASHELLS,10130.0,7
1044000,Caesar,Peter,VOLCANIC_ROCK,SEASHELLS,10132.0,9
1046600,Caesar,Caesar,VOLCANIC_ROCK,SEASHELLS,10138.0,5
1046700,Caesar,Caesar,VOLCANIC_ROCK,SEASHELLS,10136.0,10
1047400,Caesar,Caesar,VOLCANIC_ROCK,SEASHELLS,10138.0,7
1048100,Pablo,Caesar,VOLCANIC_ROCK,SEASHELLS,10140.0,3
1050200,Peter,Caesar,VOLCANIC_ROCK,SEASHELLS,10161.0,6
1052800,Peter,Caesar,VOLCANIC_ROCK,SEASHELLS,10160.0,6
1052900,Caesar,Caesar,VOLCANIC_ROCK,SEASHELLS,10159.0,7
1052900,Caesar,Peter,VOLCANIC_ROCK,SEASHELLS,10159.0,9
1053300,Caesar,Caesar,VOLCANIC_ROCK,SEASHELLS,10155.0,6
1054300,Caesar,Caesar,VOLCANIC_ROCK,SEASHELLS,10154.0,7
1055500,Caesar,Caesar,VOLCANIC_ROCK,SEASHELLS,10155.0,6
1057500,Pablo,Caesar,VOLCANIC_ROCK,SEASHELLS,10141.0,3
1058900,Caesar,Caesar,VOLCANIC_ROCK,SEASHELLS,10144.0,6
1059300,Caesar,Pablo,VOLCANIC_ROCK,SEASHELLS,10145.0,1
1059300,Caesar,Caesar,VOLCANIC_ROCK,SEASHELLS,10146.0,5
1062600,Caesar,Peter,VOLCANIC_ROCK,SEASHELLS,10159.0,9
1070100,Caesar,Caesar,VOLCANIC_ROCK,SEASHELLS,10154.0,5
1070300,Caesar,Pablo,VOLCANIC_ROCK,SEASHELLS,10157.0,2
1070800,Caesar,Caesar,VOLCANIC_ROCK,SEASHELLS,10154.0,7
1072600,Caesar,Caesar,VOLCANIC_ROCK,SEASHELLS,10158.0,9
1073600,Caesar,Caesar,VOLCANIC_ROCK,SEASHELLS,10162.0,10
1080700,Caesar,Peter,VOLCANIC_ROCK,SEASHELLS,10159.0,5
1085400,Caesar,Peter,VOLCANIC_ROCK,SEASHELLS,10162.0,9
1088400,Pablo,Caesar,VOLCANIC_ROCK,SEASHELLS,10170.0,2
1091300,Caesar,Caesar,VOLCANIC_ROCK,SEASHELLS,10173.0,10
1091900,Caesar,Pablo,VOLCANIC_ROCK,SEASHELLS,10175.0,2
1092400,Peter,Caesar,VOLCANIC_ROCK,SEASHELLS,10173.0,10
1097500,Caesar,Pablo,VOLCANIC_ROCK,SEASHELLS,10177.0,3
1097900,Caesar,Caesar,VOLCANIC_ROCK,SEASHELLS,10178.0,7
1098600,Caesar,Caesar,VOLCANIC_ROCK,SEASHELLS,10180.0,7
1099000,Caesar,Caesar,VOLCANIC_ROCK,SEASHELLS,10180.0,10
1099800,Caesar,Caesar,VOLCANIC_ROCK,SEASHELLS,10175.0,8
1101500,Caesar,Pablo,VOLCANIC_ROCK,SEASHELLS,10172.0,2
1102600,Caesar,Caesar,VOLCANIC_ROCK,SEASHELLS,10172.0,6
1104100,Caesar,Caesar,VOLCANIC_ROCK,SEASHELLS,10167.0,10
1106700,Peter,Caesar,VOLCANIC_ROCK,SEASHELLS,10168.0,10
1108500,Caesar,Caesar,VOLCANIC_ROCK,SEASHELLS,10171.0,6
1108500,Peter,Caesar,VOLCANIC_ROCK,SEASHELLS,10172.0,6
1109000,Caesar,Caesar,VOLCANIC_ROCK,SEASHELLS,10168.0,5
1112000,Caesar,Caesar,VOLCANIC_ROCK,SEASHELLS,10162.0,8
1114200,Peter,Caesar,VOLCANIC_ROCK,SEASHELLS,10165.0,8
1114900,Pablo,Caesar,VOLCANIC_ROCK,SEASHELLS,10168.0,2
1117300,Caesar,Pablo,VOLCANIC_ROCK,SEASHELLS,10160.0,1
1119800,Caesar,Caesar,VOLCANIC_ROCK,SEASHELLS,10163.0,5
1120400,Caesar,Caesar,VOLCANIC_ROCK,SEASHELLS,10159.0,9
1121000,Caesar,Caesar,VOLCANIC_ROCK,SEASHELLS,10164.0,10
1122300,Caesar,Caesar,VOLCANIC_ROCK,SEASHELLS,10164.0,7
1124600,Caesar,Caesar,VOLCANIC_ROCK,SEASHELLS,10177.0,9
1125400,Caesar,Caesar,VOLCANIC_ROCK,SEASHELLS,10179.0,9
1125700,Caesar,Caesar,VOLCANIC_ROCK,SEASHELLS,10183.0,9
1127600,Peter,Caesar,VOLCANIC_ROCK,SEASHELLS,10179.0,7
1128700,Caesar,Pablo,VOLCANIC_ROCK,SEASHELLS,10181.0,3
1129400,Caesar,Caesar,VOLCANIC_ROCK,SEASHELLS,10181.0,6
1129900,Caesar,Caesar,VOLCANIC_ROCK,SEASHELLS,10186.0,9
1131000,Pablo,Caesar,VOLCANIC_ROCK,SEASHELLS,10189.0,1
1136800,Caesar,Pablo,VOLCANIC_ROCK,SEASHELLS,10200.0,2
1137600,Caesar,Caesar,VOLCANIC_ROCK,SEASHELLS,10202.0,6
1138300,Caesar,Peter,VOLCANIC_ROCK,SEASHELLS,10193.0,6
1141700,Caesar,Caesar,VOLCANIC_ROCK,SEASHELLS,10184.0,5
1143100,Pablo,Caesar,VOLCANIC_ROCK,SEASHELLS,10180.0,3
1143900,Caesar,Pablo,VOLCANIC_ROCK,SEASHELLS,10173.0,2
1143900,Caesar,Caesar,VOLCANIC_ROCK,SEASHELLS,10174.0,6
1144800,Caesar,Pablo,VOLCANIC_ROCK,SEASHELLS,10170.0,1
1148000,Caesar,Pablo,VOLCANIC_ROCK,SEASHELLS,10164.0,2
1150800,Pablo,Caesar,VOLCANIC_ROCK,SEASHELLS,10159.0,3
1153500,Caesar,Caesar,VOLCANIC_ROCK,SEASHELLS,10162.0,9
1154000,Caesar,Caesar,VOLCANIC_ROCK,SEASHELLS,10162.0,9
1154700,Caesar,Caesar,VOLCANIC_ROCK,SEASHELLS,10161.0,9
1160000,Caesar,Peter,VOLCANIC_ROCK,SEASHELLS,10159.0,7
1160800,Caesar,Caesar,VOLCANIC_ROCK,SEASHELLS,10159.0,6
1160900,Caesar,Caesar,VOLCANIC_ROCK,SEASHELLS,10160.0,9
1162000,Pablo,Caesar,VOLCANIC_ROCK,SEASHELLS,10158.0,1
1162400,Caesar,Pablo,VOLCANIC_ROCK,SEASHELLS,10155.0,1
1162900,Pablo,Caesar,VOLCANIC_ROCK,SEASHELLS,10158.0,3
1164500,Caesar,Caesar,VOLCANIC_ROCK,SEASHELLS,10158.0,10
1164800,Caesar,Pablo,VOLCANIC_ROCK,SEASHELLS,10156.0,2
1166400,Caesar,Caesar,VOLCANIC_ROCK,SEASHELLS,10158.0,8
1167100,Caesar,Caesar,VOLCANIC_ROCK,SEASHELLS,10159.0,6
1169100,Caesar,Caesar,VOLCANIC_ROCK,SEASHELLS,10165.0,6
1171100,Caesar,Caesar,VOLCANIC_ROCK,SEASHELLS,10174.0,5
1171500,Caesar,Pablo,VOLCANIC_ROCK,SEASHELLS,10174.0,2
1173200,Caesar,Caesar,VOLCANIC_ROCK,SEASHELLS,10168.0,5
1177300,Caesar,Caesar,VOLCANIC_ROCK,SEASHELLS,10178.0,9
1178500,Caesar,Pablo,VOLCANIC_ROCK,SEASHELLS,10163.0,1
1178600,Caesar,Pablo,VOLCANIC_ROCK,SEASHELLS,10163.0,1
1179600,Caesar,Caesar,VOLCANIC_ROCK,SEASHELLS,10162.0,9
1179800,Caesar,Caesar,VOLCANIC_ROCK,SEASHELLS,10167.0,7
1179900,Caesar,Pablo,VOLCANIC_ROCK,SEASHELLS,10165.0,3
1180900,Caesar,Caesar,VOLCANIC_ROCK,SEASHELLS,10166.0,6
1181100,Caesar,Caesar,VOLCANIC_ROCK,SEASHELLS,10167.0,5
1182900,Caesar,Caesar,VOLCANIC_ROCK,SEASHELLS,10162.0,7
1183500,Caesar,Caesar,VOLCANIC_ROCK,SEASHELLS,10162.0,6
1184100,Caesar,Caesar,VOLCANIC_ROCK,SEASHELLS,10158.0,7
1185700,Caesar,Peter,VOLCANIC_ROCK,SEASHELLS,10165.0,5
1186400,Caesar,Pablo,VOLCANIC_ROCK,SEASHELLS,10161.0,3
1189100,Pablo,Caesar,VOLCANIC_ROCK,SEASHELLS,10180.0,1
1191100,Caesar,Caesar,VOLCANIC_ROCK,SEASHELLS,10184.0,6
1193000,Peter,Caesar,VOLCANIC_ROCK,SEASHELLS,10191.0,8
1193200,Caesar,Pablo,VOLCANIC_ROCK,SEASHELLS,10191.0,2
1196000,Pablo,Caesar,VOLCANIC_ROCK,SEASHELLS,10194.0,1
1198900,Caesar,Caesar,VOLCANIC_ROCK,SEASHELLS,10184.0,6
1200300,Pablo,Caesar,VOLCANIC_ROCK,SEASHELLS,10180.0,1
1202200,Caesar,Peter,VOLCANIC_ROCK,SEASHELLS,10182.0,10
1202500,Caesar,Caesar,VOLCANIC_ROCK,SEASHELLS,10180.0,7
1203400,Caesar,Caesar,VOLCANIC_ROCK,SEASHELLS,10177.0,10
1203600,Peter,Caesar,VOLCANIC_ROCK,SEASHELLS,10177.0,5
1209500,Caesar,Caesar,VOLCANIC_ROCK,SEASHELLS,10197.0,9
1211000,Peter,Caesar,VOLCANIC_ROCK,SEASHELLS,10197.0,9
1214000,Caesar,Caesar,VOLCANIC_ROCK,SEASHELLS,10204.0,5
1216800,Caesar,Caesar,VOLCANIC_ROCK,SEASHELLS,10201.0,7
1217000,Caesar,Pablo,VOLCANIC_ROCK,SEASHELLS,10199.0,1
1217500,Caesar,Caesar,VOLCANIC_ROCK,SEASHELLS,10205.0,9
1219400,Caesar,Peter,VOLCANIC_ROCK,SEASHELLS,10210.0,5
1222700,Caesar,Caesar,VOLCANIC_ROCK,SEASHELLS,10221.0,9
1222800,Caesar,Pablo,VOLCANIC_ROCK,SEASHELLS,10220.0,1
1223700,Caesar,Caesar,VOLCANIC_ROCK,SEASHELLS,10220.0,9
1225000,Caesar,Pablo,VOLCANIC_ROCK,SEASHELLS,10212.0,2
1226900,Pablo,Caesar,VOLCANIC_ROCK,SEASHELLS,10218.0,2
1230000,Peter,Caesar,VOLCANIC_ROCK,SEASHELLS,10217.0,8
1230700,Caesar,Caesar,VOLCANIC_ROCK,SEASHELLS,10221.0,8
1233200,Caesar,Caesar,VOLCANIC_ROCK,SEASHELLS,10225.0,6
1233500,Caesar,Peter,VOLCANIC_ROCK,SEASHELLS,10222.0,6
1233600,Caesar,Caesar,VOLCANIC_ROCK,SEASHELLS,10223.0,7
1233900,Caesar,Pablo,VOLCANIC_ROCK,SEASHELLS,10227.0,2
1235000,Pablo,Caesar,VOLCANIC_ROCK,SEASHELLS,10228.0,2
1237400,Caesar,Caesar,VOLCANIC_ROCK,SEASHELLS,10224.0,8
1238800,Peter,Caesar,VOLCANIC_ROCK,SEASHELLS,10222.0,5
1239100,Caesar,Caesar,VOLCANIC_ROCK,SEASHELLS,10217.0,8
1240400,Caesar,Caesar,VOLCANIC_ROCK,SEASHELLS,10221.0,6
1244100,Caesar,Caesar,VOLCANIC_ROCK,SEASHELLS,10224.0,9
1244200,Caesar,Pablo,VOLCANIC_ROCK,SEASHELLS,10222.0,2
1246900,Caesar,Caesar,VOLCANIC_ROCK,SEASHELLS,10225.0,8
1248700,Caesar,Caesar,VOLCANIC_ROCK,SEASHELLS,10227.0,6
1249200,Peter,Caesar,VOLCANIC_ROCK,SEASHELLS,10228.0,9
1250500,Caesar,Caesar,VOLCANIC_ROCK,SEASHELLS,10223.0,9
1251700,Caesar,Caesar,VOLCANIC_ROCK,SEASHELLS,10221.0,5
1251800,Caesar,Caesar,VOLCANIC_ROCK,SEASHELLS,10220.0,7
1252200,Caesar,Peter,VOLCANIC_ROCK,SEASHELLS,10220.0,8
1253300,Caesar,Caesar,VOLCANIC_ROCK,SEASHELLS,10213.0,9
1253400,Caesar,Caesar,VOLCANIC_ROCK,SEASHELLS,10212.0,10
1255200,Caesar,Caesar,VOLCANIC_ROCK,SEASHELLS,10205.0,6
1259500,Caesar,Caesar,VOLCANIC_ROCK,SEASHELLS,10220.0,7
1259600,Caesar,Caesar,VOLCANIC_ROCK,SEASHELLS,10221.0,5
1260000,Caesar,Caesar,VOLCANIC_ROCK,SEASHELLS,10215.0,10
1261600,Caesar,Caesar,VOLCANIC_ROCK,SEASHELLS,10213.0,7
1261900,Caesar,Pablo,VOLCANIC_ROCK,SEASHELLS,10212.0,3
1264800,Caesar,Pablo,VOLCANIC_ROCK,SEASHELLS,10216.0,2
1267100,Caesar,Caesar,VOLCANIC_ROCK,SEASHELLS,10214.0,5
1267500,Caesar,Caesar,VOLCANIC_ROCK,SEASHELLS,10212.0,8
1269300,Caesar,Caesar,VOLCANIC_ROCK,SEASHELLS,10209.0,10
1274200,Caesar,Caesar,VOLCANIC_ROCK,SEASHELLS,10210.0,6
1274600,Caesar,Pablo,VOLCANIC_ROCK,SEASHELLS,10212.0,2
1275500,Caesar,Caesar,VOLCANIC_ROCK,SEASHELLS,10215.0,5
1278500,Caesar,Caesar,VOLCANIC_ROCK,SEASHELLS,10209.0,7
1282000,Caesar,Pablo,VOLCANIC_ROCK,SEASHELLS,10219.0,3
1283900,Caesar,Caesar,VOLCANIC_ROCK,SEASHELLS,10217.0,9
1284100,Caesar,Peter,VOLCANIC_ROCK,SEASHELLS,10215.0,9
1284400,Caesar,Caesar,VOLCANIC_ROCK,SEASHELLS,10212.0,8
1284900,Caesar,Caesar,VOLCANIC_ROCK,SEASHELLS,10208.0,6
1287800,Peter,Caesar,VOLCANIC_ROCK,SEASHELLS,10206.0,9
1289000,Caesar,Caesar,VOLCANIC_ROCK,SEASHELLS,10206.0,6
1291000,Caesar,Caesar,VOLCANIC_ROCK,SEASHELLS,10207.0,8
1291800,Caesar,Peter,VOLCANIC_ROCK,SEASHELLS,10203.0,5
1292300,Pablo,Caesar,VOLCANIC_ROCK,SEASHELLS,10196.0,3
1294300,Caesar,Caesar,VOLCANIC_ROCK,SEASHELLS,10211.0,10
1294800,Peter,Caesar,VOLCANIC_ROCK,SEASHELLS,10212.0,6
1295700,Caesar,Caesar,VOLCANIC_ROCK,SEASHELLS,10212.0,7
1295700,Caesar,Peter,VOLCANIC_ROCK,SEASHELLS,10212.0,9
1296500,Caesar,Pablo,VOLCANIC_ROCK,SEASHELLS,10212.0,3
1297200,Peter,Caesar,VOLCANIC_ROCK,SEASHELLS,10208.0,10
1298400,Caesar,Peter,VOLCANIC_ROCK,SEASHELLS,10202.0,5
1300000,Peter,Caesar,VOLCANIC_ROCK,SEASHELLS,10203.0,8
1300100,Caesar,Caesar,VOLCANIC_ROCK,SEASHELLS,10205.0,7
1303900,Caesar,Caesar,VOLCANIC_ROCK,SEASHELLS,10228.0,6
1311500,Caesar,Caesar,VOLCANIC_ROCK,SEASHELLS,10225.0,8
1313300,Caesar,Peter,VOLCANIC_ROCK,SEASHELLS,10221.0,8
1313800,Caesar,Caesar,VOLCANIC_ROCK,SEASHELLS,10219.0,9
1315400,Caesar,Caesar,VOLCANIC_ROCK,SEASHELLS,10214.0,6
1317700,Caesar,Peter,VOLCANIC_ROCK,SEASHELLS,10215.0,7
1319500,Caesar,Caesar,VOLCANIC_ROCK,SEASHELLS,10219.0,6
1321100,Caesar,Pablo,VOLCANIC_ROCK,SEASHELLS,10228.0,3
1321700,Caesar,Caesar,VOLCANIC_ROCK,SEASHELLS,10234.0,8
1328000,Caesar,Caesar,VOLCANIC_ROCK,SEASHELLS,10235.0,8
1329500,Caesar,Peter,VOLCANIC_ROCK,SEASHELLS,10233.0,9
1331200,Pablo,Caesar,VOLCANIC_ROCK,SEASHELLS,10236.0,2
1331200,Peter,Caesar,VOLCANIC_ROCK,SEASHELLS,10236.0,5
1334900,Caesar,Caesar,VOLCANIC_ROCK,SEASHELLS,10221.0,8
1335100,Pablo,Caesar,VOLCANIC_ROCK,SEASHELLS,10225.0,1
1337100,Caesar,Caesar,VOLCANIC_ROCK,SEASHELLS,10226.0,10
1337600,Caesar,Caesar,VOLCANIC_ROCK,SEASHELLS,10225.0,10
1338500,Caesar,Peter,VOLCANIC_ROCK,SEASHELLS,10225.0,8
1338600,Caesar,Caesar,VOLCANIC_ROCK,SEASHELLS,10226.0,9
1339500,Caesar,Caesar,VOLCANIC_ROCK,SEASHELLS,10231.0,6
1341900,Caesar,Caesar,VOLCANIC_ROCK,SEASHELLS,10233.0,7
1345300,Caesar,Caesar,VOLCANIC_ROCK,SEASHELLS,10229.0,5
1346600,Caesar,Caesar,VOLCANIC_ROCK,SEASHELLS,10228.0,8
1348800,Caesar,Caesar,VOLCANIC_ROCK,SEASHELLS,10228.0,9
1349100,Caesar,Caesar,VOLCANIC_ROCK,SEASHELLS,10229.0,5
1349500,Caesar,Caesar,VOLCANIC_ROCK,SEASHELLS,10231.0,5
1352900,Caesar,Caesar,VOLCANIC_ROCK,SEASHELLS,10229.0,6
1356700,Peter,Caesar,VOLCANIC_ROCK,SEASHELLS,10228.0,6
1358700,Caesar,Caesar,VOLCANIC_ROCK,SEASHELLS,10218.0,7
1361900,Caesar,Caesar,VOLCANIC_ROCK,SEASHELLS,10211.0,7
1362800,Caesar,Pablo,VOLCANIC_ROCK,SEASHELLS,10209.0,2
1364900,Pablo,Caesar,VOLCANIC_ROCK,SEASHELLS,10208.0,1
1366300,Pablo,Caesar,VOLCANIC_ROCK,SEASHELLS,10215.0,3
1367100,Peter,Caesar,VOLCANIC_ROCK,SEASHELLS,10215.0,9
1370400,Caesar,Caesar,VOLCANIC_ROCK,SEASHELLS,10207.0,5
1370900,Caesar,Caesar,VOLCANIC_ROCK,SEASHELLS,10205.0,5
1371200,Caesar,Caesar,VOLCANIC_ROCK,SEASHELLS,10205.0,7
1373400,Caesar,Caesar,VOLCANIC_ROCK,SEASHELLS,10209.0,5
1374900,Caesar,Caesar,VOLCANIC_ROCK,SEASHELLS,10204.0,5
1377600,Caesar,Pablo,VOLCANIC_ROCK,SEASHELLS,10201.0,1
1382000,Caesar,Caesar,VOLCANIC_ROCK,SEASHELLS,10212.0,9
1382300,Caesar,Caesar,VOLCANIC_ROCK,SEASHELLS,10217.0,10
1382700,Peter,Caesar,VOLCANIC_ROCK,SEASHELLS,10219.0,10
1383100,Caesar,Caesar,VOLCANIC_ROCK,SEASHELLS,10221.0,8
1383900,Caesar,Caesar,VOLCANIC_ROCK,SEASHELLS,10220.0,10
1384100,Caesar,Caesar,VOLCANIC_ROCK,SEASHELLS,10221.0,10
1385700,Caesar,Caesar,VOLCANIC_ROCK,SEASHELLS,10215.0,5
1386300,Caesar,Caesar,VOLCANIC_ROCK,SEASHELLS,10219.0,8
1387300,Caesar,Caesar,VOLCANIC_ROCK,SEASHELLS,10225.0,7
1388400,Caesar,Peter,VOLCANIC_ROCK,SEASHELLS,10228.0,7
1393600,Caesar,Peter,VOLCANIC_ROCK,SEASHELLS,10223.0,7
1395700,Caesar,Caesar,VOLCANIC_ROCK,SEASHELLS,10231.0,5
1396300,Pablo,Caesar,VOLCANIC_ROCK,SEASHELLS,10227.0,1
1399400,Pablo,Caesar,VOLCANIC_ROCK,SEASHELLS,10232.0,2
1401200,Caesar,Caesar,VOLCANIC_ROCK,SEASHELLS,10228.0,9
1405900,Pablo,Caesar,VOLCANIC_ROCK,SEASHELLS,10227.0,3
1406100,Caesar,Pablo,VOLCANIC_ROCK,SEASHELLS,10222.0,1
1407800,Caesar,Caesar,VOLCANIC_ROCK,SEASHELLS,10223.0,9
1412000,Caesar,Caesar,VOLCANIC_ROCK,SEASHELLS,10230.0,5
1412300,Caesar,Caesar,VOLCANIC_ROCK,SEASHELLS,10227.0,10
1412500,Caesar,Caesar,VOLCANIC_ROCK,SEASHELLS,10227.0,10
1413400,Caesar,Caesar,VOLCANIC_ROCK,SEASHELLS,10225.0,5
1414400,Caesar,Caesar,VOLCANIC_ROCK,SEASHELLS,10224.0,9
1415000,Caesar,Caesar,VOLCANIC_ROCK,SEASHELLS,10226.0,9
1417300,Caesar,Caesar,VOLCANIC_ROCK,SEASHELLS,10220.0,9
1418500,Caesar,Caesar,VOLCANIC_ROCK,SEASHELLS,10224.0,9
1419700,Caesar,Caesar,VOLCANIC_ROCK,SEASHELLS,10218.0,5
1420300,Caesar,Caesar,VOLCANIC_ROCK,SEASHELLS,10219.0,9
1423300,Caesar,Caesar,VOLCANIC_ROCK,SEASHELLS,10205.0,9
1424000,Caesar,Caesar,VOLCANIC_ROCK,SEASHELLS,10207.0,7
1425800,Caesar,Caesar,VOLCANIC_ROCK,SEASHELLS,10207.0,9
1427400,Caesar,Caesar,VOLCANIC_ROCK,SEASHELLS,10198.0,7
1427800,Caesar,Caesar,VOLCANIC_ROCK,SEASHELLS,10186.0,5
1428600,Caesar,Pablo,VOLCANIC_ROCK,SEASHELLS,10175.0,1
1430100,Caesar,Peter,VOLCANIC_ROCK,SEASHELLS,10185.0,8
1435400,Caesar,Caesar,VOLCANIC_ROCK,SEASHELLS,10183.0,9
1437500,Caesar,Peter,VOLCANIC_ROCK,SEASHELLS,10174.0,8
1437600,Caesar,Caesar,VOLCANIC_ROCK,SEASHELLS,10172.0,5
1439300,Caesar,Caesar,VOLCANIC_ROCK,SEASHELLS,10178.0,8
1439400,Caesar,Caesar,VOLCANIC_ROCK,SEASHELLS,10181.0,5
1439700,Caesar,Caesar,VOLCANIC_ROCK,SEASHELLS,10178.0,5
1444100,Pablo,Caesar,VOLCANIC_ROCK,SEASHELLS,10182.0,3
1446400,Caesar,Caesar,VOLCANIC_ROCK,SEASHELLS,10183.0,10
1450600,Pablo,Caesar,VOLCANIC_ROCK,SEASHELLS,10173.0,3
1453000,Caesar,Pablo,VOLCANIC_ROCK,SEASHELLS,10174.0,1
1455200,Caesar,Caesar,VOLCANIC_ROCK,SEASHELLS,10176.0,7
1457300,Caesar,Caesar,VOLCANIC_ROCK,SEASHELLS,10179.0,5
1458100,Caesar,Caesar,VOLCANIC_ROCK,SEASHELLS,10178.0,9
1458600,Caesar,Caesar,VOLCANIC_ROCK,SEASHELLS,10183.0,7
1459900,Caesar,Caesar,VOLCANIC_ROCK,SEASHELLS,10176.0,5
1460100,Caesar,Caesar,VOLCANIC_ROCK,SEASHELLS,10178.0,5
1461400,Caesar,Caesar,VOLCANIC_ROCK,SEASHELLS,10166.0,6
1463200,Caesar,Caesar,VOLCANIC_ROCK,SEASHELLS,10168.0,6
1464300,Peter,Caesar,VOLCANIC_ROCK,SEASHELLS,10173.0,5
1464500,Caesar,Caesar,VOLCANIC_ROCK,SEASHELLS,10168.0,9
1466800,Caesar,Caesar,VOLCANIC_ROCK,SEASHELLS,10169.0,5
1468000,Caesar,Caesar,VOLCANIC_ROCK,SEASHELLS,10165.0,10
1469100,Caesar,Peter,VOLCANIC_ROCK,SEASHELLS,10159.0,8
1470200,Caesar,Caesar,VOLCANIC_ROCK,SEASHELLS,10160.0,9
1470500,Caesar,Caesar,VOLCANIC_ROCK,SEASHELLS,10168.0,9
1471200,Caesar,Caesar,VOLCANIC_ROCK,SEASHELLS,10166.0,10
1471700,Caesar,Pablo,VOLCANIC_ROCK,SEASHELLS,10167.0,1
1473200,Caesar,Caesar,VOLCANIC_ROCK,SEASHELLS,10159.0,8
1475700,Caesar,Caesar,VOLCANIC_ROCK,SEASHELLS,10166.0,5
1478700,Caesar,Caesar,VOLCANIC_ROCK,SEASHELLS,10159.0,7
1479600,Caesar,Caesar,VOLCANIC_ROCK,SEASHELLS,10161.0,8
1480100,Caesar,Peter,VOLCANIC_ROCK,SEASHELLS,10163.0,8
1480200,Caesar,Pablo,VOLCANIC_ROCK,SEASHELLS,10162.0,1
1480900,Caesar,Caesar,VOLCANIC_ROCK,SEASHELLS,10169.0,6
1481200,Caesar,Peter,VOLCANIC_ROCK,SEASHELLS,10175.0,10
1481900,Pablo,Caesar,VOLCANIC_ROCK,SEASHELLS,10174.0,2
1482200,Caesar,Caesar,VOLCANIC_ROCK,SEASHELLS,10173.0,5
1482300,Caesar,Caesar,VOLCANIC_ROCK,SEASHELLS,10173.0,9
1482300,Peter,Caesar,VOLCANIC_ROCK,SEASHELLS,10175.0,9
1483900,Caesar,Caesar,VOLCANIC_ROCK,SEASHELLS,10176.0,10
1486200,Caesar,Caesar,VOLCANIC_ROCK,SEASHELLS,10169.0,10
1487200,Caesar,Caesar,VOLCANIC_ROCK,SEASHELLS,10169.0,8
1487200,Caesar,Peter,VOLCANIC_ROCK,SEASHELLS,10169.0,8
1488200,Caesar,Caesar,VOLCANIC_ROCK,SEASHELLS,10171.0,6
1488400,Caesar,Caesar,VOLCANIC_ROCK,SEASHELLS,10172.0,9
1488900,Peter,Caesar,VOLCANIC_ROCK,SEASHELLS,10167.0,9
1490300,Caesar,Peter,VOLCANIC_ROCK,SEASHELLS,10171.0,7
1497000,Pablo,Caesar,VOLCANIC_ROCK,SEASHELLS,10181.0,1
1497300,Caesar,Caesar,VOLCANIC_ROCK,SEASHELLS,10180.0,10
1501500,Pablo,Caesar,VOLCANIC_ROCK,SEASHELLS,10175.0,2
1505800,Caesar,Peter,VOLCANIC_ROCK,SEASHELLS,10159.0,5
1506000,Caesar,Caesar,VOLCANIC_ROCK,SEASHELLS,10159.0,6
1507400,Caesar,Caesar,VOLCANIC_ROCK,SEASHELLS,10157.0,5
1508200,Caesar,Caesar,VOLCANIC_ROCK,SEASHELLS,10149.0,8
1511200,Pablo,Caesar,VOLCANIC_ROCK,SEASHELLS,10152.0,3
1512200,Caesar,Pablo,VOLCANIC_ROCK,SEASHELLS,10156.0,1
1512400,Caesar,Caesar,VOLCANIC_ROCK,SEASHELLS,10158.0,10
1513900,Caesar,Caesar,VOLCANIC_ROCK,SEASHELLS,10157.0,9
1514500,Caesar,Pablo,VOLCANIC_ROCK,SEASHELLS,10150.0,2
1514600,Peter,Caesar,VOLCANIC_ROCK,SEASHELLS,10155.0,9
1518600,Caesar,Caesar,VOLCANIC_ROCK,SEASHELLS,10162.0,5
1518800,Caesar,Caesar,VOLCANIC_ROCK,SEASHELLS,10164.0,8
1520000,Peter,Caesar,VOLCANIC_ROCK,SEASHELLS,10175.0,7
1524800,Caesar,Caesar,VOLCANIC_ROCK,SEASHELLS,10188.0,6
1526300,Caesar,Caesar,VOLCANIC_ROCK,SEASHELLS,10191.0,7
1528500,Caesar,Caesar,VOLCANIC_ROCK,SEASHELLS,10196.0,10
1529900,Caesar,Caesar,VOLCANIC_ROCK,SEASHELLS,10194.0,7
1531700,Caesar,Caesar,VOLCANIC_ROCK,SEASHELLS,10195.0,8
1534600,Pablo,Caesar,VOLCANIC_ROCK,SEASHELLS,10189.0,2
1536100,Caesar,Caesar,VOLCANIC_ROCK,SEASHELLS,10188.0,5
1537800,Caesar,Peter,VOLCANIC_ROCK,SEASHELLS,10196.0,7
1538100,Caesar,Caesar,VOLCANIC_ROCK,SEASHELLS,10195.0,5
1539400,Caesar,Caesar,VOLCANIC_ROCK,SEASHELLS,10202.0,9
1540400,Caesar,Caesar,VOLCANIC_ROCK,SEASHELLS,10197.0,8
1542000,Pablo,Caesar,VOLCANIC_ROCK,SEASHELLS,10197.0,3
1545200,Caesar,Caesar,VOLCANIC_ROCK,SEASHELLS,10191.0,5
1550200,Caesar,Pablo,VOLCANIC_ROCK,SEASHELLS,10174.0,2
1550300,Caesar,Caesar,VOLCANIC_ROCK,SEASHELLS,10177.0,9
1552400,Caesar,Caesar,VOLCANIC_ROCK,SEASHELLS,10178.0,8
1558900,Pablo,Caesar,VOLCANIC_ROCK,SEASHELLS,10158.0,2
1562300,Caesar,Caesar,VOLCANIC_ROCK,SEASHELLS,10139.0,8
1563200,Caesar,Caesar,VOLCANIC_ROCK,SEASHELLS,10142.0,5
1565000,Caesar,Caesar,VOLCANIC_ROCK,SEASHELLS,10142.0,10
1565800,Caesar,Caesar,VOLCANIC_ROCK,SEASHELLS,10137.0,8
1566400,Caesar,Peter,VOLCANIC_ROCK,SEASHELLS,10138.0,5
1567700,Pablo,Caesar,VOLCANIC_ROCK,SEASHELLS,10144.0,2
1569800,Caesar,Caesar,VOLCANIC_ROCK,SEASHELLS,10147.0,10
1570200,Caesar,Caesar,VOLCANIC_ROCK,SEASHELLS,10147.0,6
1573600,Caesar,Pablo,VOLCANIC_ROCK,SEASHELLS,10148.0,1
1574500,Caesar,Caesar,VOLCANIC_ROCK,SEASHELLS,10143.0,10
1575000,Caesar,Caesar,VOLCANIC_ROCK,SEASHELLS,10140.0,5
1576200,Caesar,Caesar,VOLCANIC_ROCK,SEASHELLS,10132.0,6
1576900,Caesar,Caesar,VOLCANIC_ROCK,SEASHELLS,10131.0,7
1580200,Peter,Caesar,VOLCANIC_ROCK,SEASHELLS,10146.0,7
1580400,Caesar,Pablo,VOLCANIC_ROCK,SEASHELLS,10140.0,3
1580800,Caesar,Caesar,VOLCANIC_ROCK,SEASHELLS,10141.0,10
1581000,Caesar,Caesar,VOLCANIC_ROCK,SEASHELLS,10136.0,5
1581600,Caesar,Caesar,VOLCANIC_ROCK,SEASHELLS,10137.0,6
1581800,Caesar,Caesar,VOLCANIC_ROCK,SEASHELLS,10136.0,9
1583700,Caesar,Caesar,VOLCANIC_ROCK,SEASHELLS,10121.0,7
1585200,Caesar,Caesar,VOLCANIC_ROCK,SEASHELLS,10117.0,8
1586100,Caesar,Pablo,VOLCANIC_ROCK,SEASHELLS,10104.0,3
1586600,Peter,Caesar,VOLCANIC_ROCK,SEASHELLS,10104.0,7
1586700,Caesar,Caesar,VOLCANIC_ROCK,SEASHELLS,10105.0,5
1588600,Pablo,Caesar,VOLCANIC_ROCK,SEASHELLS,9996.0,2
1588700,Caesar,Caesar,VOLCANIC_ROCK,SEASHELLS,9981.0,6
1588700,Caesar,Peter,VOLCANIC_ROCK,SEASHELLS,9981.0,7
1589500,Caesar,Peter,VOLCANIC_ROCK,SEASHELLS,10007.0,10
1591400,Peter,Caesar,VOLCANIC_ROCK,SEASHELLS,10010.0,5
1593500,Caesar,Caesar,VOLCANIC_ROCK,SEASHELLS,10042.0,7
1593800,Caesar,Caesar,VOLCANIC_ROCK,SEASHELLS,10045.0,6
1595700,Caesar,Caesar,VOLCANIC_ROCK,SEASHELLS,10031.0,5
1596900,Caesar,Peter,VOLCANIC_ROCK,SEASHELLS,10021.0,9
1597400,Caesar,Pablo,VOLCANIC_ROCK,SEASHELLS,10028.0,2
1597900,Caesar,Caesar,VOLCANIC_ROCK,SEASHELLS,10030.0,6
1599100,Caesar,Caesar,VOLCANIC_ROCK,SEASHELLS,10050.0,6
1600400,Caesar,Caesar,VOLCANIC_ROCK,SEASHELLS,10045.0,10
1600700,Caesar,Caesar,VOLCANIC_ROCK,SEASHELLS,10057.0,9
1601100,Caesar,Caesar,VOLCANIC_ROCK,SEASHELLS,10066.0,7
1603100,Caesar,Peter,VOLCANIC_ROCK,SEASHELLS,10046.0,7
1606200,Caesar,Caesar,VOLCANIC_ROCK,SEASHELLS,10046.0,8
1606400,Caesar,Caesar,VOLCANIC_ROCK,SEASHELLS,10047.0,7
1607000,Caesar,Caesar,VOLCANIC_ROCK,SEASHELLS,10050.0,9
1607300,Caesar,Caesar,VOLCANIC_ROCK,SEASHELLS,10046.0,8
1607400,Pablo,Caesar,VOLCANIC_ROCK,SEASHELLS,10045.0,2
1607900,Caesar,Caesar,VOLCANIC_ROCK,SEASHELLS,10033.0,7
1610900,Caesar,Caesar,VOLCANIC_ROCK,SEASHELLS,10040.0,6
1611200,Pablo,Caesar,VOLCANIC_ROCK,SEASHELLS,10045.0,2
1611800,Peter,Caesar,VOLCANIC_ROCK,SEASHELLS,10035.0,10
1612600,Caesar,Caesar,VOLCANIC_ROCK,SEASHELLS,10032.0,9
1613200,Peter,Caesar,VOLCANIC_ROCK,SEASHELLS,10030.0,8
1614100,Caesar,Caesar,VOLCANIC_ROCK,SEASHELLS,10029.0,8
1617300,Caesar,Caesar,VOLCANIC_ROCK,SEASHELLS,10037.0,6
1619100,Caesar,Peter,VOLCANIC_ROCK,SEASHELLS,10029.0,6
1620300,Caesar,Caesar,VOLCANIC_ROCK,SEASHELLS,10027.0,8
1620400,Caesar,Pablo,VOLCANIC_ROCK,SEASHELLS,10026.0,1
1624700,Caesar,Caesar,VOLCANIC_ROCK,SEASHELLS,10036.0,8
1625700,Caesar,Caesar,VOLCANIC_ROCK,SEASHELLS,10050.0,6
1626300,Caesar,Caesar,VOLCANIC_ROCK,SEASHELLS,10051.0,5
1627700,Peter,Caesar,VOLCANIC_ROCK,SEASHELLS,10046.0,6
1628000,Caesar,Caesar,VOLCANIC_ROCK,SEASHELLS,10044.0,8
1629900,Caesar,Caesar,VOLCANIC_ROCK,SEASHELLS,10054.0,7
1631500,Caesar,Pablo,VOLCANIC_ROCK,SEASHELLS,10052.0,1
1631800,Pablo,Caesar,VOLCANIC_ROCK,SEASHELLS,10045.0,3
1631900,Caesar,Caesar,VOLCANIC_ROCK,SEASHELLS,10043.0,8
1635300,Caesar,Pablo,VOLCANIC_ROCK,SEASHELLS,10036.0,1
1636700,Caesar,Caesar,VOLCANIC_ROCK,SEASHELLS,10043.0,10
1638500,Caesar,Caesar,VOLCANIC_ROCK,SEASHELLS,10044.0,9
1639400,Pablo,Caesar,VOLCANIC_ROCK,SEASHELLS,10050.0,1
1642400,Pablo,Caesar,VOLCANIC_ROCK,SEASHELLS,10053.0,1
1643700,Caesar,Caesar,VOLCANIC_ROCK,SEASHELLS,10053.0,6
1644100,Caesar,Caesar,VOLCANIC_ROCK,SEASHELLS,10056.0,7
1646300,Pablo,Caesar,VOLCANIC_ROCK,SEASHELLS,10058.0,2
1648300,Peter,Caesar,VOLCANIC_ROCK,SEASHELLS,10051.0,10
1651200,Caesar,Caesar,VOLCANIC_ROCK,SEASHELLS,10041.0,8
1652500,Caesar,Caesar,VOLCANIC_ROCK,SEASHELLS,10039.0,10
1653800,Caesar,Caesar,VOLCANIC_ROCK,SEASHELLS,10031.0,10
1654100,Caesar,Peter,VOLCANIC_ROCK,SEASHELLS,10032.0,7
1655900,Caesar,Caesar,VOLCANIC_ROCK,SEASHELLS,10024.0,7
1656300,Caesar,Caesar,VOLCANIC_ROCK,SEASHELLS,10018.0,6
1662700,Peter,Caesar,VOLCANIC_ROCK,SEASHELLS,10046.0,8
1664300,Caesar,Pablo,VOLCANIC_ROCK,SEASHELLS,10036.0,3
1665700,Caesar,Caesar,VOLCANIC_ROCK,SEASHELLS,10030.0,8
1669700,Caesar,Caesar,VOLCANIC_ROCK,SEASHELLS,10038.0,8
1671500,Caesar,Caesar,VOLCANIC_ROCK,SEASHELLS,10036.0,6
1675800,Caesar,Peter,VOLCANIC_ROCK,SEASHELLS,10028.0,6
1675900,Caesar,Caesar,VOLCANIC_ROCK,SEASHELLS,10029.0,6
1678600,Caesar,Caesar,VOLCANIC_ROCK,SEASHELLS,10049.0,10
1679800,Caesar,Caesar,VOLCANIC_ROCK,SEASHELLS,10037.0,9
1682700,Caesar,Caesar,VOLCANIC_ROCK,SEASHELLS,10022.0,9
1683500,Caesar,Caesar,VOLCANIC_ROCK,SEASHELLS,10016.0,7
1687900,Caesar,Caesar,VOLCANIC_ROCK,SEASHELLS,10015.0,10
1688200,Caesar,Caesar,VOLCANIC_ROCK,SEASHELLS,10011.0,9
1688900,Caesar,Caesar,VOLCANIC_ROCK,SEASHELLS,10006.0,7
1689100,Caesar,Caesar,VOLCANIC_ROCK,SEASHELLS,10004.0,5
1689500,Caesar,Peter,VOLCANIC_ROCK,SEASHELLS,9999.0,7
1690600,Caesar,Caesar,VOLCANIC_ROCK,SEASHELLS,9998.0,10
1690700,Caesar,Peter,VOLCANIC_ROCK,SEASHELLS,9996.0,5
1692200,Caesar,Caesar,VOLCANIC_ROCK,SEASHELLS,10006.0,9
1692300,Caesar,Caesar,VOLCANIC_ROCK,SEASHELLS,10006.0,5
1692400,Caesar,Caesar,VOLCANIC_ROCK,SEASHELLS,10008.0,8
1693300,Caesar,Peter,VOLCANIC_ROCK,SEASHELLS,9999.0,5
1693500,Caesar,Caesar,VOLCANIC_ROCK,SEASHELLS,9994.0,9
1694300,Peter,Caesar,VOLCANIC_ROCK,SEASHELLS,10007.0,7
1695900,Peter,Caesar,VOLCANIC_ROCK,SEASHELLS,10011.0,9
1700700,Caesar,Caesar,VOLCANIC_ROCK,SEASHELLS,10009.0,5
1702400,Caesar,Caesar,VOLCANIC_ROCK,SEASHELLS,9994.0,6
1703000,Pablo,Caesar,VOLCANIC_ROCK,SEASHELLS,9989.0,2
1703500,Caesar,Caesar,VOLCANIC_ROCK,SEASHELLS,9971.0,5
1704200,Caesar,Pablo,VOLCANIC_ROCK,SEASHELLS,9935.0,2
1706600,Caesar,Caesar,VOLCANIC_ROCK,SEASHELLS,9903.0,7
1707200,Caesar,Pablo,VOLCANIC_ROCK,SEASHELLS,9933.0,1
1707900,Caesar,Caesar,VOLCANIC_ROCK,SEASHELLS,9925.0,5
1708200,Caesar,Caesar,VOLCANIC_ROCK,SEASHELLS,9931.0,5
1709100,Caesar,Caesar,VOLCANIC_ROCK,SEASHELLS,9912.0,9
1709500,Caesar,Caesar,VOLCANIC_ROCK,SEASHELLS,9912.0,9
1710000,Caesar,Caesar,VOLCANIC_ROCK,SEASHELLS,9911.0,7
1710500,Caesar,Peter,VOLCANIC_ROCK,SEASHELLS,9898.0,8
1716300,Caesar,Peter,VOLCANIC_ROCK,SEASHELLS,9913.0,8
1722600,Caesar,Caesar,VOLCANIC_ROCK,SEASHELLS,9917.0,6
1724700,Peter,Caesar,VOLCANIC_ROCK,SEASHELLS,9913.0,6
1726300,Caesar,Caesar,VOLCANIC_ROCK,SEASHELLS,9920.0,6
1727000,Pablo,Caesar,VOLCANIC_ROCK,SEASHELLS,9917.0,2
1727300,Caesar,Caesar,VOLCANIC_ROCK,SEASHELLS,9907.0,7
1733200,Caesar,Pablo,VOLCANIC_ROCK,SEASHELLS,9904.0,1
1734200,Peter,Caesar,VOLCANIC_ROCK,SEASHELLS,9904.0,8
1734300,Caesar,Caesar,VOLCANIC_ROCK,SEASHELLS,9903.0,10
1734600,Caesar,Caesar,VOLCANIC_ROCK,SEASHELLS,9892.0,5
1737200,Caesar,Caesar,VOLCANIC_ROCK,SEASHELLS,9910.0,7
1738100,Caesar,Peter,VOLCANIC_ROCK,SEASHELLS,9915.0,8
1739200,Caesar,Caesar,VOLCANIC_ROCK,SEASHELLS,9888.0,8
1743000,Caesar,Caesar,VOLCANIC_ROCK,SEASHELLS,9880.0,7
1744700,Pablo,Caesar,VOLCANIC_ROCK,SEASHELLS,9885.0,2
1746300,Caesar,Caesar,VOLCANIC_ROCK,SEASHELLS,9902.0,7
1747800,Peter,Caesar,VOLCANIC_ROCK,SEASHELLS,9915.0,8
1748000,Peter,Caesar,VOLCANIC_ROCK,SEASHELLS,9917.0,10
1748600,Caesar,Caesar,VOLCANIC_ROCK,SEASHELLS,9897.0,10
1748800,Caesar,Caesar,VOLCANIC_ROCK,SEASHELLS,9902.0,5
1749900,Caesar,Caesar,VOLCANIC_ROCK,SEASHELLS,9912.0,7
1750600,Caesar,Peter,VOLCANIC_ROCK,SEASHELLS,9913.0,5
1753100,Pablo,Caesar,VOLCANIC_ROCK,SEASHELLS,9924.0,2
1753400,Caesar,Caesar,VOLCANIC_ROCK,SEASHELLS,9920.0,10
1754200,Caesar,Caesar,VOLCANIC_ROCK,SEASHELLS,9915.0,9
1755400,Caesar,Caesar,VOLCANIC_ROCK,SEASHELLS,9914.0,8
1756500,Caesar,Caesar,VOLCANIC_ROCK,SEASHELLS,9915.0,8
1758400,Pablo,Caesar,VOLCANIC_ROCK,SEASHELLS,9922.0,2
1759600,Caesar,Caesar,VOLCANIC_ROCK,SEASHELLS,9920.0,7
1761800,Caesar,Caesar,VOLCANIC_ROCK,SEASHELLS,9902.0,7
1762400,Caesar,Peter,VOLCANIC_ROCK,SEASHELLS,9902.0,6
1767000,Caesar,Peter,VOLCANIC_ROCK,SEASHELLS,9910.0,7
1770600,Caesar,Caesar,VOLCANIC_ROCK,SEASHELLS,9924.0,7
1772000,Caesar,Peter,VOLCANIC_ROCK,SEASHELLS,9924.0,10
1772700,Caesar,Caesar,VOLCANIC_ROCK,SEASHELLS,9920.0,10
1774400,Caesar,Caesar,VOLCANIC_ROCK,SEASHELLS,9932.0,5
1778000,Caesar,Peter,VOLCANIC_ROCK,SEASHELLS,9925.0,7
1778200,Caesar,Caesar,VOLCANIC_ROCK,SEASHELLS,9925.0,7
1780400,Pablo,Caesar,VOLCANIC_ROCK,SEASHELLS,9939.0,1
1780800,Caesar,Caesar,VOLCANIC_ROCK,SEASHELLS,9945.0,9
1782500,Caesar,Caesar,VOLCANIC_ROCK,SEASHELLS,9926.0,8
1782500,Peter,Caesar,VOLCANIC_ROCK,SEASHELLS,9928.0,8
1783100,Caesar,Peter,VOLCANIC_ROCK,SEASHELLS,9930.0,8
1783300,Pablo,Caesar,VOLCANIC_ROCK,SEASHELLS,9936.0,1
1784700,Caesar,Pablo,VOLCANIC_ROCK,SEASHELLS,9921.0,3
1784700,Caesar,Caesar,VOLCANIC_ROCK,SEASHELLS,9922.0,5
1788900,Caesar,Peter,VOLCANIC_ROCK,SEASHELLS,9913.0,8
1792000,Caesar,Caesar,VOLCANIC_ROCK,SEASHELLS,9919.0,7
1792600,Pablo,Caesar,VOLCANIC_ROCK,SEASHELLS,9917.0,3
1797700,Caesar,Caesar,VOLCANIC_ROCK,SEASHELLS,9922.0,5
1798300,Peter,Caesar,VOLCANIC_ROCK,SEASHELLS,9920.0,8
1802100,Caesar,Peter,VOLCANIC_ROCK,SEASHELLS,9924.0,6
1802800,Caesar,Caesar,VOLCANIC_ROCK,SEASHELLS,9926.0,7
1804100,Caesar,Caesar,VOLCANIC_ROCK,SEASHELLS,9925.0,7
1805500,Caesar,Caesar,VOLCANIC_ROCK,SEASHELLS,9911.0,6
1806200,Pablo,Caesar,VOLCANIC_ROCK,SEASHELLS,9910.0,2
1807300,Caesar,Pablo,VOLCANIC_ROCK,SEASHELLS,9908.0,1
1810800,Caesar,Peter,VOLCANIC_ROCK,SEASHELLS,9921.0,9
1812000,Caesar,Caesar,VOLCANIC_ROCK,SEASHELLS,9924.0,6
1813000,Caesar,Caesar,VOLCANIC_ROCK,SEASHELLS,9933.0,9
1813600,Caesar,Caesar,VOLCANIC_ROCK,SEASHELLS,9934.0,8
1813900,Caesar,Caesar,VOLCANIC_ROCK,SEASHELLS,9931.0,10
1815200,Peter,Caesar,VOLCANIC_ROCK,SEASHELLS,9934.0,9
1815300,Caesar,Caesar,VOLCANIC_ROCK,SEASHELLS,9931.0,7
1817100,Caesar,Caesar,VOLCANIC_ROCK,SEASHELLS,9927.0,10
1819700,Caesar,Caesar,VOLCANIC_ROCK,SEASHELLS,9930.0,5
1820300,Caesar,Caesar,VOLCANIC_ROCK,SEASHELLS,9935.0,5
1820500,Caesar,Caesar,VOLCANIC_ROCK,SEASHELLS,9934.0,10
1821300,Caesar,Caesar,VOLCANIC_ROCK,SEASHELLS,9933.0,5
1821600,Caesar,Caesar,VOLCANIC_ROCK,SEASHELLS,9932.0,9
1822200,Caesar,Caesar,VOLCANIC_ROCK,SEASHELLS,9939.0,6
1824900,Caesar,Caesar,VOLCANIC_ROCK,SEASHELLS,9938.0,8
1826200,Peter,Caesar,VOLCANIC_ROCK,SEASHELLS,9933.0,6
1826600,Pablo,Caesar,VOLCANIC_ROCK,SEASHELLS,9936.0,1
1827000,Caesar,Peter,VOLCANIC_ROCK,SEASHELLS,9933.0,6
1827300,Caesar,Peter,VOLCANIC_ROCK,SEASHELLS,9933.0,10
1828600,Caesar,Caesar,VOLCANIC_ROCK,SEASHELLS,9927.0,9
1831300,Caesar,Peter,VOLCANIC_ROCK,SEASHELLS,9928.0,9
1832000,Caesar,Caesar,VOLCANIC_ROCK,SEASHELLS,9930.0,6
1834500,Peter,Caesar,VOLCANIC_ROCK,SEASHELLS,9925.0,5
1835100,Caesar,Caesar,VOLCANIC_ROCK,SEASHELLS,9925.0,8
1835700,Caesar,Peter,VOLCANIC_ROCK,SEASHELLS,9926.0,9
1837200,Caesar,Caesar,VOLCANIC_ROCK,SEASHELLS,9961.0,5
1837400,Caesar,Caesar,VOLCANIC_ROCK,SEASHELLS,9955.0,6
1839400,Caesar,Caesar,VOLCANIC_ROCK,SEASHELLS,9954.0,10
1841800,Caesar,Caesar,VOLCANIC_ROCK,SEASHELLS,9951.0,9
1846600,Caesar,Caesar,VOLCANIC_ROCK,SEASHELLS,9959.0,5
1847200,Pablo,Caesar,VOLCANIC_ROCK,SEASHELLS,9960.0,3
1847800,Caesar,Caesar,VOLCANIC_ROCK,SEASHELLS,9960.0,8
1850300,Caesar,Pablo,VOLCANIC_ROCK,SEASHELLS,9953.0,3
1851700,Caesar,Pablo,VOLCANIC_ROCK,SEASHELLS,9954.0,3
1853000,Caesar,Peter,VOLCANIC_ROCK,SEASHELLS,9954.0,5
1855700,Caesar,Caesar,VOLCANIC_ROCK,SEASHELLS,9942.0,5
1860200,Caesar,Pablo,VOLCANIC_ROCK,SEASHELLS,9928.0,3
1860600,Peter,Caesar,VOLCANIC_ROCK,SEASHELLS,9923.0,5
1862900,Caesar,Pablo,VOLCANIC_ROCK,SEASHELLS,9932.0,2
1863800,Caesar,Caesar,VOLCANIC_ROCK,SEASHELLS,9926.0,10
1865400,Caesar,Caesar,VOLCANIC_ROCK,SEASHELLS,9945.0,9
1869500,Caesar,Caesar,VOLCANIC_ROCK,SEASHELLS,9966.0,7
1871300,Caesar,Caesar,VOLCANIC_ROCK,SEASHELLS,9963.0,9
1872200,Caesar,Caesar,VOLCANIC_ROCK,SEASHELLS,9964.0,9
1872900,Caesar,Caesar,VOLCANIC_ROCK,SEASHELLS,9957.0,8
1875000,Caesar,Caesar,VOLCANIC_ROCK,SEASHELLS,9944.0,5
1876900,Caesar,Peter,VOLCANIC_ROCK,SEASHELLS,9949.0,8
1877500,Caesar,Caesar,VOLCANIC_ROCK,SEASHELLS,9952.0,7
1880800,Caesar,Caesar,VOLCANIC_ROCK,SEASHELLS,9955.0,10
1883900,Caesar,Caesar,VOLCANIC_ROCK,SEASHELLS,9970.0,7
1885600,Caesar,Pablo,VOLCANIC_ROCK,SEASHELLS,9961.0,3
1890400,Peter,Caesar,VOLCANIC_ROCK,SEASHELLS,9974.0,6
1891000,Caesar,Caesar,VOLCANIC_ROCK,SEASHELLS,9963.0,9
1892400,Caesar,Caesar,VOLCANIC_ROCK,SEASHELLS,9955.0,6
1895100,Pablo,Caesar,VOLCANIC_ROCK,SEASHELLS,9949.0,1
1895500,Caesar,Caesar,VOLCANIC_ROCK,SEASHELLS,9945.0,8
1895600,Caesar,Pablo,VOLCANIC_ROCK,SEASHELLS,9942.0,3
1897800,Caesar,Peter,VOLCANIC_ROCK,SEASHELLS,9945.0,7
1898800,Caesar,Caesar,VOLCANIC_ROCK,SEASHELLS,9944.0,8
1899400,Caesar,Caesar,VOLCANIC_ROCK,SEASHELLS,9952.0,7
1902900,Peter,Caesar,VOLCANIC_ROCK,SEASHELLS,9952.0,7
1909100,Caesar,Caesar,VOLCANIC_ROCK,SEASHELLS,9951.0,6
1909700,Caesar,Peter,VOLCANIC_ROCK,SEASHELLS,9948.0,8
1910600,Peter,Caesar,VOLCANIC_ROCK,SEASHELLS,9950.0,7
1910900,Caesar,Pablo,VOLCANIC_ROCK,SEASHELLS,9945.0,2
1911100,Peter,Caesar,VOLCANIC_ROCK,SEASHELLS,9945.0,9
1912700,Caesar,Caesar,VOLCANIC_ROCK,SEASHELLS,9936.0,8
1914000,Caesar,Pablo,VOLCANIC_ROCK,SEASHELLS,9928.0,3
1914400,Pablo,Caesar,VOLCANIC_ROCK,SEASHELLS,9935.0,2
1914600,Caesar,Peter,VOLCANIC_ROCK,SEASHELLS,9929.0,10
1915300,Peter,Caesar,VOLCANIC_ROCK,SEASHELLS,9933.0,9
1917300,Caesar,Caesar,VOLCANIC_ROCK,SEASHELLS,9931.0,8
1918200,Caesar,Peter,VOLCANIC_ROCK,SEASHELLS,9929.0,5
1919400,Caesar,Caesar,VOLCANIC_ROCK,SEASHELLS,9936.0,8
1919500,Caesar,Caesar,VOLCANIC_ROCK,SEASHELLS,9935.0,9
1920300,Caesar,Pablo,VOLCANIC_ROCK,SEASHELLS,9929.0,2
1920800,Peter,Caesar,VOLCANIC_ROCK,SEASHELLS,9923.0,7
1921600,Pablo,Caesar,VOLCANIC_ROCK,SEASHELLS,9916.0,1
1923000,Caesar,Pablo,VOLCANIC_ROCK,SEASHELLS,9915.0,3
1927000,Caesar,Caesar,VOLCANIC_ROCK,SEASHELLS,9951.0,6
1928500,Caesar,Caesar,VOLCANIC_ROCK,SEASHELLS,9951.0,6
1928500,Peter,Caesar,VOLCANIC_ROCK,SEASHELLS,9952.0,9
1930100,Caesar,Caesar,VOLCANIC_ROCK,SEASHELLS,9949.0,9
1933600,Caesar,Caesar,VOLCANIC_ROCK,SEASHELLS,9939.0,5
1934900,Caesar,Caesar,VOLCANIC_ROCK,SEASHELLS,9936.0,6
1935000,Caesar,Caesar,VOLCANIC_ROCK,SEASHELLS,9936.0,8
1937200,Caesar,Caesar,VOLCANIC_ROCK,SEASHELLS,9939.0,5
1941600,Caesar,Caesar,VOLCANIC_ROCK,SEASHELLS,9929.0,10
1943200,Pablo,Caesar,VOLCANIC_ROCK,SEASHELLS,9921.0,3
1944300,Caesar,Caesar,VOLCANIC_ROCK,SEASHELLS,9916.0,9
1944900,Pablo,Caesar,VOLCANIC_ROCK,SEASHELLS,9916.0,2
1946400,Caesar,Caesar,VOLCANIC_ROCK,SEASHELLS,9916.0,7
1947900,Caesar,Peter,VOLCANIC_ROCK,SEASHELLS,9916.0,5
1947900,Caesar,Peter,VOLCANIC_ROCK,SEASHELLS,9916.0,1
1948700,Caesar,Peter,VOLCANIC_ROCK,SEASHELLS,9921.0,6
1948800,Pablo,Caesar,VOLCANIC_ROCK,SEASHELLS,9923.0,1
1949200,Caesar,Caesar,VOLCANIC_ROCK,SEASHELLS,9925.0,8
1955500,Caesar,Pablo,VOLCANIC_ROCK,SEASHELLS,9914.0,2
1956700,Caesar,Caesar,VOLCANIC_ROCK,SEASHELLS,9920.0,7
1959700,Caesar,Caesar,VOLCANIC_ROCK,SEASHELLS,9921.0,9
1959700,Peter,Caesar,VOLCANIC_ROCK,SEASHELLS,9922.0,9
1963200,Caesar,Pablo,VOLCANIC_ROCK,SEASHELLS,9918.0,1
1963400,Caesar,Peter,VOLCANIC_ROCK,SEASHELLS,9918.0,9
1966800,Caesar,Caesar,VOLCANIC_ROCK,SEASHELLS,9906.0,9
1966900,Caesar,Pablo,VOLCANIC_ROCK,SEASHELLS,9905.0,3
1967400,Caesar,Caesar,VOLCANIC_ROCK,SEASHELLS,9902.0,10
1967700,Caesar,Caesar,VOLCANIC_ROCK,SEASHELLS,9901.0,5
1967900,Pablo,Caesar,VOLCANIC_ROCK,SEASHELLS,9871.0,2
1969000,Caesar,Caesar,VOLCANIC_ROCK,SEASHELLS,9883.0,6
1969800,Pablo,Caesar,VOLCANIC_ROCK,SEASHELLS,9884.0,1
1971200,Peter,Caesar,VOLCANIC_ROCK,SEASHELLS,9880.0,7
1974100,Caesar,Caesar,VOLCANIC_ROCK,SEASHELLS,9872.0,5
1974600,Caesar,Caesar,VOLCANIC_ROCK,SEASHELLS,9865.0,7
1976100,Caesar,Caesar,VOLCANIC_ROCK,SEASHELLS,9886.0,5
1978100,Caesar,Caesar,VOLCANIC_ROCK,SEASHELLS,9892.0,6
1978200,Caesar,Caesar,VOLCANIC_ROCK,SEASHELLS,9889.0,5
1980100,Caesar,Caesar,VOLCANIC_ROCK,SEASHELLS,9898.0,8
1981200,Pablo,Caesar,VOLCANIC_ROCK,SEASHELLS,9902.0,1
1983400,Peter,Caesar,VOLCANIC_ROCK,SEASHELLS,9903.0,5
1984200,Pablo,Caesar,VOLCANIC_ROCK,SEASHELLS,9908.0,3
1986200,Caesar,Peter,VOLCANIC_ROCK,SEASHELLS,9900.0,9
1989700,Peter,Caesar,VOLCANIC_ROCK,SEASHELLS,9907.0,5
1991000,Caesar,Caesar,VOLCANIC_ROCK,SEASHELLS,9909.0,5
1992000,Caesar,Peter,VOLCANIC_ROCK,SEASHELLS,9901.0,9
1993200,Pablo,Caesar,VOLCANIC_ROCK,SEASHELLS,9906.0,3
1993700,Peter,Caesar,VOLCANIC_ROCK,SEASHELLS,9902.0,7
1993800,Caesar,Caesar,VOLCANIC_ROCK,SEASHELLS,9901.0,6
1994100,Caesar,Caesar,VOLCANIC_ROCK,SEASHELLS,9902.0,9
1994300,Pablo,Caesar,VOLCANIC_ROCK,SEASHELLS,9905.0,3
1997100,Caesar,Caesar,VOLCANIC_ROCK,SEASHELLS,9913.0,9
1997200,Caesar,Caesar,VOLCANIC_ROCK,SEASHELLS,9915.0,8
1998600,Caesar,Peter,VOLCANIC_ROCK,SEASHELLS,9909.0,5
2000200,Caesar,Caesar,VOLCANIC_ROCK,SEASHELLS,9919.0,6
2000800,Pablo,Caesar,VOLCANIC_ROCK,SEASHELLS,9920.0,1
2001600,Caesar,Caesar,VOLCANIC_ROCK,SEASHELLS,9920.0,6
2002500,Caesar,Caesar,VOLCANIC_ROCK,SEASHELLS,9923.0,7
2005900,Caesar,Pablo,VOLCANIC_ROCK,SEASHELLS,9934.0,1
2006200,Caesar,Caesar,VOLCANIC_ROCK,SEASHELLS,9935.0,8
2007000,Caesar,Caesar,VOLCANIC_ROCK,SEASHELLS,9940.0,9
2008400,Caesar,Peter,VOLCANIC_ROCK,SEASHELLS,9936.0,8
2009400,Caesar,Peter,VOLCANIC_ROCK,SEASHELLS,9931.0,9
2010900,Caesar,Caesar,VOLCANIC_ROCK,SEASHELLS,9919.0,10
2010900,Caesar,Peter,VOLCANIC_ROCK,SEASHELLS,9919.0,7
2014400,Caesar,Caesar,VOLCANIC_ROCK,SEASHELLS,9908.0,10
2015300,Caesar,Caesar,VOLCANIC_ROCK,SEASHELLS,9906.0,7
2015700,Peter,Caesar,VOLCANIC_ROCK,SEASHELLS,9907.0,9
2019300,Pablo,Caesar,VOLCANIC_ROCK,SEASHELLS,9916.0,3
2019300,Caesar,Peter,VOLCANIC_ROCK,SEASHELLS,9915.0,7
2019400,Caesar,Caesar,VOLCANIC_ROCK,SEASHELLS,9913.0,6
2022500,Pablo,Caesar,VOLCANIC_ROCK,SEASHELLS,9928.0,3
2023600,Caesar,Caesar,VOLCANIC_ROCK,SEASHELLS,9925.0,7
2024500,Pablo,Caesar,VOLCANIC_ROCK,SEASHELLS,9926.0,3
2024600,Pablo,Caesar,VOLCANIC_ROCK,SEASHELLS,9926.0,3
2025400,Caesar,Caesar,VOLCANIC_ROCK,SEASHELLS,9926.0,10
2026400,Caesar,Pablo,VOLCANIC_ROCK,SEASHELLS,9922.0,1
2026700,Caesar,Caesar,VOLCANIC_ROCK,SEASHELLS,9922.0,8
2027300,Caesar,Caesar,VOLCANIC_ROCK,SEASHELLS,9914.0,10
2028000,Caesar,Caesar,VOLCANIC_ROCK,SEASHELLS,9910.0,6
2028600,Caesar,Caesar,VOLCANIC_ROCK,SEASHELLS,9907.0,6
2031400,Caesar,Caesar,VOLCANIC_ROCK,SEASHELLS,9902.0,8
2031600,Caesar,Pablo,VOLCANIC_ROCK,SEASHELLS,9899.0,1
2031800,Caesar,Pablo,VOLCANIC_ROCK,SEASHELLS,9901.0,2
2032100,Caesar,Caesar,VOLCANIC_ROCK,SEASHELLS,9901.0,5
2032900,Caesar,Pablo,VOLCANIC_ROCK,SEASHELLS,9899.0,3
2033300,Caesar,Caesar,VOLCANIC_ROCK,SEASHELLS,9902.0,10
2033900,Caesar,Caesar,VOLCANIC_ROCK,SEASHELLS,9896.0,10
2036900,Caesar,Caesar,VOLCANIC_ROCK,SEASHELLS,9917.0,8
2037500,Caesar,Caesar,VOLCANIC_ROCK,SEASHELLS,9916.0,8
2037800,Caesar,Caesar,VOLCANIC_ROCK,SEASHELLS,9918.0,7
2038500,Caesar,Peter,VOLCANIC_ROCK,SEASHELLS,9924.0,5
2039800,Caesar,Peter,VOLCANIC_ROCK,SEASHELLS,9929.0,9
2044800,Caesar,Caesar,VOLCANIC_ROCK,SEASHELLS,9938.0,5
2045200,Caesar,Caesar,VOLCANIC_ROCK,SEASHELLS,9945.0,10
2047900,Caesar,Caesar,VOLCANIC_ROCK,SEASHELLS,9944.0,6
2051500,Caesar,Caesar,VOLCANIC_ROCK,SEASHELLS,9948.0,8
2051600,Caesar,Caesar,VOLCANIC_ROCK,SEASHELLS,9952.0,7
2051800,Peter,Caesar,VOLCANIC_ROCK,SEASHELLS,9955.0,8
2051900,Peter,Caesar,VOLCANIC_ROCK,SEASHELLS,9953.0,6
2053100,Pablo,Caesar,VOLCANIC_ROCK,SEASHELLS,9953.0,3
2053900,Caesar,Caesar,VOLCANIC_ROCK,SEASHELLS,9949.0,9
2055900,Caesar,Caesar,VOLCANIC_ROCK,SEASHELLS,9947.0,10
2056900,Caesar,Peter,VOLCANIC_ROCK,SEASHELLS,9945.0,6
2057900,Caesar,Caesar,VOLCANIC_ROCK,SEASHELLS,9945.0,8
2058600,Caesar,Peter,VOLCANIC_ROCK,SEASHELLS,9937.0,9
2059100,Caesar,Caesar,VOLCANIC_ROCK,SEASHELLS,9939.0,8
2063400,Caesar,Caesar,VOLCANIC_ROCK,SEASHELLS,9934.0,6
2066100,Caesar,Peter,VOLCANIC_ROCK,SEASHELLS,9966.0,7
2067200,Caesar,Caesar,VOLCANIC_ROCK,SEASHELLS,9957.0,7
2068500,Caesar,Pablo,VOLCANIC_ROCK,SEASHELLS,9958.0,1
2069300,Caesar,Caesar,VOLCANIC_ROCK,SEASHELLS,9957.0,6
2069700,Caesar,Caesar,VOLCANIC_ROCK,SEASHELLS,9959.0,8
2070200,Caesar,Caesar,VOLCANIC_ROCK,SEASHELLS,9959.0,5
2075600,Caesar,Caesar,VOLCANIC_ROCK,SEASHELLS,9937.0,6
2075900,Caesar,Caesar,VOLCANIC_ROCK,SEASHELLS,9932.0,9
2077500,Caesar,Caesar,VOLCANIC_ROCK,SEASHELLS,9941.0,9
2080200,Caesar,Caesar,VOLCANIC_ROCK,SEASHELLS,9925.0,5
2080800,Caesar,Caesar,VOLCANIC_ROCK,SEASHELLS,9927.0,8
2080900,Caesar,Caesar,VOLCANIC_ROCK,SEASHELLS,9925.0,8
2082300,Pablo,Caesar,VOLCANIC_ROCK,SEASHELLS,9922.0,3
2085800,Caesar,Caesar,VOLCANIC_ROCK,SEASHELLS,9920.0,6
2086900,Caesar,Caesar,VOLCANIC_ROCK,SEASHELLS,9920.0,7
2087400,Caesar,Caesar,VOLCANIC_ROCK,SEASHELLS,9913.0,7
2088100,Pablo,Caesar,VOLCANIC_ROCK,SEASHELLS,9919.0,1
2095800,Caesar,Caesar,VOLCANIC_ROCK,SEASHELLS,9926.0,5
2096100,Peter,Caesar,VOLCANIC_ROCK,SEASHELLS,9930.0,9
2096800,Caesar,Caesar,VOLCANIC_ROCK,SEASHELLS,9923.0,6
2097300,Caesar,Pablo,VOLCANIC_ROCK,SEASHELLS,9917.0,2
2097600,Caesar,Peter,VOLCANIC_ROCK,SEASHELLS,9913.0,8
2098600,Pablo,Caesar,VOLCANIC_ROCK,SEASHELLS,9912.0,1
2098800,Caesar,Caesar,VOLCANIC_ROCK,SEASHELLS,9914.0,7
2099600,Peter,Caesar,VOLCANIC_ROCK,SEASHELLS,9913.0,5
2099900,Caesar,Caesar,VOLCANIC_ROCK,SEASHELLS,9914.0,7
2100200,Caesar,Pablo,VOLCANIC_ROCK,SEASHELLS,9912.0,1
2109400,Caesar,Caesar,VOLCANIC_ROCK,SEASHELLS,9916.0,7
2109700,Peter,Caesar,VOLCANIC_ROCK,SEASHELLS,9920.0,7
2110900,Caesar,Caesar,VOLCANIC_ROCK,SEASHELLS,9916.0,9
2113500,Caesar,Peter,VOLCANIC_ROCK,SEASHELLS,9890.0,6
2114300,Caesar,Caesar,VOLCANIC_ROCK,SEASHELLS,9904.0,5
2114700,Caesar,Pablo,VOLCANIC_ROCK,SEASHELLS,9897.0,3
2116900,Caesar,Caesar,VOLCANIC_ROCK,SEASHELLS,9898.0,5
2117700,Caesar,Caesar,VOLCANIC_ROCK,SEASHELLS,9885.0,6
2118500,Caesar,Caesar,VOLCANIC_ROCK,SEASHELLS,9890.0,7
2120400,Peter,Caesar,VOLCANIC_ROCK,SEASHELLS,9884.0,8
2121800,Caesar,Caesar,VOLCANIC_ROCK,SEASHELLS,9884.0,8
2124800,Caesar,Caesar,VOLCANIC_ROCK,SEASHELLS,9905.0,7
2125300,Caesar,Caesar,VOLCANIC_ROCK,SEASHELLS,9902.0,7
2127700,Caesar,Caesar,VOLCANIC_ROCK,SEASHELLS,9900.0,8
2130300,Caesar,Caesar,VOLCANIC_ROCK,SEASHELLS,9904.0,5
2130600,Caesar,Caesar,VOLCANIC_ROCK,SEASHELLS,9904.0,7
2131600,Peter,Caesar,VOLCANIC_ROCK,SEASHELLS,9907.0,7
2132700,Pablo,Caesar,VOLCANIC_ROCK,SEASHELLS,9900.0,2
2132700,Caesar,Caesar,VOLCANIC_ROCK,SEASHELLS,9900.0,4
2132800,Caesar,Caesar,VOLCANIC_ROCK,SEASHELLS,9901.0,8
2133500,Caesar,Caesar,VOLCANIC_ROCK,SEASHELLS,9902.0,9
2136700,Caesar,Caesar,VOLCANIC_ROCK,SEASHELLS,9883.0,9
2142900,Caesar,Caesar,VOLCANIC_ROCK,SEASHELLS,9816.0,5
2143100,Caesar,Caesar,VOLCANIC_ROCK,SEASHELLS,9825.0,8
2148500,Caesar,Caesar,VOLCANIC_ROCK,SEASHELLS,9827.0,5
2151300,Caesar,Caesar,VOLCANIC_ROCK,SEASHELLS,9831.0,9
2152800,Caesar,Caesar,VOLCANIC_ROCK,SEASHELLS,9834.0,9
2153100,Caesar,Caesar,VOLCANIC_ROCK,SEASHELLS,9836.0,10
2153500,Caesar,Caesar,VOLCANIC_ROCK,SEASHELLS,9834.0,7
2154400,Caesar,Peter,VOLCANIC_ROCK,SEASHELLS,9834.0,7
2155500,Caesar,Pablo,VOLCANIC_ROCK,SEASHELLS,9840.0,1
2156000,Caesar,Caesar,VOLCANIC_ROCK,SEASHELLS,9850.0,10
2157000,Caesar,Caesar,VOLCANIC_ROCK,SEASHELLS,9850.0,5
2159100,Caesar,Caesar,VOLCANIC_ROCK,SEASHELLS,9846.0,5
2161000,Caesar,Caesar,VOLCANIC_ROCK,SEASHELLS,9851.0,5
2162300,Caesar,Caesar,VOLCANIC_ROCK,SEASHELLS,9850.0,8
2163900,Caesar,Caesar,VOLCANIC_ROCK,SEASHELLS,9855.0,9
2164400,Caesar,Caesar,VOLCANIC_ROCK,SEASHELLS,9855.0,7
2164800,Caesar,Pablo,VOLCANIC_ROCK,SEASHELLS,9856.0,3
2165500,Caesar,Caesar,VOLCANIC_ROCK,SEASHELLS,9848.0,9
2170000,Caesar,Peter,VOLCANIC_ROCK,SEASHELLS,9855.0,9
2170700,Caesar,Caesar,VOLCANIC_ROCK,SEASHELLS,9861.0,9
2172700,Caesar,Peter,VOLCANIC_ROCK,SEASHELLS,9849.0,7
2176600,Caesar,Caesar,VOLCANIC_ROCK,SEASHELLS,9866.0,9
2177200,Caesar,Caesar,VOLCANIC_ROCK,SEASHELLS,9862.0,9
2177900,Caesar,Caesar,VOLCANIC_ROCK,SEASHELLS,9863.0,8
2178500,Pablo,Caesar,VOLCANIC_ROCK,SEASHELLS,9855.0,1
2178700,Caesar,Caesar,VOLCANIC_ROCK,SEASHELLS,9855.0,6
2180600,Caesar,Caesar,VOLCANIC_ROCK,SEASHELLS,9866.0,10
2180800,Caesar,Peter,VOLCANIC_ROCK,SEASHELLS,9862.0,9
2181100,Caesar,Peter,VOLCANIC_ROCK,SEASHELLS,9864.0,10
2181300,Caesar,Caesar,VOLCANIC_ROCK,SEASHELLS,9865.0,6
2184100,Caesar,Caesar,VOLCANIC_ROCK,SEASHELLS,9867.0,10
2184600,Caesar,Pablo,VOLCANIC_ROCK,SEASHELLS,9857.0,2
2185700,Caesar,Caesar,VOLCANIC_ROCK,SEASHELLS,9856.0,9
2186100,Caesar,Caesar,VOLCANIC_ROCK,SEASHELLS,9858.0,6
2188900,Caesar,Caesar,VOLCANIC_ROCK,SEASHELLS,9864.0,5
2190900,Caesar,Peter,VOLCANIC_ROCK,SEASHELLS,9867.0,10
2192300,Caesar,Peter,VOLCANIC_ROCK,SEASHELLS,9855.0,8
2192800,Caesar,Caesar,VOLCANIC_ROCK,SEASHELLS,9856.0,10
2196000,Caesar,Caesar,VOLCANIC_ROCK,SEASHELLS,9842.0,8
2198500,Caesar,Caesar,VOLCANIC_ROCK,SEASHELLS,9859.0,6
2199900,Caesar,Caesar,VOLCANIC_ROCK,SEASHELLS,9861.0,10
2205700,Caesar,Caesar,VOLCANIC_ROCK,SEASHELLS,9875.0,8
2206500,Caesar,Caesar,VOLCANIC_ROCK,SEASHELLS,9876.0,7
2207500,Caesar,Caesar,VOLCANIC_ROCK,SEASHELLS,9894.0,7
2208500,Caesar,Pablo,VOLCANIC_ROCK,SEASHELLS,9892.0,1
2208600,Caesar,Caesar,VOLCANIC_ROCK,SEASHELLS,9892.0,7
2210300,Caesar,Peter,VOLCANIC_ROCK,SEASHELLS,9901.0,8
2212800,Peter,Caesar,VOLCANIC_ROCK,SEASHELLS,9898.0,6
2213100,Pablo,Caesar,VOLCANIC_ROCK,SEASHELLS,9896.0,1
2213400,Caesar,Caesar,VOLCANIC_ROCK,SEASHELLS,9893.0,8
2214300,Caesar,Caesar,VOLCANIC_ROCK,SEASHELLS,9885.0,7
2214300,Caesar,Peter,VOLCANIC_ROCK,SEASHELLS,9885.0,6
2214800,Caesar,Caesar,VOLCANIC_ROCK,SEASHELLS,9881.0,8
2214900,Caesar,Caesar,VOLCANIC_ROCK,SEASHELLS,9882.0,10
2216300,Caesar,Caesar,VOLCANIC_ROCK,SEASHELLS,9883.0,8
2218700,Caesar,Caesar,VOLCANIC_ROCK,SEASHELLS,9881.0,8
2218800,Caesar,Peter,VOLCANIC_ROCK,SEASHELLS,9882.0,8
2220600,Pablo,Caesar,VOLCANIC_ROCK,SEASHELLS,9868.0,2
2220800,Caesar,Caesar,VOLCANIC_ROCK,SEASHELLS,9866.0,7
2221200,Caesar,Caesar,VOLCANIC_ROCK,SEASHELLS,9869.0,7
2221600,Caesar,Caesar,VOLCANIC_ROCK,SEASHELLS,9869.0,8
2223700,Peter,Caesar,VOLCANIC_ROCK,SEASHELLS,9874.0,9
2225100,Caesar,Caesar,VOLCANIC_ROCK,SEASHELLS,9873.0,8
2225200,Caesar,Caesar,VOLCANIC_ROCK,SEASHELLS,9875.0,6
2225900,Caesar,Caesar,VOLCANIC_ROCK,SEASHELLS,9882.0,8
2226600,Caesar,Caesar,VOLCANIC_ROCK,SEASHELLS,9882.0,5
2228300,Peter,Caesar,VOLCANIC_ROCK,SEASHELLS,9890.0,9
2233800,Caesar,Pablo,VOLCANIC_ROCK,SEASHELLS,9870.0,1
2234000,Caesar,Pablo,VOLCANIC_ROCK,SEASHELLS,9872.0,2
2235700,Peter,Caesar,VOLCANIC_ROCK,SEASHELLS,9879.0,9
2236300,Caesar,Peter,VOLCANIC_ROCK,SEASHELLS,9881.0,9
2236400,Caesar,Caesar,VOLCANIC_ROCK,SEASHELLS,9881.0,8
2237700,Caesar,Peter,VOLCANIC_ROCK,SEASHELLS,9892.0,6
2241200,Caesar,Pablo,VOLCANIC_ROCK,SEASHELLS,9887.0,2
2241700,Pablo,Caesar,VOLCANIC_ROCK,SEASHELLS,9888.0,3
2242700,Pablo,Caesar,VOLCANIC_ROCK,SEASHELLS,9900.0,1
2242700,Peter,Caesar,VOLCANIC_ROCK,SEASHELLS,9900.0,6
2245100,Caesar,Caesar,VOLCANIC_ROCK,SEASHELLS,9894.0,8
2246000,Caesar,Caesar,VOLCANIC_ROCK,SEASHELLS,9897.0,6
2248300,Caesar,Caesar,VOLCANIC_ROCK,SEASHELLS,9894.0,7
2252200,Pablo,Caesar,VOLCANIC_ROCK,SEASHELLS,9894.0,1
2252600,Caesar,Peter,VOLCANIC_ROCK,SEASHELLS,9892.0,8
2253400,Caesar,Caesar,VOLCANIC_ROCK,SEASHELLS,9894.0,7
2254200,Caesar,Caesar,VOLCANIC_ROCK,SEASHELLS,9905.0,8
2255900,Caesar,Peter,VOLCANIC_ROCK,SEASHELLS,9903.0,5
2257800,Caesar,Caesar,VOLCANIC_ROCK,SEASHELLS,9916.0,7
2260400,Caesar,Peter,VOLCANIC_ROCK,SEASHELLS,9908.0,7
2262200,Peter,Caesar,VOLCANIC_ROCK,SEASHELLS,9913.0,9
2263100,Caesar,Peter,VOLCANIC_ROCK,SEASHELLS,9914.0,10
2263200,Caesar,Caesar,VOLCANIC_ROCK,SEASHELLS,9916.0,6
2264500,Caesar,Pablo,VOLCANIC_ROCK,SEASHELLS,9906.0,3
2265200,Caesar,Peter,VOLCANIC_ROCK,SEASHELLS,9909.0,6
2265400,Caesar,Caesar,VOLCANIC_ROCK,SEASHELLS,9911.0,7
2273200,Caesar,Caesar,VOLCANIC_ROCK,SEASHELLS,9927.0,10
2274100,Peter,Caesar,VOLCANIC_ROCK,SEASHELLS,9920.0,8
2274500,Caesar,Caesar,VOLCANIC_ROCK,SEASHELLS,9927.0,5
2275900,Caesar,Caesar,VOLCANIC_ROCK,SEASHELLS,9921.0,5
2276000,Peter,Caesar,VOLCANIC_ROCK,SEASHELLS,9919.0,5
2276800,Caesar,Caesar,VOLCANIC_ROCK,SEASHELLS,9909.0,10
2277800,Caesar,Caesar,VOLCANIC_ROCK,SEASHELLS,9908.0,6
2278300,Pablo,Caesar,VOLCANIC_ROCK,SEASHELLS,9912.0,2
2281100,Caesar,Caesar,VOLCANIC_ROCK,SEASHELLS,9903.0,6
2281300,Caesar,Caesar,VOLCANIC_ROCK,SEASHELLS,9904.0,5
2282600,Caesar,Caesar,VOLCANIC_ROCK,SEASHELLS,9907.0,10
2283700,Caesar,Caesar,VOLCANIC_ROCK,SEASHELLS,9901.0,5
2283800,Caesar,Peter,VOLCANIC_ROCK,SEASHELLS,9901.0,9
2284100,Caesar,Caesar,VOLCANIC_ROCK,SEASHELLS,9906.0,7
2284700,Peter,Caesar,VOLCANIC_ROCK,SEASHELLS,9907.0,5
2285100,Caesar,Caesar,VOLCANIC_ROCK,SEASHELLS,9908.0,10
2289500,Caesar,Pablo,VOLCANIC_ROCK,SEASHELLS,9916.0,3
2291000,Caesar,Caesar,VOLCANIC_ROCK,SEASHELLS,9914.0,10
2292900,Caesar,Caesar,VOLCANIC_ROCK,SEASHELLS,9917.0,6
2293300,Caesar,Caesar,VOLCANIC_ROCK,SEASHELLS,9914.0,10
2293400,Caesar,Caesar,VOLCANIC_ROCK,SEASHELLS,9912.0,5
2294500,Caesar,Caesar,VOLCANIC_ROCK,SEASHELLS,9913.0,9
2294600,Pablo,Caesar,VOLCANIC_ROCK,SEASHELLS,9915.0,3
2294600,Caesar,Caesar,VOLCANIC_ROCK,SEASHELLS,9915.0,6
2298100,Caesar,Caesar,VOLCANIC_ROCK,SEASHELLS,9901.0,9
2300400,Caesar,Caesar,VOLCANIC_ROCK,SEASHELLS,9901.0,10
2302800,Caesar,Caesar,VOLCANIC_ROCK,SEASHELLS,9908.0,10
2304900,Peter,Caesar,VOLCANIC_ROCK,SEASHELLS,9903.0,10
2305000,Caesar,Caesar,VOLCANIC_ROCK,SEASHELLS,9902.0,7
2306600,Caesar,Caesar,VOLCANIC_ROCK,SEASHELLS,9910.0,9
2309600,Pablo,Caesar,VOLCANIC_ROCK,SEASHELLS,9902.0,3
2311000,Caesar,Caesar,VOLCANIC_ROCK,SEASHELLS,9902.0,7
2312600,Caesar,Peter,VOLCANIC_ROCK,SEASHELLS,9887.0,7
2313700,Peter,Caesar,VOLCANIC_ROCK,SEASHELLS,9898.0,5
2314200,Caesar,Pablo,VOLCANIC_ROCK,SEASHELLS,9901.0,3
2315300,Caesar,Peter,VOLCANIC_ROCK,SEASHELLS,9902.0,6
2316900,Caesar,Caesar,VOLCANIC_ROCK,SEASHELLS,9898.0,7
2317800,Caesar,Caesar,VOLCANIC_ROCK,SEASHELLS,9900.0,5
2318100,Peter,Caesar,VOLCANIC_ROCK,SEASHELLS,9901.0,10
2318500,Pablo,Caesar,VOLCANIC_ROCK,SEASHELLS,9899.0,2
2320200,Caesar,Caesar,VOLCANIC_ROCK,SEASHELLS,9892.0,9
2324400,Caesar,Caesar,VOLCANIC_ROCK,SEASHELLS,9910.0,10
2324500,Peter,Caesar,VOLCANIC_ROCK,SEASHELLS,9906.0,7
2328900,Caesar,Caesar,VOLCANIC_ROCK,SEASHELLS,9909.0,10
2331300,Caesar,Caesar,VOLCANIC_ROCK,SEASHELLS,9910.0,6
2331400,Caesar,Caesar,VOLCANIC_ROCK,SEASHELLS,9909.0,10
2333500,Peter,Caesar,VOLCANIC_ROCK,SEASHELLS,9897.0,10
2337600,Caesar,Caesar,VOLCANIC_ROCK,SEASHELLS,9902.0,6
2338600,Caesar,Pablo,VOLCANIC_ROCK,SEASHELLS,9906.0,3
2340600,Caesar,Caesar,VOLCANIC_ROCK,SEASHELLS,9902.0,9
2341200,Caesar,Caesar,VOLCANIC_ROCK,SEASHELLS,9890.0,6
2341700,Caesar,Caesar,VOLCANIC_ROCK,SEASHELLS,9896.0,8
2343600,Caesar,Caesar,VOLCANIC_ROCK,SEASHELLS,9888.0,7
2345000,Caesar,Caesar,VOLCANIC_ROCK,SEASHELLS,9883.0,7
2350400,Caesar,Caesar,VOLCANIC_ROCK,SEASHELLS,9893.0,7
2357600,Caesar,Caesar,VOLCANIC_ROCK,SEASHELLS,9887.0,6
2357900,Caesar,Caesar,VOLCANIC_ROCK,SEASHELLS,9884.0,7
2358400,Caesar,Caesar,VOLCANIC_ROCK,SEASHELLS,9888.0,8
2358500,Caesar,Caesar,VOLCANIC_ROCK,SEASHELLS,9886.0,6
2359600,Caesar,Caesar,VOLCANIC_ROCK,SEASHELLS,9886.0,5
2359800,Caesar,Caesar,VOLCANIC_ROCK,SEASHELLS,9889.0,6
2361600,Caesar,Caesar,VOLCANIC_ROCK,SEASHELLS,9889.0,9
2364800,Caesar,Caesar,VOLCANIC_ROCK,SEASHELLS,9886.0,8
2366100,Caesar,Caesar,VOLCANIC_ROCK,SEASHELLS,9892.0,6
2367800,Caesar,Pablo,VOLCANIC_ROCK,SEASHELLS,9890.0,3
2368400,Caesar,Caesar,VOLCANIC_ROCK,SEASHELLS,9896.0,8
2369900,Caesar,Caesar,VOLCANIC_ROCK,SEASHELLS,9888.0,5
2374200,Peter,Caesar,VOLCANIC_ROCK,SEASHELLS,9894.0,6
2375200,Pablo,Caesar,VOLCANIC_ROCK,SEASHELLS,9900.0,2
2379100,Caesar,Caesar,VOLCANIC_ROCK,SEASHELLS,9904.0,7
2379900,Pablo,Caesar,VOLCANIC_ROCK,SEASHELLS,9903.0,2
2380700,Caesar,Caesar,VOLCANIC_ROCK,SEASHELLS,9904.0,10
2381000,Caesar,Pablo,VOLCANIC_ROCK,SEASHELLS,9906.0,2
2385700,Caesar,Caesar,VOLCANIC_ROCK,SEASHELLS,9938.0,8
2386500,Caesar,Pablo,VOLCANIC_ROCK,SEASHELLS,9949.0,1
2386600,Pablo,Caesar,VOLCANIC_ROCK,SEASHELLS,9952.0,3
2389200,Pablo,Caesar,VOLCANIC_ROCK,SEASHELLS,9952.0,2
2392700,Caesar,Caesar,VOLCANIC_ROCK,SEASHELLS,9953.0,8
2393200,Caesar,Caesar,VOLCANIC_ROCK,SEASHELLS,9949.0,10
2393900,Caesar,Caesar,VOLCANIC_ROCK,SEASHELLS,9949.0,6
2394000,Caesar,Caesar,VOLCANIC_ROCK,SEASHELLS,9952.0,10
2394400,Pablo,Caesar,VOLCANIC_ROCK,SEASHELLS,9954.0,1
2396200,Caesar,Caesar,VOLCANIC_ROCK,SEASHELLS,9936.0,6
2397400,Caesar,Caesar,VOLCANIC_ROCK,SEASHELLS,9927.0,10
2398300,Caesar,Peter,VOLCANIC_ROCK,SEASHELLS,9930.0,5
2399200,Caesar,Caesar,VOLCANIC_ROCK,SEASHELLS,9928.0,8
2400400,Caesar,Caesar,VOLCANIC_ROCK,SEASHELLS,9922.0,10
2402400,Caesar,Caesar,VOLCANIC_ROCK,SEASHELLS,9908.0,5
2404900,Caesar,Caesar,VOLCANIC_ROCK,SEASHELLS,9903.0,9
2408200,Caesar,Caesar,VOLCANIC_ROCK,SEASHELLS,9907.0,9
2410000,Caesar,Caesar,VOLCANIC_ROCK,SEASHELLS,9909.0,10
2410400,Caesar,Pablo,VOLCANIC_ROCK,SEASHELLS,9904.0,1
2410900,Caesar,Caesar,VOLCANIC_ROCK,SEASHELLS,9892.0,5
2412100,Caesar,Pablo,VOLCANIC_ROCK,SEASHELLS,9886.0,2
2412700,Caesar,Caesar,VOLCANIC_ROCK,SEASHELLS,9886.0,5
2412900,Caesar,Caesar,VOLCANIC_ROCK,SEASHELLS,9888.0,8
2413800,Peter,Caesar,VOLCANIC_ROCK,SEASHELLS,9894.0,7
2414100,Caesar,Caesar,VOLCANIC_ROCK,SEASHELLS,9897.0,5
2414300,Caesar,Caesar,VOLCANIC_ROCK,SEASHELLS,9897.0,10
2415000,Caesar,Caesar,VOLCANIC_ROCK,SEASHELLS,9899.0,7
2416000,Caesar,Caesar,VOLCANIC_ROCK,SEASHELLS,9901.0,6
2417000,Caesar,Caesar,VOLCANIC_ROCK,SEASHELLS,9898.0,5
2417900,Caesar,Caesar,VOLCANIC_ROCK,SEASHELLS,9899.0,5
2420300,Caesar,Caesar,VOLCANIC_ROCK,SEASHELLS,9897.0,5
2422300,Caesar,Caesar,VOLCANIC_ROCK,SEASHELLS,9904.0,8
2424000,Caesar,Caesar,VOLCANIC_ROCK,SEASHELLS,9909.0,6
2424800,Caesar,Peter,VOLCANIC_ROCK,SEASHELLS,9916.0,6
2425100,Caesar,Caesar,VOLCANIC_ROCK,SEASHELLS,9913.0,10
2425900,Caesar,Caesar,VOLCANIC_ROCK,SEASHELLS,9914.0,6
2432100,Caesar,Peter,VOLCANIC_ROCK,SEASHELLS,9906.0,6
2435600,Caesar,Caesar,VOLCANIC_ROCK,SEASHELLS,9904.0,7
2435800,Caesar,Caesar,VOLCANIC_ROCK,SEASHELLS,9904.0,10
2437200,Caesar,Pablo,VOLCANIC_ROCK,SEASHELLS,9899.0,2
2437500,Caesar,Caesar,VOLCANIC_ROCK,SEASHELLS,9901.0,5
2438200,Caesar,Caesar,VOLCANIC_ROCK,SEASHELLS,9898.0,8
2438800,Caesar,Caesar,VOLCANIC_ROCK,SEASHELLS,9894.0,6
2438900,Caesar,Caesar,VOLCANIC_ROCK,SEASHELLS,9896.0,5
2440200,Caesar,Caesar,VOLCANIC_ROCK,SEASHELLS,9901.0,7
2442600,Caesar,Pablo,VOLCANIC_ROCK,SEASHELLS,9908.0,1
2443300,Caesar,Caesar,VOLCANIC_ROCK,SEASHELLS,9911.0,8
2444400,Caesar,Caesar,VOLCANIC_ROCK,SEASHELLS,9905.0,6
2445800,Caesar,Pablo,VOLCANIC_ROCK,SEASHELLS,9904.0,3
2449100,Caesar,Peter,VOLCANIC_ROCK,SEASHELLS,9903.0,6
2454100,Peter,Caesar,VOLCANIC_ROCK,SEASHELLS,9912.0,9
2454500,Caesar,Caesar,VOLCANIC_ROCK,SEASHELLS,9911.0,8
2457600,Caesar,Caesar,VOLCANIC_ROCK,SEASHELLS,9923.0,9
2457700,Caesar,Pablo,VOLCANIC_ROCK,SEASHELLS,9923.0,3
2459000,Caesar,Caesar,VOLCANIC_ROCK,SEASHELLS,9926.0,6
2460800,Caesar,Caesar,VOLCANIC_ROCK,SEASHELLS,9925.0,6
2464600,Caesar,Caesar,VOLCANIC_ROCK,SEASHELLS,9918.0,7
2465500,Pablo,Caesar,VOLCANIC_ROCK,SEASHELLS,9924.0,3
2465700,Caesar,Caesar,VOLCANIC_ROCK,SEASHELLS,9922.0,5
2467300,Caesar,Peter,VOLCANIC_ROCK,SEASHELLS,9918.0,7
2468400,Caesar,Pablo,VOLCANIC_ROCK,SEASHELLS,9917.0,3
2468600,Caesar,Peter,VOLCANIC_ROCK,SEASHELLS,9917.0,10
2469200,Caesar,Pablo,VOLCANIC_ROCK,SEASHELLS,9919.0,1
2470800,Pablo,Caesar,VOLCANIC_ROCK,SEASHELLS,9926.0,2
2472000,Caesar,Peter,VOLCANIC_ROCK,SEASHELLS,9919.0,10
2472700,Caesar,Caesar,VOLCANIC_ROCK,SEASHELLS,9921.0,7
2473800,Peter,Caesar,VOLCANIC_ROCK,SEASHELLS,9924.0,8
2475700,Caesar,Caesar,VOLCANIC_ROCK,SEASHELLS,9916.0,6
2480500,Caesar,Caesar,VOLCANIC_ROCK,SEASHELLS,9934.0,8
2481600,Caesar,Caesar,VOLCANIC_ROCK,SEASHELLS,9927.0,9
2486000,Caesar,Caesar,VOLCANIC_ROCK,SEASHELLS,9929.0,5
2488400,Caesar,Caesar,VOLCANIC_ROCK,SEASHELLS,9930.0,9
2491100,Caesar,Caesar,VOLCANIC_ROCK,SEASHELLS,9918.0,10
2494100,Caesar,Caesar,VOLCANIC_ROCK,SEASHELLS,9923.0,8
2494900,Caesar,Pablo,VOLCANIC_ROCK,SEASHELLS,9923.0,3
2495500,Caesar,Caesar,VOLCANIC_ROCK,SEASHELLS,9931.0,9
2496100,Peter,Caesar,VOLCANIC_ROCK,SEASHELLS,9941.0,5
2499000,Caesar,Pablo,VOLCANIC_ROCK,SEASHELLS,9943.0,3
2499100,Caesar,Caesar,VOLCANIC_ROCK,SEASHELLS,9946.0,5
2499600,Caesar,Caesar,VOLCANIC_ROCK,SEASHELLS,9958.0,10
2501500,Caesar,Caesar,VOLCANIC_ROCK,SEASHELLS,9954.0,8
2501800,Caesar,Caesar,VOLCANIC_ROCK,SEASHELLS,9951.0,9
2502100,Pablo,Caesar,VOLCANIC_ROCK,SEASHELLS,9952.0,3
2502500,Caesar,Peter,VOLCANIC_ROCK,SEASHELLS,9943.0,10
2503200,Caesar,Caesar,VOLCANIC_ROCK,SEASHELLS,9946.0,10
2503500,Caesar,Peter,VOLCANIC_ROCK,SEASHELLS,9948.0,6
2506700,Caesar,Caesar,VOLCANIC_ROCK,SEASHELLS,9934.0,10
2508000,Caesar,Caesar,VOLCANIC_ROCK,SEASHELLS,9930.0,6
2511300,Peter,Caesar,VOLCANIC_ROCK,SEASHELLS,9935.0,6
2511400,Pablo,Caesar,VOLCANIC_ROCK,SEASHELLS,9935.0,1
2511900,Caesar,Pablo,VOLCANIC_ROCK,SEASHELLS,9938.0,2
2513800,Caesar,Peter,VOLCANIC_ROCK,SEASHELLS,9942.0,7
2514100,Caesar,Caesar,VOLCANIC_ROCK,SEASHELLS,9942.0,7
2516300,Caesar,Peter,VOLCANIC_ROCK,SEASHELLS,9941.0,5
2516600,Caesar,Pablo,VOLCANIC_ROCK,SEASHELLS,9942.0,3
2517800,Caesar,Peter,VOLCANIC_ROCK,SEASHELLS,9952.0,6
2520600,Pablo,Caesar,VOLCANIC_ROCK,SEASHELLS,9959.0,1
2520700,Caesar,Caesar,VOLCANIC_ROCK,SEASHELLS,9959.0,6
2521500,Caesar,Caesar,VOLCANIC_ROCK,SEASHELLS,9956.0,8
2522800,Caesar,Caesar,VOLCANIC_ROCK,SEASHELLS,9952.0,7
2526200,Caesar,Caesar,VOLCANIC_ROCK,SEASHELLS,9991.0,5
2526300,Caesar,Caesar,VOLCANIC_ROCK,SEASHELLS,9994.0,5
2529300,Caesar,Pablo,VOLCANIC_ROCK,SEASHELLS,9984.0,1
2530700,Caesar,Peter,VOLCANIC_ROCK,SEASHELLS,9994.0,8
2531400,Caesar,Caesar,VOLCANIC_ROCK,SEASHELLS,9998.0,7
2532800,Caesar,Caesar,VOLCANIC_ROCK,SEASHELLS,9999.0,6
2534500,Caesar,Caesar,VOLCANIC_ROCK,SEASHELLS,9982.0,8
2535900,Caesar,Caesar,VOLCANIC_ROCK,SEASHELLS,9983.0,8
2536200,Peter,Caesar,VOLCANIC_ROCK,SEASHELLS,9986.0,10
2537300,Caesar,Caesar,VOLCANIC_ROCK,SEASHELLS,9985.0,5
2538200,Caesar,Caesar,VOLCANIC_ROCK,SEASHELLS,9988.0,8
2539200,Caesar,Caesar,VOLCANIC_ROCK,SEASHELLS,9981.0,7
2543000,Caesar,Caesar,VOLCANIC_ROCK,SEASHELLS,9973.0,5
2546000,Peter,Caesar,VOLCANIC_ROCK,SEASHELLS,9976.0,10
2546200,Caesar,Caesar,VOLCANIC_ROCK,SEASHELLS,9975.0,8
2549700,Caesar,Caesar,VOLCANIC_ROCK,SEASHELLS,9979.0,8
2552400,Caesar,Caesar,VOLCANIC_ROCK,SEASHELLS,9971.0,6
2553400,Caesar,Caesar,VOLCANIC_ROCK,SEASHELLS,9973.0,10
2553800,Caesar,Peter,VOLCANIC_ROCK,SEASHELLS,9971.0,6
2559600,Caesar,Caesar,VOLCANIC_ROCK,SEASHELLS,9973.0,7
2560000,Caesar,Pablo,VOLCANIC_ROCK,SEASHELLS,9974.0,3
2560400,Caesar,Caesar,VOLCANIC_ROCK,SEASHELLS,9979.0,8
2560700,Caesar,Peter,VOLCANIC_ROCK,SEASHELLS,9977.0,5
2561000,Caesar,Pablo,VOLCANIC_ROCK,SEASHELLS,9976.0,1
2561400,Caesar,Caesar,VOLCANIC_ROCK,SEASHELLS,9979.0,8
2563200,Caesar,Pablo,VOLCANIC_ROCK,SEASHELLS,9965.0,3
2564000,Caesar,Caesar,VOLCANIC_ROCK,SEASHELLS,9968.0,7
2568000,Caesar,Caesar,VOLCANIC_ROCK,SEASHELLS,9982.0,7
2568500,Pablo,Caesar,VOLCANIC_ROCK,SEASHELLS,9986.0,2
2569300,Peter,Caesar,VOLCANIC_ROCK,SEASHELLS,9986.0,6
2572500,Caesar,Caesar,VOLCANIC_ROCK,SEASHELLS,9976.0,5
2576500,Caesar,Caesar,VOLCANIC_ROCK,SEASHELLS,9989.0,5
2579300,Caesar,Caesar,VOLCANIC_ROCK,SEASHELLS,9967.0,5
2581200,Caesar,Caesar,VOLCANIC_ROCK,SEASHELLS,9970.0,10
2583200,Caesar,Caesar,VOLCANIC_ROCK,SEASHELLS,9982.0,10
2583900,Caesar,Caesar,VOLCANIC_ROCK,SEASHELLS,9985.0,8
2584000,Caesar,Caesar,VOLCANIC_ROCK,SEASHELLS,9987.0,6
2589700,Caesar,Caesar,VOLCANIC_ROCK,SEASHELLS,10005.0,10
2589900,Caesar,Caesar,VOLCANIC_ROCK,SEASHELLS,10008.0,7
2591600,Peter,Caesar,VOLCANIC_ROCK,SEASHELLS,10011.0,7
2592800,Caesar,Caesar,VOLCANIC_ROCK,SEASHELLS,10004.0,5
2592900,Caesar,Caesar,VOLCANIC_ROCK,SEASHELLS,10007.0,8
2597800,Caesar,Pablo,VOLCANIC_ROCK,SEASHELLS,10024.0,2
2598100,Caesar,Caesar,VOLCANIC_ROCK,SEASHELLS,10020.0,10
2598800,Pablo,Caesar,VOLCANIC_ROCK,SEASHELLS,10016.0,1
2602400,Caesar,Peter,VOLCANIC_ROCK,SEASHELLS,10011.0,9
2602500,Caesar,Caesar,VOLCANIC_ROCK,SEASHELLS,10012.0,9
2602700,Caesar,Pablo,VOLCANIC_ROCK,SEASHELLS,10015.0,2
2605500,Caesar,Caesar,VOLCANIC_ROCK,SEASHELLS,10019.0,7
2606300,Caesar,Pablo,VOLCANIC_ROCK,SEASHELLS,10007.0,3
2606700,Caesar,Caesar,VOLCANIC_ROCK,SEASHELLS,10007.0,5
2608600,Pablo,Caesar,VOLCANIC_ROCK,SEASHELLS,10017.0,3
2614700,Caesar,Caesar,VOLCANIC_ROCK,SEASHELLS,10037.0,5
2617200,Caesar,Caesar,VOLCANIC_ROCK,SEASHELLS,10043.0,8
2618200,Caesar,Caesar,VOLCANIC_ROCK,SEASHELLS,10037.0,9
2621900,Caesar,Caesar,VOLCANIC_ROCK,SEASHELLS,10019.0,9
2623300,Caesar,Peter,VOLCANIC_ROCK,SEASHELLS,10027.0,5
2624400,Caesar,Pablo,VOLCANIC_ROCK,SEASHELLS,10033.0,1
2625700,Caesar,Pablo,VOLCANIC_ROCK,SEASHELLS,10030.0,3
2628300,Peter,Caesar,VOLCANIC_ROCK,SEASHELLS,10016.0,6
2628700,Caesar,Caesar,VOLCANIC_ROCK,SEASHELLS,10013.0,6
2629200,Caesar,Caesar,VOLCANIC_ROCK,SEASHELLS,10012.0,5
2630900,Caesar,Caesar,VOLCANIC_ROCK,SEASHELLS,10021.0,7
2632500,Caesar,Caesar,VOLCANIC_ROCK,SEASHELLS,10011.0,7
2634300,Caesar,Peter,VOLCANIC_ROCK,SEASHELLS,10010.0,9
2634500,Peter,Caesar,VOLCANIC_ROCK,SEASHELLS,10016.0,7
2636700,Caesar,Caesar,VOLCANIC_ROCK,SEASHELLS,10019.0,5
2640300,Caesar,Pablo,VOLCANIC_ROCK,SEASHELLS,9991.0,1
2640600,Peter,Caesar,VOLCANIC_ROCK,SEASHELLS,9992.0,10
2641200,Caesar,Caesar,VOLCANIC_ROCK,SEASHELLS,9980.0,5
2645200,Caesar,Caesar,VOLCANIC_ROCK,SEASHELLS,9992.0,7
2647200,Caesar,Caesar,VOLCANIC_ROCK,SEASHELLS,9977.0,10
2647400,Caesar,Pablo,VOLCANIC_ROCK,SEASHELLS,9981.0,3
2647400,Peter,Caesar,VOLCANIC_ROCK,SEASHELLS,9983.0,6
2647800,Caesar,Caesar,VOLCANIC_ROCK,SEASHELLS,9985.0,10
2648100,Caesar,Caesar,VOLCANIC_ROCK,SEASHELLS,9984.0,10
2648600,Caesar,Caesar,VOLCANIC_ROCK,SEASHELLS,9981.0,9
2650000,Caesar,Caesar,VOLCANIC_ROCK,SEASHELLS,9986.0,10
2651200,Peter,Caesar,VOLCANIC_ROCK,SEASHELLS,9987.0,6
2652100,Peter,Caesar,VOLCANIC_ROCK,SEASHELLS,9986.0,10
2653700,Caesar,Caesar,VOLCANIC_ROCK,SEASHELLS,9980.0,5
2654600,Peter,Caesar,VOLCANIC_ROCK,SEASHELLS,9987.0,10
2663600,Caesar,Caesar,VOLCANIC_ROCK,SEASHELLS,9978.0,6
2664900,Caesar,Caesar,VOLCANIC_ROCK,SEASHELLS,9938.0,5
2666000,Caesar,Caesar,VOLCANIC_ROCK,SEASHELLS,9943.0,9
2668900,Caesar,Caesar,VOLCANIC_ROCK,SEASHELLS,9945.0,6
2669400,Caesar,Caesar,VOLCANIC_ROCK,SEASHELLS,9944.0,9
2669600,Caesar,Peter,VOLCANIC_ROCK,SEASHELLS,9944.0,8
2670800,Caesar,Caesar,VOLCANIC_ROCK,SEASHELLS,9954.0,8
2674000,Caesar,Caesar,VOLCANIC_ROCK,SEASHELLS,9935.0,8
2674700,Caesar,Caesar,VOLCANIC_ROCK,SEASHELLS,9945.0,7
2676500,Caesar,Caesar,VOLCANIC_ROCK,SEASHELLS,9938.0,6
2677400,Caesar,Peter,VOLCANIC_ROCK,SEASHELLS,9939.0,9
2678800,Peter,Caesar,VOLCANIC_ROCK,SEASHELLS,9937.0,8
2679400,Caesar,Caesar,VOLCANIC_ROCK,SEASHELLS,9937.0,7
2679600,Caesar,Caesar,VOLCANIC_ROCK,SEASHELLS,9934.0,8
2688200,Caesar,Peter,VOLCANIC_ROCK,SEASHELLS,9945.0,9
2689000,Caesar,Peter,VOLCANIC_ROCK,SEASHELLS,9950.0,6
2689000,Caesar,Peter,VOLCANIC_ROCK,SEASHELLS,9950.0,1
2689200,Peter,Caesar,VOLCANIC_ROCK,SEASHELLS,9953.0,8
2689600,Caesar,Caesar,VOLCANIC_ROCK,SEASHELLS,9951.0,6
2693500,Caesar,Caesar,VOLCANIC_ROCK,SEASHELLS,9943.0,10
2694000,Caesar,Caesar,VOLCANIC_ROCK,SEASHELLS,9943.0,10
2698800,Caesar,Caesar,VOLCANIC_ROCK,SEASHELLS,9905.0,9
2702000,Caesar,Caesar,VOLCANIC_ROCK,SEASHELLS,9921.0,9
2702400,Caesar,Caesar,VOLCANIC_ROCK,SEASHELLS,9918.0,5
2703900,Pablo,Caesar,VOLCANIC_ROCK,SEASHELLS,9927.0,3
2705500,Caesar,Caesar,VOLCANIC_ROCK,SEASHELLS,9938.0,8
2706300,Caesar,Caesar,VOLCANIC_ROCK,SEASHELLS,9935.0,10
2708500,Caesar,Caesar,VOLCANIC_ROCK,SEASHELLS,9950.0,7
2710400,Caesar,Pablo,VOLCANIC_ROCK,SEASHELLS,9942.0,1
2710500,Pablo,Caesar,VOLCANIC_ROCK,SEASHELLS,9944.0,1
2711800,Caesar,Caesar,VOLCANIC_ROCK,SEASHELLS,9945.0,6
2712700,Caesar,Caesar,VOLCANIC_ROCK,SEASHELLS,9942.0,9
2716900,Caesar,Caesar,VOLCANIC_ROCK,SEASHELLS,9965.0,5
2718000,Caesar,Caesar,VOLCANIC_ROCK,SEASHELLS,9972.0,6
2719600,Pablo,Caesar,VOLCANIC_ROCK,SEASHELLS,9965.0,1
2719900,Caesar,Caesar,VOLCANIC_ROCK,SEASHELLS,9968.0,7
2720700,Caesar,Caesar,VOLCANIC_ROCK,SEASHELLS,9977.0,6
2722100,Pablo,Caesar,VOLCANIC_ROCK,SEASHELLS,9977.0,3
2723700,Caesar,Caesar,VOLCANIC_ROCK,SEASHELLS,9984.0,10
2725500,Caesar,Pablo,VOLCANIC_ROCK,SEASHELLS,10006.0,3
2728900,Peter,Caesar,VOLCANIC_ROCK,SEASHELLS,10013.0,7
2733700,Caesar,Caesar,VOLCANIC_ROCK,SEASHELLS,10000.0,9
2734200,Caesar,Caesar,VOLCANIC_ROCK,SEASHELLS,9998.0,9
2736200,Peter,Caesar,VOLCANIC_ROCK,SEASHELLS,9990.0,5
2738000,Pablo,Caesar,VOLCANIC_ROCK,SEASHELLS,9975.0,2
2739000,Caesar,Caesar,VOLCANIC_ROCK,SEASHELLS,9987.0,9
2743700,Pablo,Caesar,VOLCANIC_ROCK,SEASHELLS,10007.0,3
2746700,Caesar,Pablo,VOLCANIC_ROCK,SEASHELLS,10012.0,1
2751700,Peter,Caesar,VOLCANIC_ROCK,SEASHELLS,10037.0,10
2752000,Caesar,Caesar,VOLCANIC_ROCK,SEASHELLS,10036.0,10
2752700,Caesar,Caesar,VOLCANIC_ROCK,SEASHELLS,10038.0,8
2753900,Caesar,Caesar,VOLCANIC_ROCK,SEASHELLS,10033.0,5
2754000,Caesar,Caesar,VOLCANIC_ROCK,SEASHELLS,10033.0,7
2756800,Pablo,Caesar,VOLCANIC_ROCK,SEASHELLS,10027.0,1
2757100,Caesar,Pablo,VOLCANIC_ROCK,SEASHELLS,10025.0,2
2758300,Pablo,Caesar,VOLCANIC_ROCK,SEASHELLS,10027.0,2
2760400,Caesar,Caesar,VOLCANIC_ROCK,SEASHELLS,10028.0,9
2760700,Pablo,Caesar,VOLCANIC_ROCK,SEASHELLS,10030.0,3
2762500,Pablo,Caesar,VOLCANIC_ROCK,SEASHELLS,10023.0,3
2763700,Caesar,Caesar,VOLCANIC_ROCK,SEASHELLS,10027.0,10
2776100,Caesar,Peter,VOLCANIC_ROCK,SEASHELLS,10005.0,8
