timestamp,buyer,seller,symbol,currency,price,quantity
3500,Camilla,Caesar,VOLCANIC_ROCK_VOUCHER_10000,SEASHELLS,234.0,14
3500,Caesar,Caesar,VOLCANIC_ROCK_VOUCHER_10000,SEASHELLS,234.0,2
4200,Camilla,Pablo,VOLCANIC_ROCK_VOUCHER_10000,SEASHELLS,227.0,7
4800,Penelope,Camilla,VOLCANIC_ROCK_VOUCHER_10000,SEASHELLS,232.0,15
7000,Penelope,Camilla,VOLCANIC_ROCK_VOUCHER_10000,SEASHELLS,241.0,15
7600,Camilla,Caesar,VOLCANIC_ROCK_VOUCHER_10000,SEASHELLS,238.0,13
9400,Camilla,Pablo,VOLCANIC_ROCK_VOUCHER_10000,SEASHELLS,234.0,10
12500,Camilla,Caesar,VOLCANIC_ROCK_VOUCHER_10000,SEASHELLS,215.0,18
15000,Camilla,Caesar,VOLCANIC_ROCK_VOUCHER_10000,SEASHELLS,212.0,17
17300,Camilla,Pablo,VOLCANIC_ROCK_VOUCHER_10000,SEASHELLS,215.0,9
17900,Camilla,Pablo,VOLCANIC_ROCK_VOUCHER_10000,SEASHELLS,216.0,14
19400,Camilla,Caesar,VOLCANIC_ROCK_VOUCHER_10000,SEASHELLS,219.0,17
21000,Camilla,Caesar,VOLCANIC_ROCK_VOUCHER_10000,SEASHELLS,217.0,12
21300,Camilla,Caesar,VOLCANIC_ROCK_VOUCHER_10000,SEASHELLS,221.0,14
21400,Camilla,Penelope,VOLCANIC_ROCK_VOUCHER_10000,SEASHELLS,218.0,17
22800,Camilla,Caesar,VOLCANIC_ROCK_VOUCHER_10000,SEASHELLS,222.0,17
22800,Caesar,Caesar,VOLCANIC_ROCK_VOUCHER_10000,SEASHELLS,222.0,1
24100,Camilla,Caesar,VOLCANIC_ROCK_VOUCHER_10000,SEASHELLS,217.0,15
26400,Camilla,Caesar,VOLCANIC_ROCK_VOUCHER_10000,SEASHELLS,214.0,10
27100,Camilla,Caesar,VOLCANIC_ROCK_VOUCHER_10000,SEASHELLS,218.0,11
27800,Camilla,Caesar,VOLCANIC_ROCK_VOUCHER_10000,SEASHELLS,216.0,15
29500,Camilla,Caesar,VOLCANIC_ROCK_VOUCHER_10000,SEASHELLS,205.0,11
30700,Penelope,Camilla,VOLCANIC_ROCK_VOUCHER_10000,SEASHELLS,202.0,12
31200,Camilla,Penelope,VOLCANIC_ROCK_VOUCHER_10000,SEASHELLS,199.0,11
31800,Camilla,Caesar,VOLCANIC_ROCK_VOUCHER_10000,SEASHELLS,200.0,16
31800,Caesar,Caesar,VOLCANIC_ROCK_VOUCHER_10000,SEASHELLS,200.0,1
32600,Penelope,Camilla,VOLCANIC_ROCK_VOUCHER_10000,SEASHELLS,202.0,17
34800,Camilla,Caesar,VOLCANIC_ROCK_VOUCHER_10000,SEASHELLS,208.0,10
35600,Camilla,Caesar,VOLCANIC_ROCK_VOUCHER_10000,SEASHELLS,209.0,14
36800,Camilla,Pablo,VOLCANIC_ROCK_VOUCHER_10000,SEASHELLS,210.0,12
36800,Caesar,Pablo,VOLCANIC_ROCK_VOUCHER_10000,SEASHELLS,210.0,2
38100,Camilla,Caesar,VOLCANIC_ROCK_VOUCHER_10000,SEASHELLS,213.0,13
40300,Camilla,Penelope,VOLCANIC_ROCK_VOUCHER_10000,SEASHELLS,213.0,10
41200,Camilla,Caesar,VOLCANIC_ROCK_VOUCHER_10000,SEASHELLS,211.0,11
43600,Camilla,Caesar,VOLCANIC_ROCK_VOUCHER_10000,SEASHELLS,201.0,12
45300,Camilla,Pablo,VOLCANIC_ROCK_VOUCHER_10000,SEASHELLS,205.0,12
45700,Camilla,Caesar,VOLCANIC_ROCK_VOUCHER_10000,SEASHELLS,204.0,14
46100,Camilla,Pablo,VOLCANIC_ROCK_VOUCHER_10000,SEASHELLS,206.0,10
47600,Camilla,Caesar,VOLCANIC_ROCK_VOUCHER_10000,SEASHELLS,200.0,12
48300,Camilla,Pablo,VOLCANIC_ROCK_VOUCHER_10000,SEASHELLS,198.0,10
48300,Caesar,Pablo,VOLCANIC_ROCK_VOUCHER_10000,SEASHELLS,198.0,2
49100,Penelope,Camilla,VOLCANIC_ROCK_VOUCHER_10000,SEASHELLS,195.0,11
50100,Camilla,Caesar,VOLCANIC_ROCK_VOUCHER_10000,SEASHELLS,191.0,12
50100,Caesar,Caesar,VOLCANIC_ROCK_VOUCHER_10000,SEASHELLS,191.0,2
50700,Camilla,Caesar,VOLCANIC_ROCK_VOUCHER_10000,SEASHELLS,190.0,11
52700,Camilla,Pablo,VOLCANIC_ROCK_VOUCHER_10000,SEASHELLS,185.0,10
52700,Caesar,Pablo,VOLCANIC_ROCK_VOUCHER_10000,SEASHELLS,185.0,2
53400,Camilla,Pablo,VOLCANIC_ROCK_VOUCHER_10000,SEASHELLS,185.0,11
56500,Camilla,Caesar,VOLCANIC_ROCK_VOUCHER_10000,SEASHELLS,181.0,15
56500,Caesar,Caesar,VOLCANIC_ROCK_VOUCHER_10000,SEASHELLS,181.0,2
56600,Camilla,Caesar,VOLCANIC_ROCK_VOUCHER_10000,SEASHELLS,180.0,16
57000,Camilla,Caesar,VOLCANIC_ROCK_VOUCHER_10000,SEASHELLS,184.0,19
57000,Caesar,Caesar,VOLCANIC_ROCK_VOUCHER_10000,SEASHELLS,184.0,1
57100,Camilla,Penelope,VOLCANIC_ROCK_VOUCHER_10000,SEASHELLS,182.0,16
58200,Camilla,Caesar,VOLCANIC_ROCK_VOUCHER_10000,SEASHELLS,177.0,19
58700,Camilla,Caesar,VOLCANIC_ROCK_VOUCHER_10000,SEASHELLS,177.0,10
63600,Camilla,Penelope,VOLCANIC_ROCK_VOUCHER_10000,SEASHELLS,202.0,12
63600,Caesar,Penelope,VOLCANIC_ROCK_VOUCHER_10000,SEASHELLS,202.0,1
66300,Camilla,Caesar,VOLCANIC_ROCK_VOUCHER_10000,SEASHELLS,205.0,13
67200,Camilla,Caesar,VOLCANIC_ROCK_VOUCHER_10000,SEASHELLS,201.0,11
67200,Caesar,Caesar,VOLCANIC_ROCK_VOUCHER_10000,SEASHELLS,201.0,1
69300,Camilla,Pablo,VOLCANIC_ROCK_VOUCHER_10000,SEASHELLS,209.0,15
69600,Camilla,Caesar,VOLCANIC_ROCK_VOUCHER_10000,SEASHELLS,206.0,20
71700,Camilla,Caesar,VOLCANIC_ROCK_VOUCHER_10000,SEASHELLS,206.0,11
71700,Caesar,Caesar,VOLCANIC_ROCK_VOUCHER_10000,SEASHELLS,206.0,1
73000,Camilla,Caesar,VOLCANIC_ROCK_VOUCHER_10000,SEASHELLS,202.0,12
74900,Camilla,Caesar,VOLCANIC_ROCK_VOUCHER_10000,SEASHELLS,199.0,14
76000,Camilla,Caesar,VOLCANIC_ROCK_VOUCHER_10000,SEASHELLS,200.0,16
76000,Caesar,Caesar,VOLCANIC_ROCK_VOUCHER_10000,SEASHELLS,200.0,1
78500,Camilla,Caesar,VOLCANIC_ROCK_VOUCHER_10000,SEASHELLS,198.0,14
80000,Camilla,Pablo,VOLCANIC_ROCK_VOUCHER_10000,SEASHELLS,198.0,15
80200,Camilla,Caesar,VOLCANIC_ROCK_VOUCHER_10000,SEASHELLS,196.0,12
81700,Penelope,Camilla,VOLCANIC_ROCK_VOUCHER_10000,SEASHELLS,201.0,11
81700,Penelope,Caesar,VOLCANIC_ROCK_VOUCHER_10000,SEASHELLS,201.0,1
83800,Camilla,Caesar,VOLCANIC_ROCK_VOUCHER_10000,SEASHELLS,204.0,11
85100,Camilla,Pablo,VOLCANIC_ROCK_VOUCHER_10000,SEASHELLS,199.0,5
85400,Camilla,Pablo,VOLCANIC_ROCK_VOUCHER_10000,SEASHELLS,197.0,9
88700,Camilla,Caesar,VOLCANIC_ROCK_VOUCHER_10000,SEASHELLS,197.0,12
89900,Penelope,Camilla,VOLCANIC_ROCK_VOUCHER_10000,SEASHELLS,205.0,14
90400,Camilla,Pablo,VOLCANIC_ROCK_VOUCHER_10000,SEASHELLS,194.0,10
90700,Penelope,Camilla,VOLCANIC_ROCK_VOUCHER_10000,SEASHELLS,194.0,12
90700,Penelope,Caesar,VOLCANIC_ROCK_VOUCHER_10000,SEASHELLS,194.0,2
92000,Penelope,Camilla,VOLCANIC_ROCK_VOUCHER_10000,SEASHELLS,198.0,15
92400,Camilla,Caesar,VOLCANIC_ROCK_VOUCHER_10000,SEASHELLS,204.0,11
92900,Camilla,Caesar,VOLCANIC_ROCK_VOUCHER_10000,SEASHELLS,204.0,16
94000,Camilla,Caesar,VOLCANIC_ROCK_VOUCHER_10000,SEASHELLS,201.0,15
94000,Caesar,Caesar,VOLCANIC_ROCK_VOUCHER_10000,SEASHELLS,201.0,2
95900,Camilla,Caesar,VOLCANIC_ROCK_VOUCHER_10000,SEASHELLS,195.0,15
101300,Camilla,Caesar,VOLCANIC_ROCK_VOUCHER_10000,SEASHELLS,176.0,17
102000,Camilla,Caesar,VOLCANIC_ROCK_VOUCHER_10000,SEASHELLS,179.0,13
102100,Camilla,Pablo,VOLCANIC_ROCK_VOUCHER_10000,SEASHELLS,174.0,8
102600,Camilla,Caesar,VOLCANIC_ROCK_VOUCHER_10000,SEASHELLS,175.0,19
104000,Camilla,Pablo,VOLCANIC_ROCK_VOUCHER_10000,SEASHELLS,177.0,5
104200,Camilla,Caesar,VOLCANIC_ROCK_VOUCHER_10000,SEASHELLS,176.0,16
104200,Caesar,Caesar,VOLCANIC_ROCK_VOUCHER_10000,SEASHELLS,176.0,2
105900,Camilla,Penelope,VOLCANIC_ROCK_VOUCHER_10000,SEASHELLS,179.0,16
107000,Camilla,Penelope,VOLCANIC_ROCK_VOUCHER_10000,SEASHELLS,172.0,10
108400,Camilla,Caesar,VOLCANIC_ROCK_VOUCHER_10000,SEASHELLS,165.0,16
111000,Camilla,Penelope,VOLCANIC_ROCK_VOUCHER_10000,SEASHELLS,176.0,14
112000,Camilla,Caesar,VOLCANIC_ROCK_VOUCHER_10000,SEASHELLS,181.0,14
112000,Caesar,Caesar,VOLCANIC_ROCK_VOUCHER_10000,SEASHELLS,181.0,2
113600,Camilla,Caesar,VOLCANIC_ROCK_VOUCHER_10000,SEASHELLS,178.0,12
113600,Caesar,Caesar,VOLCANIC_ROCK_VOUCHER_10000,SEASHELLS,178.0,2
113900,Camilla,Pablo,VOLCANIC_ROCK_VOUCHER_10000,SEASHELLS,179.0,7
114500,Camilla,Caesar,VOLCANIC_ROCK_VOUCHER_10000,SEASHELLS,176.0,11
114500,Caesar,Caesar,VOLCANIC_ROCK_VOUCHER_10000,SEASHELLS,176.0,2
116400,Camilla,Caesar,VOLCANIC_ROCK_VOUCHER_10000,SEASHELLS,176.0,19
116400,Caesar,Caesar,VOLCANIC_ROCK_VOUCHER_10000,SEASHELLS,176.0,1
121000,Penelope,Camilla,VOLCANIC_ROCK_VOUCHER_10000,SEASHELLS,174.0,16
121000,Penelope,Caesar,VOLCANIC_ROCK_VOUCHER_10000,SEASHELLS,174.0,2
121700,Camilla,Caesar,VOLCANIC_ROCK_VOUCHER_10000,SEASHELLS,168.0,11
127200,Camilla,Caesar,VOLCANIC_ROCK_VOUCHER_10000,SEASHELLS,179.0,10
128900,Camilla,Caesar,VOLCANIC_ROCK_VOUCHER_10000,SEASHELLS,176.0,12
129100,Camilla,Pablo,VOLCANIC_ROCK_VOUCHER_10000,SEASHELLS,176.0,15
130400,Camilla,Pablo,VOLCANIC_ROCK_VOUCHER_10000,SEASHELLS,176.0,12
130500,Camilla,Pablo,VOLCANIC_ROCK_VOUCHER_10000,SEASHELLS,175.0,13
131900,Camilla,Caesar,VOLCANIC_ROCK_VOUCHER_10000,SEASHELLS,175.0,11
132000,Camilla,Pablo,VOLCANIC_ROCK_VOUCHER_10000,SEASHELLS,174.0,5
133200,Camilla,Caesar,VOLCANIC_ROCK_VOUCHER_10000,SEASHELLS,176.0,13
133200,Caesar,Caesar,VOLCANIC_ROCK_VOUCHER_10000,SEASHELLS,176.0,1
134200,Camilla,Caesar,VOLCANIC_ROCK_VOUCHER_10000,SEASHELLS,189.0,13
134200,Caesar,Caesar,VOLCANIC_ROCK_VOUCHER_10000,SEASHELLS,189.0,2
135000,Camilla,Pablo,VOLCANIC_ROCK_VOUCHER_10000,SEASHELLS,186.0,11
136700,Camilla,Caesar,VOLCANIC_ROCK_VOUCHER_10000,SEASHELLS,180.0,17
139700,Camilla,Caesar,VOLCANIC_ROCK_VOUCHER_10000,SEASHELLS,189.0,12
139700,Caesar,Caesar,VOLCANIC_ROCK_VOUCHER_10000,SEASHELLS,189.0,1
140100,Camilla,Caesar,VOLCANIC_ROCK_VOUCHER_10000,SEASHELLS,188.0,10
143100,Penelope,Camilla,VOLCANIC_ROCK_VOUCHER_10000,SEASHELLS,198.0,12
143600,Camilla,Pablo,VOLCANIC_ROCK_VOUCHER_10000,SEASHELLS,199.0,5
143900,Camilla,Caesar,VOLCANIC_ROCK_VOUCHER_10000,SEASHELLS,195.0,11
144400,Camilla,Caesar,VOLCANIC_ROCK_VOUCHER_10000,SEASHELLS,192.0,14
144800,Camilla,Caesar,VOLCANIC_ROCK_VOUCHER_10000,SEASHELLS,191.0,13
145800,Penelope,Camilla,VOLCANIC_ROCK_VOUCHER_10000,SEASHELLS,199.0,15
145800,Penelope,Caesar,VOLCANIC_ROCK_VOUCHER_10000,SEASHELLS,199.0,1
145900,Camilla,Penelope,VOLCANIC_ROCK_VOUCHER_10000,SEASHELLS,195.0,12
145900,Caesar,Penelope,VOLCANIC_ROCK_VOUCHER_10000,SEASHELLS,195.0,2
146100,Penelope,Camilla,VOLCANIC_ROCK_VOUCHER_10000,SEASHELLS,196.0,10
151400,Penelope,Camilla,VOLCANIC_ROCK_VOUCHER_10000,SEASHELLS,201.0,10
151400,Penelope,Caesar,VOLCANIC_ROCK_VOUCHER_10000,SEASHELLS,201.0,1
152800,Camilla,Penelope,VOLCANIC_ROCK_VOUCHER_10000,SEASHELLS,196.0,16
153900,Camilla,Caesar,VOLCANIC_ROCK_VOUCHER_10000,SEASHELLS,200.0,12
154800,Camilla,Pablo,VOLCANIC_ROCK_VOUCHER_10000,SEASHELLS,199.0,9
155200,Camilla,Caesar,VOLCANIC_ROCK_VOUCHER_10000,SEASHELLS,199.0,13
155300,Camilla,Caesar,VOLCANIC_ROCK_VOUCHER_10000,SEASHELLS,201.0,12
156000,Camilla,Caesar,VOLCANIC_ROCK_VOUCHER_10000,SEASHELLS,203.0,19
156200,Camilla,Pablo,VOLCANIC_ROCK_VOUCHER_10000,SEASHELLS,202.0,6
156500,Camilla,Caesar,VOLCANIC_ROCK_VOUCHER_10000,SEASHELLS,199.0,11
156900,Camilla,Caesar,VOLCANIC_ROCK_VOUCHER_10000,SEASHELLS,199.0,19
161800,Camilla,Caesar,VOLCANIC_ROCK_VOUCHER_10000,SEASHELLS,213.0,16
162300,Camilla,Caesar,VOLCANIC_ROCK_VOUCHER_10000,SEASHELLS,218.0,11
162300,Caesar,Caesar,VOLCANIC_ROCK_VOUCHER_10000,SEASHELLS,218.0,2
162600,Camilla,Caesar,VOLCANIC_ROCK_VOUCHER_10000,SEASHELLS,217.0,11
165800,Camilla,Penelope,VOLCANIC_ROCK_VOUCHER_10000,SEASHELLS,206.0,11
165800,Caesar,Penelope,VOLCANIC_ROCK_VOUCHER_10000,SEASHELLS,206.0,2
167800,Camilla,Caesar,VOLCANIC_ROCK_VOUCHER_10000,SEASHELLS,203.0,17
169300,Camilla,Caesar,VOLCANIC_ROCK_VOUCHER_10000,SEASHELLS,198.0,13
172200,Camilla,Pablo,VOLCANIC_ROCK_VOUCHER_10000,SEASHELLS,184.0,13
172500,Camilla,Pablo,VOLCANIC_ROCK_VOUCHER_10000,SEASHELLS,184.0,15
172900,Camilla,Pablo,VOLCANIC_ROCK_VOUCHER_10000,SEASHELLS,184.0,12
172900,Caesar,Pablo,VOLCANIC_ROCK_VOUCHER_10000,SEASHELLS,184.0,1
173300,Camilla,Caesar,VOLCANIC_ROCK_VOUCHER_10000,SEASHELLS,186.0,11
173500,Camilla,Pablo,VOLCANIC_ROCK_VOUCHER_10000,SEASHELLS,190.0,7
176200,Camilla,Caesar,VOLCANIC_ROCK_VOUCHER_10000,SEASHELLS,183.0,12
177800,Camilla,Penelope,VOLCANIC_ROCK_VOUCHER_10000,SEASHELLS,180.0,15
178300,Camilla,Pablo,VOLCANIC_ROCK_VOUCHER_10000,SEASHELLS,176.0,10
178400,Camilla,Caesar,VOLCANIC_ROCK_VOUCHER_10000,SEASHELLS,176.0,14
179300,Camilla,Caesar,VOLCANIC_ROCK_VOUCHER_10000,SEASHELLS,174.0,15
179300,Caesar,Caesar,VOLCANIC_ROCK_VOUCHER_10000,SEASHELLS,174.0,2
179900,Camilla,Penelope,VOLCANIC_ROCK_VOUCHER_10000,SEASHELLS,171.0,10
180800,Camilla,Caesar,VOLCANIC_ROCK_VOUCHER_10000,SEASHELLS,166.0,10
180900,Camilla,Pablo,VOLCANIC_ROCK_VOUCHER_10000,SEASHELLS,170.0,6
182100,Camilla,Pablo,VOLCANIC_ROCK_VOUCHER_10000,SEASHELLS,167.0,9
183500,Camilla,Caesar,VOLCANIC_ROCK_VOUCHER_10000,SEASHELLS,171.0,14
184100,Camilla,Caesar,VOLCANIC_ROCK_VOUCHER_10000,SEASHELLS,169.0,16
186500,Camilla,Caesar,VOLCANIC_ROCK_VOUCHER_10000,SEASHELLS,160.0,13
187500,Camilla,Caesar,VOLCANIC_ROCK_VOUCHER_10000,SEASHELLS,160.0,16
188400,Camilla,Caesar,VOLCANIC_ROCK_VOUCHER_10000,SEASHELLS,161.0,18
188400,Caesar,Caesar,VOLCANIC_ROCK_VOUCHER_10000,SEASHELLS,161.0,2
189200,Camilla,Caesar,VOLCANIC_ROCK_VOUCHER_10000,SEASHELLS,161.0,16
189200,Caesar,Caesar,VOLCANIC_ROCK_VOUCHER_10000,SEASHELLS,161.0,1
191100,Camilla,Caesar,VOLCANIC_ROCK_VOUCHER_10000,SEASHELLS,160.0,18
191100,Caesar,Caesar,VOLCANIC_ROCK_VOUCHER_10000,SEASHELLS,160.0,2
191200,Camilla,Caesar,VOLCANIC_ROCK_VOUCHER_10000,SEASHELLS,158.0,16
192400,Camilla,Penelope,VOLCANIC_ROCK_VOUCHER_10000,SEASHELLS,156.0,16
192400,Caesar,Penelope,VOLCANIC_ROCK_VOUCHER_10000,SEASHELLS,156.0,1
192900,Camilla,Penelope,VOLCANIC_ROCK_VOUCHER_10000,SEASHELLS,160.0,10
193000,Camilla,Caesar,VOLCANIC_ROCK_VOUCHER_10000,SEASHELLS,163.0,19
193600,Penelope,Camilla,VOLCANIC_ROCK_VOUCHER_10000,SEASHELLS,161.0,14
195900,Camilla,Caesar,VOLCANIC_ROCK_VOUCHER_10000,SEASHELLS,162.0,10
195900,Caesar,Caesar,VOLCANIC_ROCK_VOUCHER_10000,SEASHELLS,162.0,2
196500,Penelope,Camilla,VOLCANIC_ROCK_VOUCHER_10000,SEASHELLS,164.0,12
197300,Camilla,Caesar,VOLCANIC_ROCK_VOUCHER_10000,SEASHELLS,166.0,17
197800,Camilla,Caesar,VOLCANIC_ROCK_VOUCHER_10000,SEASHELLS,169.0,10
200300,Camilla,Caesar,VOLCANIC_ROCK_VOUCHER_10000,SEASHELLS,168.0,11
201200,Camilla,Penelope,VOLCANIC_ROCK_VOUCHER_10000,SEASHELLS,172.0,17
201400,Camilla,Caesar,VOLCANIC_ROCK_VOUCHER_10000,SEASHELLS,176.0,17
202600,Camilla,Caesar,VOLCANIC_ROCK_VOUCHER_10000,SEASHELLS,171.0,12
202600,Caesar,Caesar,VOLCANIC_ROCK_VOUCHER_10000,SEASHELLS,171.0,2
203000,Camilla,Penelope,VOLCANIC_ROCK_VOUCHER_10000,SEASHELLS,172.0,17
203000,Caesar,Penelope,VOLCANIC_ROCK_VOUCHER_10000,SEASHELLS,172.0,2
204900,Penelope,Camilla,VOLCANIC_ROCK_VOUCHER_10000,SEASHELLS,170.0,10
205900,Camilla,Caesar,VOLCANIC_ROCK_VOUCHER_10000,SEASHELLS,169.0,15
206200,Camilla,Penelope,VOLCANIC_ROCK_VOUCHER_10000,SEASHELLS,176.0,10
206500,Camilla,Caesar,VOLCANIC_ROCK_VOUCHER_10000,SEASHELLS,185.0,16
208200,Camilla,Caesar,VOLCANIC_ROCK_VOUCHER_10000,SEASHELLS,181.0,19
208600,Camilla,Pablo,VOLCANIC_ROCK_VOUCHER_10000,SEASHELLS,180.0,13
209100,Camilla,Pablo,VOLCANIC_ROCK_VOUCHER_10000,SEASHELLS,177.0,7
209600,Penelope,Camilla,VOLCANIC_ROCK_VOUCHER_10000,SEASHELLS,175.0,10
209900,Camilla,Penelope,VOLCANIC_ROCK_VOUCHER_10000,SEASHELLS,173.0,13
209900,Caesar,Penelope,VOLCANIC_ROCK_VOUCHER_10000,SEASHELLS,173.0,2
211800,Camilla,Caesar,VOLCANIC_ROCK_VOUCHER_10000,SEASHELLS,164.0,10
212900,Camilla,Caesar,VOLCANIC_ROCK_VOUCHER_10000,SEASHELLS,177.0,12
213200,Camilla,Caesar,VOLCANIC_ROCK_VOUCHER_10000,SEASHELLS,174.0,12
213200,Caesar,Caesar,VOLCANIC_ROCK_VOUCHER_10000,SEASHELLS,174.0,1
213700,Camilla,Penelope,VOLCANIC_ROCK_VOUCHER_10000,SEASHELLS,173.0,11
213700,Caesar,Penelope,VOLCANIC_ROCK_VOUCHER_10000,SEASHELLS,173.0,1
214200,Camilla,Caesar,VOLCANIC_ROCK_VOUCHER_10000,SEASHELLS,178.0,15
214600,Camilla,Penelope,VOLCANIC_ROCK_VOUCHER_10000,SEASHELLS,177.0,20
217100,Camilla,Caesar,VOLCANIC_ROCK_VOUCHER_10000,SEASHELLS,169.0,14
217700,Camilla,Pablo,VOLCANIC_ROCK_VOUCHER_10000,SEASHELLS,164.0,13
218700,Camilla,Caesar,VOLCANIC_ROCK_VOUCHER_10000,SEASHELLS,164.0,10
218700,Caesar,Caesar,VOLCANIC_ROCK_VOUCHER_10000,SEASHELLS,164.0,1
218800,Camilla,Caesar,VOLCANIC_ROCK_VOUCHER_10000,SEASHELLS,161.0,12
218800,Caesar,Caesar,VOLCANIC_ROCK_VOUCHER_10000,SEASHELLS,161.0,2
219700,Camilla,Caesar,VOLCANIC_ROCK_VOUCHER_10000,SEASHELLS,170.0,14
220900,Camilla,Caesar,VOLCANIC_ROCK_VOUCHER_10000,SEASHELLS,176.0,12
220900,Caesar,Caesar,VOLCANIC_ROCK_VOUCHER_10000,SEASHELLS,176.0,2
221100,Penelope,Camilla,VOLCANIC_ROCK_VOUCHER_10000,SEASHELLS,177.0,18
221100,Penelope,Caesar,VOLCANIC_ROCK_VOUCHER_10000,SEASHELLS,177.0,1
222300,Penelope,Camilla,VOLCANIC_ROCK_VOUCHER_10000,SEASHELLS,183.0,20
223300,Camilla,Penelope,VOLCANIC_ROCK_VOUCHER_10000,SEASHELLS,181.0,11
224100,Camilla,Caesar,VOLCANIC_ROCK_VOUCHER_10000,SEASHELLS,180.0,20
224200,Camilla,Pablo,VOLCANIC_ROCK_VOUCHER_10000,SEASHELLS,179.0,14
224900,Camilla,Penelope,VOLCANIC_ROCK_VOUCHER_10000,SEASHELLS,183.0,15
224900,Caesar,Penelope,VOLCANIC_ROCK_VOUCHER_10000,SEASHELLS,183.0,1
225200,Camilla,Caesar,VOLCANIC_ROCK_VOUCHER_10000,SEASHELLS,176.0,12
225600,Camilla,Penelope,VOLCANIC_ROCK_VOUCHER_10000,SEASHELLS,178.0,10
228000,Camilla,Pablo,VOLCANIC_ROCK_VOUCHER_10000,SEASHELLS,178.0,7
228500,Camilla,Caesar,VOLCANIC_ROCK_VOUCHER_10000,SEASHELLS,172.0,17
229700,Camilla,Caesar,VOLCANIC_ROCK_VOUCHER_10000,SEASHELLS,170.0,14
229700,Caesar,Caesar,VOLCANIC_ROCK_VOUCHER_10000,SEASHELLS,170.0,1
231400,Camilla,Penelope,VOLCANIC_ROCK_VOUCHER_10000,SEASHELLS,169.0,11
231400,Caesar,Penelope,VOLCANIC_ROCK_VOUCHER_10000,SEASHELLS,169.0,1
231600,Camilla,Pablo,VOLCANIC_ROCK_VOUCHER_10000,SEASHELLS,167.0,14
234800,Camilla,Caesar,VOLCANIC_ROCK_VOUCHER_10000,SEASHELLS,163.0,19
234900,Camilla,Penelope,VOLCANIC_ROCK_VOUCHER_10000,SEASHELLS,168.0,15
236000,Camilla,Caesar,VOLCANIC_ROCK_VOUCHER_10000,SEASHELLS,166.0,11
236400,Camilla,Caesar,VOLCANIC_ROCK_VOUCHER_10000,SEASHELLS,167.0,11
236800,Camilla,Caesar,VOLCANIC_ROCK_VOUCHER_10000,SEASHELLS,164.0,17
237400,Camilla,Penelope,VOLCANIC_ROCK_VOUCHER_10000,SEASHELLS,160.0,11
237400,Caesar,Penelope,VOLCANIC_ROCK_VOUCHER_10000,SEASHELLS,160.0,2
237400,Caesar,Penelope,VOLCANIC_ROCK_VOUCHER_10000,SEASHELLS,160.0,6
237800,Camilla,Caesar,VOLCANIC_ROCK_VOUCHER_10000,SEASHELLS,167.0,13
239000,Camilla,Caesar,VOLCANIC_ROCK_VOUCHER_10000,SEASHELLS,156.0,10
239300,Camilla,Caesar,VOLCANIC_ROCK_VOUCHER_10000,SEASHELLS,161.0,11
239300,Caesar,Caesar,VOLCANIC_ROCK_VOUCHER_10000,SEASHELLS,161.0,1
239400,Camilla,Caesar,VOLCANIC_ROCK_VOUCHER_10000,SEASHELLS,156.0,14
239400,Caesar,Caesar,VOLCANIC_ROCK_VOUCHER_10000,SEASHELLS,156.0,1
239900,Penelope,Camilla,VOLCANIC_ROCK_VOUCHER_10000,SEASHELLS,164.0,13
239900,Penelope,Caesar,VOLCANIC_ROCK_VOUCHER_10000,SEASHELLS,164.0,1
240200,Camilla,Caesar,VOLCANIC_ROCK_VOUCHER_10000,SEASHELLS,163.0,10
240800,Camilla,Caesar,VOLCANIC_ROCK_VOUCHER_10000,SEASHELLS,156.0,12
240800,Caesar,Caesar,VOLCANIC_ROCK_VOUCHER_10000,SEASHELLS,156.0,1
242000,Camilla,Caesar,VOLCANIC_ROCK_VOUCHER_10000,SEASHELLS,152.0,14
243600,Camilla,Caesar,VOLCANIC_ROCK_VOUCHER_10000,SEASHELLS,146.0,10
244200,Camilla,Caesar,VOLCANIC_ROCK_VOUCHER_10000,SEASHELLS,147.0,15
245000,Camilla,Caesar,VOLCANIC_ROCK_VOUCHER_10000,SEASHELLS,148.0,17
246200,Camilla,Caesar,VOLCANIC_ROCK_VOUCHER_10000,SEASHELLS,147.0,10
246200,Caesar,Caesar,VOLCANIC_ROCK_VOUCHER_10000,SEASHELLS,147.0,2
246300,Camilla,Caesar,VOLCANIC_ROCK_VOUCHER_10000,SEASHELLS,146.0,12
247900,Caesar,Penelope,VOLCANIC_ROCK_VOUCHER_10000,SEASHELLS,160.0,14
248100,Camilla,Caesar,VOLCANIC_ROCK_VOUCHER_10000,SEASHELLS,159.0,16
248800,Camilla,Caesar,VOLCANIC_ROCK_VOUCHER_10000,SEASHELLS,168.0,15
249100,Camilla,Caesar,VOLCANIC_ROCK_VOUCHER_10000,SEASHELLS,167.0,15
250300,Camilla,Caesar,VOLCANIC_ROCK_VOUCHER_10000,SEASHELLS,160.0,16
250800,Camilla,Caesar,VOLCANIC_ROCK_VOUCHER_10000,SEASHELLS,161.0,15
251200,Penelope,Camilla,VOLCANIC_ROCK_VOUCHER_10000,SEASHELLS,157.0,12
252600,Camilla,Caesar,VOLCANIC_ROCK_VOUCHER_10000,SEASHELLS,161.0,14
252700,Camilla,Caesar,VOLCANIC_ROCK_VOUCHER_10000,SEASHELLS,161.0,14
255800,Camilla,Caesar,VOLCANIC_ROCK_VOUCHER_10000,SEASHELLS,173.0,10
256800,Camilla,Caesar,VOLCANIC_ROCK_VOUCHER_10000,SEASHELLS,166.0,15
257800,Camilla,Caesar,VOLCANIC_ROCK_VOUCHER_10000,SEASHELLS,168.0,17
258000,Camilla,Pablo,VOLCANIC_ROCK_VOUCHER_10000,SEASHELLS,171.0,8
258600,Camilla,Caesar,VOLCANIC_ROCK_VOUCHER_10000,SEASHELLS,160.0,16
260400,Camilla,Caesar,VOLCANIC_ROCK_VOUCHER_10000,SEASHELLS,159.0,14
260400,Caesar,Caesar,VOLCANIC_ROCK_VOUCHER_10000,SEASHELLS,159.0,2
261100,Camilla,Penelope,VOLCANIC_ROCK_VOUCHER_10000,SEASHELLS,158.0,12
262000,Penelope,Camilla,VOLCANIC_ROCK_VOUCHER_10000,SEASHELLS,154.0,11
262000,Penelope,Caesar,VOLCANIC_ROCK_VOUCHER_10000,SEASHELLS,154.0,1
262300,Camilla,Penelope,VOLCANIC_ROCK_VOUCHER_10000,SEASHELLS,155.0,15
263800,Camilla,Pablo,VOLCANIC_ROCK_VOUCHER_10000,SEASHELLS,149.0,8
265300,Camilla,Caesar,VOLCANIC_ROCK_VOUCHER_10000,SEASHELLS,137.0,19
265300,Penelope,Camilla,VOLCANIC_ROCK_VOUCHER_10000,SEASHELLS,138.0,20
265700,Camilla,Caesar,VOLCANIC_ROCK_VOUCHER_10000,SEASHELLS,136.0,14
266100,Camilla,Caesar,VOLCANIC_ROCK_VOUCHER_10000,SEASHELLS,135.0,11
266500,Camilla,Pablo,VOLCANIC_ROCK_VOUCHER_10000,SEASHELLS,137.0,11
267100,Camilla,Caesar,VOLCANIC_ROCK_VOUCHER_10000,SEASHELLS,145.0,10
267100,Caesar,Caesar,VOLCANIC_ROCK_VOUCHER_10000,SEASHELLS,145.0,2
267800,Camilla,Caesar,VOLCANIC_ROCK_VOUCHER_10000,SEASHELLS,145.0,15
267800,Caesar,Caesar,VOLCANIC_ROCK_VOUCHER_10000,SEASHELLS,145.0,2
268200,Camilla,Pablo,VOLCANIC_ROCK_VOUCHER_10000,SEASHELLS,145.0,11
268200,Caesar,Pablo,VOLCANIC_ROCK_VOUCHER_10000,SEASHELLS,145.0,1
269100,Camilla,Caesar,VOLCANIC_ROCK_VOUCHER_10000,SEASHELLS,139.0,12
269100,Caesar,Caesar,VOLCANIC_ROCK_VOUCHER_10000,SEASHELLS,139.0,1
271300,Camilla,Penelope,VOLCANIC_ROCK_VOUCHER_10000,SEASHELLS,135.0,13
271300,Caesar,Penelope,VOLCANIC_ROCK_VOUCHER_10000,SEASHELLS,135.0,1
274000,Camilla,Caesar,VOLCANIC_ROCK_VOUCHER_10000,SEASHELLS,142.0,10
274100,Camilla,Pablo,VOLCANIC_ROCK_VOUCHER_10000,SEASHELLS,141.0,12
274200,Camilla,Penelope,VOLCANIC_ROCK_VOUCHER_10000,SEASHELLS,140.0,17
274200,Caesar,Penelope,VOLCANIC_ROCK_VOUCHER_10000,SEASHELLS,140.0,1
275000,Camilla,Penelope,VOLCANIC_ROCK_VOUCHER_10000,SEASHELLS,140.0,10
276700,Camilla,Caesar,VOLCANIC_ROCK_VOUCHER_10000,SEASHELLS,108.0,15
277800,Camilla,Caesar,VOLCANIC_ROCK_VOUCHER_10000,SEASHELLS,113.0,16
278700,Camilla,Caesar,VOLCANIC_ROCK_VOUCHER_10000,SEASHELLS,111.0,14
278700,Penelope,Camilla,VOLCANIC_ROCK_VOUCHER_10000,SEASHELLS,112.0,18
280300,Camilla,Pablo,VOLCANIC_ROCK_VOUCHER_10000,SEASHELLS,108.0,8
280400,Camilla,Caesar,VOLCANIC_ROCK_VOUCHER_10000,SEASHELLS,114.0,12
282900,Camilla,Penelope,VOLCANIC_ROCK_VOUCHER_10000,SEASHELLS,134.0,11
282900,Caesar,Penelope,VOLCANIC_ROCK_VOUCHER_10000,SEASHELLS,134.0,1
284800,Camilla,Caesar,VOLCANIC_ROCK_VOUCHER_10000,SEASHELLS,131.0,12
284800,Penelope,Camilla,VOLCANIC_ROCK_VOUCHER_10000,SEASHELLS,132.0,13
284900,Camilla,Penelope,VOLCANIC_ROCK_VOUCHER_10000,SEASHELLS,130.0,15
284900,Caesar,Penelope,VOLCANIC_ROCK_VOUCHER_10000,SEASHELLS,130.0,1
286100,Camilla,Penelope,VOLCANIC_ROCK_VOUCHER_10000,SEASHELLS,132.0,15
290300,Camilla,Penelope,VOLCANIC_ROCK_VOUCHER_10000,SEASHELLS,142.0,13
291700,Penelope,Camilla,VOLCANIC_ROCK_VOUCHER_10000,SEASHELLS,156.0,15
291800,Camilla,Caesar,VOLCANIC_ROCK_VOUCHER_10000,SEASHELLS,151.0,19
293300,Penelope,Camilla,VOLCANIC_ROCK_VOUCHER_10000,SEASHELLS,146.0,14
293300,Penelope,Caesar,VOLCANIC_ROCK_VOUCHER_10000,SEASHELLS,146.0,2
293800,Camilla,Caesar,VOLCANIC_ROCK_VOUCHER_10000,SEASHELLS,151.0,10
294000,Camilla,Caesar,VOLCANIC_ROCK_VOUCHER_10000,SEASHELLS,149.0,16
295100,Camilla,Caesar,VOLCANIC_ROCK_VOUCHER_10000,SEASHELLS,145.0,12
295100,Caesar,Caesar,VOLCANIC_ROCK_VOUCHER_10000,SEASHELLS,145.0,1
295200,Camilla,Penelope,VOLCANIC_ROCK_VOUCHER_10000,SEASHELLS,144.0,15
296900,Camilla,Caesar,VOLCANIC_ROCK_VOUCHER_10000,SEASHELLS,156.0,10
297400,Camilla,Penelope,VOLCANIC_ROCK_VOUCHER_10000,SEASHELLS,155.0,16
298500,Penelope,Camilla,VOLCANIC_ROCK_VOUCHER_10000,SEASHELLS,152.0,13
299200,Camilla,Penelope,VOLCANIC_ROCK_VOUCHER_10000,SEASHELLS,159.0,10
299200,Caesar,Penelope,VOLCANIC_ROCK_VOUCHER_10000,SEASHELLS,159.0,2
299500,Camilla,Caesar,VOLCANIC_ROCK_VOUCHER_10000,SEASHELLS,163.0,16
299900,Camilla,Caesar,VOLCANIC_ROCK_VOUCHER_10000,SEASHELLS,164.0,19
301900,Penelope,Camilla,VOLCANIC_ROCK_VOUCHER_10000,SEASHELLS,179.0,16
302200,Camilla,Caesar,VOLCANIC_ROCK_VOUCHER_10000,SEASHELLS,181.0,19
303500,Camilla,Caesar,VOLCANIC_ROCK_VOUCHER_10000,SEASHELLS,171.0,11
305100,Camilla,Penelope,VOLCANIC_ROCK_VOUCHER_10000,SEASHELLS,167.0,19
305200,Camilla,Pablo,VOLCANIC_ROCK_VOUCHER_10000,SEASHELLS,171.0,8
305400,Camilla,Caesar,VOLCANIC_ROCK_VOUCHER_10000,SEASHELLS,171.0,16
305400,Caesar,Caesar,VOLCANIC_ROCK_VOUCHER_10000,SEASHELLS,171.0,1
307100,Camilla,Pablo,VOLCANIC_ROCK_VOUCHER_10000,SEASHELLS,159.0,9
307800,Camilla,Caesar,VOLCANIC_ROCK_VOUCHER_10000,SEASHELLS,162.0,18
308000,Camilla,Caesar,VOLCANIC_ROCK_VOUCHER_10000,SEASHELLS,160.0,15
308000,Caesar,Caesar,VOLCANIC_ROCK_VOUCHER_10000,SEASHELLS,160.0,1
308200,Camilla,Pablo,VOLCANIC_ROCK_VOUCHER_10000,SEASHELLS,162.0,14
309400,Camilla,Caesar,VOLCANIC_ROCK_VOUCHER_10000,SEASHELLS,164.0,19
309400,Caesar,Caesar,VOLCANIC_ROCK_VOUCHER_10000,SEASHELLS,164.0,1
309600,Camilla,Caesar,VOLCANIC_ROCK_VOUCHER_10000,SEASHELLS,165.0,10
309900,Camilla,Pablo,VOLCANIC_ROCK_VOUCHER_10000,SEASHELLS,164.0,14
313200,Camilla,Caesar,VOLCANIC_ROCK_VOUCHER_10000,SEASHELLS,143.0,20
314600,Penelope,Camilla,VOLCANIC_ROCK_VOUCHER_10000,SEASHELLS,143.0,17
314700,Camilla,Caesar,VOLCANIC_ROCK_VOUCHER_10000,SEASHELLS,147.0,12
315000,Camilla,Penelope,VOLCANIC_ROCK_VOUCHER_10000,SEASHELLS,151.0,10
315300,Camilla,Caesar,VOLCANIC_ROCK_VOUCHER_10000,SEASHELLS,153.0,12
315700,Camilla,Caesar,VOLCANIC_ROCK_VOUCHER_10000,SEASHELLS,151.0,14
316300,Penelope,Camilla,VOLCANIC_ROCK_VOUCHER_10000,SEASHELLS,148.0,12
316300,Penelope,Caesar,VOLCANIC_ROCK_VOUCHER_10000,SEASHELLS,148.0,2
317100,Camilla,Caesar,VOLCANIC_ROCK_VOUCHER_10000,SEASHELLS,143.0,15
317100,Caesar,Caesar,VOLCANIC_ROCK_VOUCHER_10000,SEASHELLS,143.0,2
317200,Camilla,Caesar,VOLCANIC_ROCK_VOUCHER_10000,SEASHELLS,148.0,11
317500,Camilla,Caesar,VOLCANIC_ROCK_VOUCHER_10000,SEASHELLS,145.0,10
317500,Caesar,Caesar,VOLCANIC_ROCK_VOUCHER_10000,SEASHELLS,145.0,2
320200,Camilla,Caesar,VOLCANIC_ROCK_VOUCHER_10000,SEASHELLS,147.0,10
320200,Caesar,Caesar,VOLCANIC_ROCK_VOUCHER_10000,SEASHELLS,147.0,2
320500,Camilla,Caesar,VOLCANIC_ROCK_VOUCHER_10000,SEASHELLS,154.0,10
321000,Camilla,Caesar,VOLCANIC_ROCK_VOUCHER_10000,SEASHELLS,152.0,17
321100,Camilla,Pablo,VOLCANIC_ROCK_VOUCHER_10000,SEASHELLS,157.0,9
321800,Camilla,Caesar,VOLCANIC_ROCK_VOUCHER_10000,SEASHELLS,153.0,12
322000,Camilla,Pablo,VOLCANIC_ROCK_VOUCHER_10000,SEASHELLS,155.0,9
322500,Camilla,Caesar,VOLCANIC_ROCK_VOUCHER_10000,SEASHELLS,146.0,18
322500,Caesar,Caesar,VOLCANIC_ROCK_VOUCHER_10000,SEASHELLS,146.0,1
323800,Penelope,Camilla,VOLCANIC_ROCK_VOUCHER_10000,SEASHELLS,146.0,16
326900,Camilla,Caesar,VOLCANIC_ROCK_VOUCHER_10000,SEASHELLS,125.0,12
329000,Camilla,Caesar,VOLCANIC_ROCK_VOUCHER_10000,SEASHELLS,129.0,19
329000,Caesar,Caesar,VOLCANIC_ROCK_VOUCHER_10000,SEASHELLS,129.0,1
331200,Camilla,Pablo,VOLCANIC_ROCK_VOUCHER_10000,SEASHELLS,114.0,14
331500,Camilla,Caesar,VOLCANIC_ROCK_VOUCHER_10000,SEASHELLS,117.0,13
332100,Camilla,Caesar,VOLCANIC_ROCK_VOUCHER_10000,SEASHELLS,118.0,10
332500,Camilla,Caesar,VOLCANIC_ROCK_VOUCHER_10000,SEASHELLS,124.0,12
332700,Penelope,Camilla,VOLCANIC_ROCK_VOUCHER_10000,SEASHELLS,131.0,15
332700,Penelope,Caesar,VOLCANIC_ROCK_VOUCHER_10000,SEASHELLS,131.0,2
333700,Camilla,Caesar,VOLCANIC_ROCK_VOUCHER_10000,SEASHELLS,134.0,16
335200,Camilla,Caesar,VOLCANIC_ROCK_VOUCHER_10000,SEASHELLS,132.0,14
335200,Caesar,Caesar,VOLCANIC_ROCK_VOUCHER_10000,SEASHELLS,132.0,2
338100,Camilla,Caesar,VOLCANIC_ROCK_VOUCHER_10000,SEASHELLS,136.0,10
338100,Caesar,Caesar,VOLCANIC_ROCK_VOUCHER_10000,SEASHELLS,136.0,1
340100,Penelope,Camilla,VOLCANIC_ROCK_VOUCHER_10000,SEASHELLS,135.0,11
341500,Camilla,Penelope,VOLCANIC_ROCK_VOUCHER_10000,SEASHELLS,143.0,10
342100,Camilla,Caesar,VOLCANIC_ROCK_VOUCHER_10000,SEASHELLS,139.0,13
343500,Camilla,Caesar,VOLCANIC_ROCK_VOUCHER_10000,SEASHELLS,136.0,10
343600,Penelope,Camilla,VOLCANIC_ROCK_VOUCHER_10000,SEASHELLS,138.0,19
343800,Camilla,Pablo,VOLCANIC_ROCK_VOUCHER_10000,SEASHELLS,136.0,15
345500,Camilla,Caesar,VOLCANIC_ROCK_VOUCHER_10000,SEASHELLS,137.0,14
345700,Camilla,Caesar,VOLCANIC_ROCK_VOUCHER_10000,SEASHELLS,141.0,19
345700,Caesar,Caesar,VOLCANIC_ROCK_VOUCHER_10000,SEASHELLS,141.0,1
347700,Camilla,Caesar,VOLCANIC_ROCK_VOUCHER_10000,SEASHELLS,143.0,10
348200,Camilla,Caesar,VOLCANIC_ROCK_VOUCHER_10000,SEASHELLS,144.0,13
349400,Camilla,Caesar,VOLCANIC_ROCK_VOUCHER_10000,SEASHELLS,135.0,16
349700,Camilla,Penelope,VOLCANIC_ROCK_VOUCHER_10000,SEASHELLS,142.0,10
349900,Camilla,Caesar,VOLCANIC_ROCK_VOUCHER_10000,SEASHELLS,141.0,18
349900,Caesar,Caesar,VOLCANIC_ROCK_VOUCHER_10000,SEASHELLS,141.0,1
350000,Camilla,Caesar,VOLCANIC_ROCK_VOUCHER_10000,SEASHELLS,135.0,11
350800,Camilla,Pablo,VOLCANIC_ROCK_VOUCHER_10000,SEASHELLS,141.0,14
350800,Caesar,Pablo,VOLCANIC_ROCK_VOUCHER_10000,SEASHELLS,141.0,1
353400,Penelope,Camilla,VOLCANIC_ROCK_VOUCHER_10000,SEASHELLS,136.0,17
353400,Penelope,Caesar,VOLCANIC_ROCK_VOUCHER_10000,SEASHELLS,136.0,2
353800,Camilla,Caesar,VOLCANIC_ROCK_VOUCHER_10000,SEASHELLS,141.0,11
353800,Caesar,Caesar,VOLCANIC_ROCK_VOUCHER_10000,SEASHELLS,141.0,1
354000,Camilla,Caesar,VOLCANIC_ROCK_VOUCHER_10000,SEASHELLS,138.0,10
354000,Caesar,Caesar,VOLCANIC_ROCK_VOUCHER_10000,SEASHELLS,138.0,1
354200,Camilla,Pablo,VOLCANIC_ROCK_VOUCHER_10000,SEASHELLS,140.0,13
355500,Camilla,Caesar,VOLCANIC_ROCK_VOUCHER_10000,SEASHELLS,139.0,17
355500,Caesar,Caesar,VOLCANIC_ROCK_VOUCHER_10000,SEASHELLS,139.0,1
355800,Camilla,Pablo,VOLCANIC_ROCK_VOUCHER_10000,SEASHELLS,146.0,9
356500,Camilla,Caesar,VOLCANIC_ROCK_VOUCHER_10000,SEASHELLS,149.0,10
356900,Camilla,Caesar,VOLCANIC_ROCK_VOUCHER_10000,SEASHELLS,146.0,14
357200,Camilla,Caesar,VOLCANIC_ROCK_VOUCHER_10000,SEASHELLS,144.0,11
358500,Camilla,Pablo,VOLCANIC_ROCK_VOUCHER_10000,SEASHELLS,131.0,12
358600,Camilla,Pablo,VOLCANIC_ROCK_VOUCHER_10000,SEASHELLS,135.0,13
358700,Camilla,Caesar,VOLCANIC_ROCK_VOUCHER_10000,SEASHELLS,133.0,11
358700,Caesar,Caesar,VOLCANIC_ROCK_VOUCHER_10000,SEASHELLS,133.0,1
359600,Penelope,Camilla,VOLCANIC_ROCK_VOUCHER_10000,SEASHELLS,135.0,10
359600,Penelope,Caesar,VOLCANIC_ROCK_VOUCHER_10000,SEASHELLS,135.0,1
360500,Camilla,Caesar,VOLCANIC_ROCK_VOUCHER_10000,SEASHELLS,126.0,10
362500,Camilla,Caesar,VOLCANIC_ROCK_VOUCHER_10000,SEASHELLS,121.0,12
362500,Caesar,Caesar,VOLCANIC_ROCK_VOUCHER_10000,SEASHELLS,121.0,2
362900,Penelope,Camilla,VOLCANIC_ROCK_VOUCHER_10000,SEASHELLS,120.0,10
362900,Penelope,Caesar,VOLCANIC_ROCK_VOUCHER_10000,SEASHELLS,120.0,1
363300,Camilla,Caesar,VOLCANIC_ROCK_VOUCHER_10000,SEASHELLS,127.0,12
363500,Camilla,Penelope,VOLCANIC_ROCK_VOUCHER_10000,SEASHELLS,115.0,12
364100,Camilla,Penelope,VOLCANIC_ROCK_VOUCHER_10000,SEASHELLS,118.0,11
364100,Caesar,Penelope,VOLCANIC_ROCK_VOUCHER_10000,SEASHELLS,118.0,1
366200,Camilla,Penelope,VOLCANIC_ROCK_VOUCHER_10000,SEASHELLS,115.0,11
367900,Camilla,Caesar,VOLCANIC_ROCK_VOUCHER_10000,SEASHELLS,112.0,11
368200,Camilla,Caesar,VOLCANIC_ROCK_VOUCHER_10000,SEASHELLS,113.0,12
370800,Camilla,Caesar,VOLCANIC_ROCK_VOUCHER_10000,SEASHELLS,122.0,11
371700,Camilla,Caesar,VOLCANIC_ROCK_VOUCHER_10000,SEASHELLS,121.0,19
371700,Caesar,Caesar,VOLCANIC_ROCK_VOUCHER_10000,SEASHELLS,121.0,1
372200,Camilla,Penelope,VOLCANIC_ROCK_VOUCHER_10000,SEASHELLS,126.0,11
372200,Caesar,Penelope,VOLCANIC_ROCK_VOUCHER_10000,SEASHELLS,126.0,2
372300,Camilla,Caesar,VOLCANIC_ROCK_VOUCHER_10000,SEASHELLS,123.0,17
372700,Camilla,Caesar,VOLCANIC_ROCK_VOUCHER_10000,SEASHELLS,117.0,10
373800,Camilla,Caesar,VOLCANIC_ROCK_VOUCHER_10000,SEASHELLS,129.0,17
375100,Camilla,Caesar,VOLCANIC_ROCK_VOUCHER_10000,SEASHELLS,122.0,11
377000,Penelope,Camilla,VOLCANIC_ROCK_VOUCHER_10000,SEASHELLS,127.0,15
377400,Camilla,Caesar,VOLCANIC_ROCK_VOUCHER_10000,SEASHELLS,123.0,16
377400,Caesar,Caesar,VOLCANIC_ROCK_VOUCHER_10000,SEASHELLS,123.0,1
377600,Camilla,Caesar,VOLCANIC_ROCK_VOUCHER_10000,SEASHELLS,127.0,13
379100,Camilla,Caesar,VOLCANIC_ROCK_VOUCHER_10000,SEASHELLS,119.0,13
379100,Caesar,Caesar,VOLCANIC_ROCK_VOUCHER_10000,SEASHELLS,119.0,1
381000,Camilla,Caesar,VOLCANIC_ROCK_VOUCHER_10000,SEASHELLS,121.0,18
381000,Caesar,Caesar,VOLCANIC_ROCK_VOUCHER_10000,SEASHELLS,121.0,1
382900,Camilla,Caesar,VOLCANIC_ROCK_VOUCHER_10000,SEASHELLS,120.0,13
383000,Camilla,Caesar,VOLCANIC_ROCK_VOUCHER_10000,SEASHELLS,114.0,19
383400,Penelope,Camilla,VOLCANIC_ROCK_VOUCHER_10000,SEASHELLS,117.0,13
383800,Camilla,Caesar,VOLCANIC_ROCK_VOUCHER_10000,SEASHELLS,123.0,17
384300,Camilla,Penelope,VOLCANIC_ROCK_VOUCHER_10000,SEASHELLS,118.0,15
384300,Caesar,Penelope,VOLCANIC_ROCK_VOUCHER_10000,SEASHELLS,118.0,1
384700,Camilla,Caesar,VOLCANIC_ROCK_VOUCHER_10000,SEASHELLS,114.0,12
385100,Camilla,Caesar,VOLCANIC_ROCK_VOUCHER_10000,SEASHELLS,116.0,12
385600,Camilla,Caesar,VOLCANIC_ROCK_VOUCHER_10000,SEASHELLS,119.0,12
385600,Caesar,Caesar,VOLCANIC_ROCK_VOUCHER_10000,SEASHELLS,119.0,1
387100,Camilla,Caesar,VOLCANIC_ROCK_VOUCHER_10000,SEASHELLS,115.0,10
387100,Caesar,Caesar,VOLCANIC_ROCK_VOUCHER_10000,SEASHELLS,115.0,2
387700,Camilla,Caesar,VOLCANIC_ROCK_VOUCHER_10000,SEASHELLS,115.0,16
389600,Camilla,Pablo,VOLCANIC_ROCK_VOUCHER_10000,SEASHELLS,109.0,6
392800,Camilla,Caesar,VOLCANIC_ROCK_VOUCHER_10000,SEASHELLS,112.0,15
392800,Caesar,Caesar,VOLCANIC_ROCK_VOUCHER_10000,SEASHELLS,112.0,1
393000,Camilla,Pablo,VOLCANIC_ROCK_VOUCHER_10000,SEASHELLS,118.0,11
393100,Camilla,Pablo,VOLCANIC_ROCK_VOUCHER_10000,SEASHELLS,111.0,10
393500,Camilla,Penelope,VOLCANIC_ROCK_VOUCHER_10000,SEASHELLS,109.0,16
394300,Camilla,Caesar,VOLCANIC_ROCK_VOUCHER_10000,SEASHELLS,113.0,17
399200,Camilla,Pablo,VOLCANIC_ROCK_VOUCHER_10000,SEASHELLS,135.0,10
401300,Camilla,Caesar,VOLCANIC_ROCK_VOUCHER_10000,SEASHELLS,126.0,12
401300,Caesar,Caesar,VOLCANIC_ROCK_VOUCHER_10000,SEASHELLS,126.0,1
401500,Camilla,Caesar,VOLCANIC_ROCK_VOUCHER_10000,SEASHELLS,128.0,12
402000,Camilla,Caesar,VOLCANIC_ROCK_VOUCHER_10000,SEASHELLS,125.0,14
402100,Penelope,Camilla,VOLCANIC_ROCK_VOUCHER_10000,SEASHELLS,120.0,10
402100,Penelope,Caesar,VOLCANIC_ROCK_VOUCHER_10000,SEASHELLS,120.0,1
402400,Camilla,Caesar,VOLCANIC_ROCK_VOUCHER_10000,SEASHELLS,114.0,12
403400,Camilla,Penelope,VOLCANIC_ROCK_VOUCHER_10000,SEASHELLS,108.0,13
404400,Camilla,Caesar,VOLCANIC_ROCK_VOUCHER_10000,SEASHELLS,106.0,15
405200,Camilla,Caesar,VOLCANIC_ROCK_VOUCHER_10000,SEASHELLS,112.0,13
406400,Penelope,Camilla,VOLCANIC_ROCK_VOUCHER_10000,SEASHELLS,113.0,15
407100,Camilla,Caesar,VOLCANIC_ROCK_VOUCHER_10000,SEASHELLS,113.0,13
410100,Camilla,Penelope,VOLCANIC_ROCK_VOUCHER_10000,SEASHELLS,89.0,15
412300,Penelope,Camilla,VOLCANIC_ROCK_VOUCHER_10000,SEASHELLS,103.0,10
413100,Penelope,Camilla,VOLCANIC_ROCK_VOUCHER_10000,SEASHELLS,108.0,12
413800,Camilla,Penelope,VOLCANIC_ROCK_VOUCHER_10000,SEASHELLS,104.0,11
414400,Camilla,Caesar,VOLCANIC_ROCK_VOUCHER_10000,SEASHELLS,94.0,10
414400,Caesar,Caesar,VOLCANIC_ROCK_VOUCHER_10000,SEASHELLS,94.0,2
414600,Camilla,Caesar,VOLCANIC_ROCK_VOUCHER_10000,SEASHELLS,99.0,20
415600,Camilla,Caesar,VOLCANIC_ROCK_VOUCHER_10000,SEASHELLS,98.0,11
417500,Camilla,Penelope,VOLCANIC_ROCK_VOUCHER_10000,SEASHELLS,101.0,10
419500,Camilla,Penelope,VOLCANIC_ROCK_VOUCHER_10000,SEASHELLS,100.0,15
419500,Caesar,Penelope,VOLCANIC_ROCK_VOUCHER_10000,SEASHELLS,100.0,1
421500,Penelope,Camilla,VOLCANIC_ROCK_VOUCHER_10000,SEASHELLS,99.0,14
421900,Camilla,Pablo,VOLCANIC_ROCK_VOUCHER_10000,SEASHELLS,104.0,13
422400,Camilla,Pablo,VOLCANIC_ROCK_VOUCHER_10000,SEASHELLS,104.0,12
425300,Camilla,Penelope,VOLCANIC_ROCK_VOUCHER_10000,SEASHELLS,109.0,11
426600,Camilla,Caesar,VOLCANIC_ROCK_VOUCHER_10000,SEASHELLS,108.0,12
426600,Caesar,Caesar,VOLCANIC_ROCK_VOUCHER_10000,SEASHELLS,108.0,1
427800,Camilla,Caesar,VOLCANIC_ROCK_VOUCHER_10000,SEASHELLS,112.0,11
428800,Camilla,Penelope,VOLCANIC_ROCK_VOUCHER_10000,SEASHELLS,104.0,10
429500,Camilla,Caesar,VOLCANIC_ROCK_VOUCHER_10000,SEASHELLS,102.0,17
431700,Camilla,Penelope,VOLCANIC_ROCK_VOUCHER_10000,SEASHELLS,108.0,12
432900,Camilla,Caesar,VOLCANIC_ROCK_VOUCHER_10000,SEASHELLS,100.0,14
434800,Camilla,Caesar,VOLCANIC_ROCK_VOUCHER_10000,SEASHELLS,104.0,11
435200,Camilla,Caesar,VOLCANIC_ROCK_VOUCHER_10000,SEASHELLS,100.0,10
435600,Camilla,Caesar,VOLCANIC_ROCK_VOUCHER_10000,SEASHELLS,100.0,13
435700,Camilla,Caesar,VOLCANIC_ROCK_VOUCHER_10000,SEASHELLS,101.0,18
436500,Camilla,Caesar,VOLCANIC_ROCK_VOUCHER_10000,SEASHELLS,100.0,13
436500,Caesar,Caesar,VOLCANIC_ROCK_VOUCHER_10000,SEASHELLS,100.0,1
439400,Camilla,Caesar,VOLCANIC_ROCK_VOUCHER_10000,SEASHELLS,96.0,12
440500,Camilla,Caesar,VOLCANIC_ROCK_VOUCHER_10000,SEASHELLS,101.0,11
441600,Camilla,Caesar,VOLCANIC_ROCK_VOUCHER_10000,SEASHELLS,103.0,14
441600,Caesar,Caesar,VOLCANIC_ROCK_VOUCHER_10000,SEASHELLS,103.0,1
442000,Camilla,Caesar,VOLCANIC_ROCK_VOUCHER_10000,SEASHELLS,104.0,17
442000,Caesar,Caesar,VOLCANIC_ROCK_VOUCHER_10000,SEASHELLS,104.0,2
442100,Camilla,Caesar,VOLCANIC_ROCK_VOUCHER_10000,SEASHELLS,111.0,13
442900,Camilla,Pablo,VOLCANIC_ROCK_VOUCHER_10000,SEASHELLS,114.0,10
443700,Camilla,Caesar,VOLCANIC_ROCK_VOUCHER_10000,SEASHELLS,112.0,11
444500,Camilla,Penelope,VOLCANIC_ROCK_VOUCHER_10000,SEASHELLS,118.0,16
444500,Caesar,Penelope,VOLCANIC_ROCK_VOUCHER_10000,SEASHELLS,118.0,2
444600,Camilla,Caesar,VOLCANIC_ROCK_VOUCHER_10000,SEASHELLS,115.0,10
444600,Caesar,Caesar,VOLCANIC_ROCK_VOUCHER_10000,SEASHELLS,115.0,2
445000,Camilla,Caesar,VOLCANIC_ROCK_VOUCHER_10000,SEASHELLS,116.0,11
445500,Camilla,Caesar,VOLCANIC_ROCK_VOUCHER_10000,SEASHELLS,112.0,11
446800,Camilla,Pablo,VOLCANIC_ROCK_VOUCHER_10000,SEASHELLS,132.0,8
448300,Camilla,Caesar,VOLCANIC_ROCK_VOUCHER_10000,SEASHELLS,133.0,10
449100,Camilla,Caesar,VOLCANIC_ROCK_VOUCHER_10000,SEASHELLS,136.0,17
449600,Camilla,Caesar,VOLCANIC_ROCK_VOUCHER_10000,SEASHELLS,142.0,12
449600,Caesar,Caesar,VOLCANIC_ROCK_VOUCHER_10000,SEASHELLS,142.0,2
449700,Camilla,Penelope,VOLCANIC_ROCK_VOUCHER_10000,SEASHELLS,135.0,12
449900,Camilla,Caesar,VOLCANIC_ROCK_VOUCHER_10000,SEASHELLS,132.0,15
449900,Caesar,Caesar,VOLCANIC_ROCK_VOUCHER_10000,SEASHELLS,132.0,2
450400,Camilla,Caesar,VOLCANIC_ROCK_VOUCHER_10000,SEASHELLS,124.0,11
450400,Caesar,Caesar,VOLCANIC_ROCK_VOUCHER_10000,SEASHELLS,124.0,1
451700,Camilla,Caesar,VOLCANIC_ROCK_VOUCHER_10000,SEASHELLS,124.0,13
451800,Camilla,Caesar,VOLCANIC_ROCK_VOUCHER_10000,SEASHELLS,125.0,13
453900,Camilla,Pablo,VOLCANIC_ROCK_VOUCHER_10000,SEASHELLS,114.0,11
453900,Caesar,Pablo,VOLCANIC_ROCK_VOUCHER_10000,SEASHELLS,114.0,1
456300,Camilla,Pablo,VOLCANIC_ROCK_VOUCHER_10000,SEASHELLS,114.0,13
456300,Caesar,Pablo,VOLCANIC_ROCK_VOUCHER_10000,SEASHELLS,114.0,2
456800,Camilla,Caesar,VOLCANIC_ROCK_VOUCHER_10000,SEASHELLS,114.0,10
458500,Camilla,Caesar,VOLCANIC_ROCK_VOUCHER_10000,SEASHELLS,117.0,19
458500,Caesar,Caesar,VOLCANIC_ROCK_VOUCHER_10000,SEASHELLS,117.0,1
459100,Camilla,Caesar,VOLCANIC_ROCK_VOUCHER_10000,SEASHELLS,127.0,16
461400,Penelope,Camilla,VOLCANIC_ROCK_VOUCHER_10000,SEASHELLS,135.0,12
461600,Camilla,Caesar,VOLCANIC_ROCK_VOUCHER_10000,SEASHELLS,132.0,16
463700,Camilla,Pablo,VOLCANIC_ROCK_VOUCHER_10000,SEASHELLS,139.0,8
464800,Penelope,Camilla,VOLCANIC_ROCK_VOUCHER_10000,SEASHELLS,142.0,10
465400,Camilla,Pablo,VOLCANIC_ROCK_VOUCHER_10000,SEASHELLS,139.0,13
466800,Camilla,Penelope,VOLCANIC_ROCK_VOUCHER_10000,SEASHELLS,132.0,15
467600,Camilla,Caesar,VOLCANIC_ROCK_VOUCHER_10000,SEASHELLS,127.0,12
467600,Caesar,Caesar,VOLCANIC_ROCK_VOUCHER_10000,SEASHELLS,127.0,2
467800,Camilla,Caesar,VOLCANIC_ROCK_VOUCHER_10000,SEASHELLS,132.0,13
468100,Camilla,Caesar,VOLCANIC_ROCK_VOUCHER_10000,SEASHELLS,131.0,14
468100,Caesar,Caesar,VOLCANIC_ROCK_VOUCHER_10000,SEASHELLS,131.0,2
470000,Camilla,Caesar,VOLCANIC_ROCK_VOUCHER_10000,SEASHELLS,139.0,12
470000,Caesar,Caesar,VOLCANIC_ROCK_VOUCHER_10000,SEASHELLS,139.0,1
470300,Camilla,Pablo,VOLCANIC_ROCK_VOUCHER_10000,SEASHELLS,145.0,6
470700,Camilla,Caesar,VOLCANIC_ROCK_VOUCHER_10000,SEASHELLS,146.0,11
471000,Camilla,Caesar,VOLCANIC_ROCK_VOUCHER_10000,SEASHELLS,142.0,10
472000,Camilla,Caesar,VOLCANIC_ROCK_VOUCHER_10000,SEASHELLS,138.0,10
473100,Camilla,Caesar,VOLCANIC_ROCK_VOUCHER_10000,SEASHELLS,140.0,11
473800,Camilla,Pablo,VOLCANIC_ROCK_VOUCHER_10000,SEASHELLS,136.0,15
476500,Camilla,Penelope,VOLCANIC_ROCK_VOUCHER_10000,SEASHELLS,129.0,14
477100,Camilla,Caesar,VOLCANIC_ROCK_VOUCHER_10000,SEASHELLS,131.0,14
477100,Caesar,Caesar,VOLCANIC_ROCK_VOUCHER_10000,SEASHELLS,131.0,1
477700,Camilla,Caesar,VOLCANIC_ROCK_VOUCHER_10000,SEASHELLS,129.0,10
478200,Camilla,Caesar,VOLCANIC_ROCK_VOUCHER_10000,SEASHELLS,133.0,12
479000,Camilla,Caesar,VOLCANIC_ROCK_VOUCHER_10000,SEASHELLS,131.0,13
479000,Caesar,Caesar,VOLCANIC_ROCK_VOUCHER_10000,SEASHELLS,131.0,2
480300,Camilla,Caesar,VOLCANIC_ROCK_VOUCHER_10000,SEASHELLS,139.0,17
480700,Camilla,Caesar,VOLCANIC_ROCK_VOUCHER_10000,SEASHELLS,132.0,12
480700,Caesar,Caesar,VOLCANIC_ROCK_VOUCHER_10000,SEASHELLS,132.0,1
480800,Penelope,Camilla,VOLCANIC_ROCK_VOUCHER_10000,SEASHELLS,136.0,10
480800,Penelope,Caesar,VOLCANIC_ROCK_VOUCHER_10000,SEASHELLS,136.0,1
482900,Penelope,Camilla,VOLCANIC_ROCK_VOUCHER_10000,SEASHELLS,138.0,15
482900,Penelope,Caesar,VOLCANIC_ROCK_VOUCHER_10000,SEASHELLS,138.0,1
483800,Camilla,Caesar,VOLCANIC_ROCK_VOUCHER_10000,SEASHELLS,133.0,12
485300,Camilla,Caesar,VOLCANIC_ROCK_VOUCHER_10000,SEASHELLS,131.0,11
485300,Caesar,Caesar,VOLCANIC_ROCK_VOUCHER_10000,SEASHELLS,131.0,1
486100,Camilla,Caesar,VOLCANIC_ROCK_VOUCHER_10000,SEASHELLS,125.0,10
489100,Penelope,Camilla,VOLCANIC_ROCK_VOUCHER_10000,SEASHELLS,124.0,12
489100,Penelope,Caesar,VOLCANIC_ROCK_VOUCHER_10000,SEASHELLS,124.0,1
489400,Camilla,Caesar,VOLCANIC_ROCK_VOUCHER_10000,SEASHELLS,120.0,11
490900,Penelope,Camilla,VOLCANIC_ROCK_VOUCHER_10000,SEASHELLS,137.0,15
492200,Camilla,Caesar,VOLCANIC_ROCK_VOUCHER_10000,SEASHELLS,150.0,11
492200,Caesar,Caesar,VOLCANIC_ROCK_VOUCHER_10000,SEASHELLS,150.0,2
492900,Camilla,Pablo,VOLCANIC_ROCK_VOUCHER_10000,SEASHELLS,154.0,14
494700,Camilla,Pablo,VOLCANIC_ROCK_VOUCHER_10000,SEASHELLS,150.0,7
494700,Penelope,Camilla,VOLCANIC_ROCK_VOUCHER_10000,SEASHELLS,151.0,12
495800,Camilla,Caesar,VOLCANIC_ROCK_VOUCHER_10000,SEASHELLS,146.0,12
495800,Caesar,Caesar,VOLCANIC_ROCK_VOUCHER_10000,SEASHELLS,146.0,2
496100,Camilla,Caesar,VOLCANIC_ROCK_VOUCHER_10000,SEASHELLS,145.0,13
497100,Camilla,Penelope,VOLCANIC_ROCK_VOUCHER_10000,SEASHELLS,152.0,13
497100,Caesar,Penelope,VOLCANIC_ROCK_VOUCHER_10000,SEASHELLS,152.0,1
498000,Camilla,Caesar,VOLCANIC_ROCK_VOUCHER_10000,SEASHELLS,150.0,10
498600,Camilla,Pablo,VOLCANIC_ROCK_VOUCHER_10000,SEASHELLS,137.0,14
500500,Camilla,Caesar,VOLCANIC_ROCK_VOUCHER_10000,SEASHELLS,145.0,12
500500,Caesar,Caesar,VOLCANIC_ROCK_VOUCHER_10000,SEASHELLS,145.0,2
502300,Camilla,Caesar,VOLCANIC_ROCK_VOUCHER_10000,SEASHELLS,152.0,16
502300,Caesar,Caesar,VOLCANIC_ROCK_VOUCHER_10000,SEASHELLS,152.0,2
502600,Camilla,Caesar,VOLCANIC_ROCK_VOUCHER_10000,SEASHELLS,146.0,12
502600,Caesar,Caesar,VOLCANIC_ROCK_VOUCHER_10000,SEASHELLS,146.0,2
504300,Camilla,Caesar,VOLCANIC_ROCK_VOUCHER_10000,SEASHELLS,151.0,11
504700,Camilla,Penelope,VOLCANIC_ROCK_VOUCHER_10000,SEASHELLS,152.0,12
504700,Caesar,Penelope,VOLCANIC_ROCK_VOUCHER_10000,SEASHELLS,152.0,1
505500,Camilla,Penelope,VOLCANIC_ROCK_VOUCHER_10000,SEASHELLS,148.0,15
505900,Camilla,Caesar,VOLCANIC_ROCK_VOUCHER_10000,SEASHELLS,146.0,15
508100,Camilla,Pablo,VOLCANIC_ROCK_VOUCHER_10000,SEASHELLS,147.0,7
509700,Penelope,Camilla,VOLCANIC_ROCK_VOUCHER_10000,SEASHELLS,141.0,14
509700,Penelope,Caesar,VOLCANIC_ROCK_VOUCHER_10000,SEASHELLS,141.0,2
511100,Camilla,Caesar,VOLCANIC_ROCK_VOUCHER_10000,SEASHELLS,137.0,11
511400,Camilla,Penelope,VOLCANIC_ROCK_VOUCHER_10000,SEASHELLS,136.0,14
511400,Caesar,Penelope,VOLCANIC_ROCK_VOUCHER_10000,SEASHELLS,136.0,1
512800,Camilla,Caesar,VOLCANIC_ROCK_VOUCHER_10000,SEASHELLS,151.0,10
512800,Caesar,Caesar,VOLCANIC_ROCK_VOUCHER_10000,SEASHELLS,151.0,2
515100,Camilla,Pablo,VOLCANIC_ROCK_VOUCHER_10000,SEASHELLS,153.0,10
516500,Camilla,Caesar,VOLCANIC_ROCK_VOUCHER_10000,SEASHELLS,159.0,12
519300,Camilla,Caesar,VOLCANIC_ROCK_VOUCHER_10000,SEASHELLS,158.0,16
519300,Caesar,Caesar,VOLCANIC_ROCK_VOUCHER_10000,SEASHELLS,158.0,2
521200,Camilla,Penelope,VOLCANIC_ROCK_VOUCHER_10000,SEASHELLS,150.0,13
521200,Caesar,Penelope,VOLCANIC_ROCK_VOUCHER_10000,SEASHELLS,150.0,1
523200,Camilla,Caesar,VOLCANIC_ROCK_VOUCHER_10000,SEASHELLS,172.0,14
523900,Camilla,Caesar,VOLCANIC_ROCK_VOUCHER_10000,SEASHELLS,166.0,14
523900,Camilla,Penelope,VOLCANIC_ROCK_VOUCHER_10000,SEASHELLS,166.0,1
527300,Camilla,Caesar,VOLCANIC_ROCK_VOUCHER_10000,SEASHELLS,167.0,18
527300,Caesar,Caesar,VOLCANIC_ROCK_VOUCHER_10000,SEASHELLS,167.0,1
529100,Camilla,Caesar,VOLCANIC_ROCK_VOUCHER_10000,SEASHELLS,169.0,10
529500,Penelope,Camilla,VOLCANIC_ROCK_VOUCHER_10000,SEASHELLS,168.0,12
529500,Penelope,Caesar,VOLCANIC_ROCK_VOUCHER_10000,SEASHELLS,168.0,2
531300,Camilla,Penelope,VOLCANIC_ROCK_VOUCHER_10000,SEASHELLS,162.0,11
531900,Camilla,Penelope,VOLCANIC_ROCK_VOUCHER_10000,SEASHELLS,171.0,14
531900,Caesar,Penelope,VOLCANIC_ROCK_VOUCHER_10000,SEASHELLS,171.0,2
535700,Camilla,Caesar,VOLCANIC_ROCK_VOUCHER_10000,SEASHELLS,181.0,16
535700,Caesar,Caesar,VOLCANIC_ROCK_VOUCHER_10000,SEASHELLS,181.0,1
537400,Camilla,Caesar,VOLCANIC_ROCK_VOUCHER_10000,SEASHELLS,167.0,13
537400,Caesar,Caesar,VOLCANIC_ROCK_VOUCHER_10000,SEASHELLS,167.0,1
538400,Camilla,Caesar,VOLCANIC_ROCK_VOUCHER_10000,SEASHELLS,167.0,14
538800,Camilla,Caesar,VOLCANIC_ROCK_VOUCHER_10000,SEASHELLS,165.0,15
538800,Camilla,Penelope,VOLCANIC_ROCK_VOUCHER_10000,SEASHELLS,165.0,3
538800,Caesar,Penelope,VOLCANIC_ROCK_VOUCHER_10000,SEASHELLS,165.0,2
541100,Camilla,Caesar,VOLCANIC_ROCK_VOUCHER_10000,SEASHELLS,162.0,18
541100,Caesar,Caesar,VOLCANIC_ROCK_VOUCHER_10000,SEASHELLS,162.0,1
541200,Penelope,Camilla,VOLCANIC_ROCK_VOUCHER_10000,SEASHELLS,156.0,16
542500,Penelope,Camilla,VOLCANIC_ROCK_VOUCHER_10000,SEASHELLS,173.0,18
544000,Camilla,Penelope,VOLCANIC_ROCK_VOUCHER_10000,SEASHELLS,172.0,15
544300,Camilla,Pablo,VOLCANIC_ROCK_VOUCHER_10000,SEASHELLS,171.0,11
547900,Camilla,Penelope,VOLCANIC_ROCK_VOUCHER_10000,SEASHELLS,153.0,15
548300,Penelope,Camilla,VOLCANIC_ROCK_VOUCHER_10000,SEASHELLS,152.0,17
548300,Penelope,Caesar,VOLCANIC_ROCK_VOUCHER_10000,SEASHELLS,152.0,1
550300,Camilla,Caesar,VOLCANIC_ROCK_VOUCHER_10000,SEASHELLS,145.0,15
551900,Camilla,Penelope,VOLCANIC_ROCK_VOUCHER_10000,SEASHELLS,145.0,15
552600,Camilla,Caesar,VOLCANIC_ROCK_VOUCHER_10000,SEASHELLS,140.0,11
554400,Camilla,Penelope,VOLCANIC_ROCK_VOUCHER_10000,SEASHELLS,138.0,10
554400,Caesar,Penelope,VOLCANIC_ROCK_VOUCHER_10000,SEASHELLS,138.0,2
556500,Camilla,Caesar,VOLCANIC_ROCK_VOUCHER_10000,SEASHELLS,147.0,17
556500,Caesar,Caesar,VOLCANIC_ROCK_VOUCHER_10000,SEASHELLS,147.0,2
557500,Penelope,Camilla,VOLCANIC_ROCK_VOUCHER_10000,SEASHELLS,151.0,12
557600,Camilla,Caesar,VOLCANIC_ROCK_VOUCHER_10000,SEASHELLS,151.0,10
558700,Camilla,Caesar,VOLCANIC_ROCK_VOUCHER_10000,SEASHELLS,141.0,10
559600,Camilla,Penelope,VOLCANIC_ROCK_VOUCHER_10000,SEASHELLS,142.0,12
563900,Camilla,Caesar,VOLCANIC_ROCK_VOUCHER_10000,SEASHELLS,148.0,16
564500,Camilla,Caesar,VOLCANIC_ROCK_VOUCHER_10000,SEASHELLS,144.0,11
565300,Penelope,Camilla,VOLCANIC_ROCK_VOUCHER_10000,SEASHELLS,154.0,16
567100,Camilla,Pablo,VOLCANIC_ROCK_VOUCHER_10000,SEASHELLS,146.0,9
568200,Camilla,Caesar,VOLCANIC_ROCK_VOUCHER_10000,SEASHELLS,150.0,12
570100,Camilla,Caesar,VOLCANIC_ROCK_VOUCHER_10000,SEASHELLS,150.0,11
571200,Camilla,Pablo,VOLCANIC_ROCK_VOUCHER_10000,SEASHELLS,149.0,10
573500,Penelope,Camilla,VOLCANIC_ROCK_VOUCHER_10000,SEASHELLS,153.0,14
576400,Camilla,Penelope,VOLCANIC_ROCK_VOUCHER_10000,SEASHELLS,160.0,10
577100,Penelope,Camilla,VOLCANIC_ROCK_VOUCHER_10000,SEASHELLS,160.0,17
577200,Camilla,Caesar,VOLCANIC_ROCK_VOUCHER_10000,SEASHELLS,155.0,12
577200,Caesar,Caesar,VOLCANIC_ROCK_VOUCHER_10000,SEASHELLS,155.0,1
577700,Penelope,Camilla,VOLCANIC_ROCK_VOUCHER_10000,SEASHELLS,158.0,13
579400,Camilla,Caesar,VOLCANIC_ROCK_VOUCHER_10000,SEASHELLS,147.0,19
580400,Camilla,Caesar,VOLCANIC_ROCK_VOUCHER_10000,SEASHELLS,146.0,13
580400,Caesar,Caesar,VOLCANIC_ROCK_VOUCHER_10000,SEASHELLS,146.0,2
581800,Camilla,Penelope,VOLCANIC_ROCK_VOUCHER_10000,SEASHELLS,148.0,14
583500,Camilla,Penelope,VOLCANIC_ROCK_VOUCHER_10000,SEASHELLS,144.0,14
584600,Camilla,Caesar,VOLCANIC_ROCK_VOUCHER_10000,SEASHELLS,136.0,10
584600,Caesar,Caesar,VOLCANIC_ROCK_VOUCHER_10000,SEASHELLS,136.0,1
585000,Camilla,Caesar,VOLCANIC_ROCK_VOUCHER_10000,SEASHELLS,135.0,11
585000,Caesar,Caesar,VOLCANIC_ROCK_VOUCHER_10000,SEASHELLS,135.0,2
585700,Camilla,Caesar,VOLCANIC_ROCK_VOUCHER_10000,SEASHELLS,145.0,11
587200,Camilla,Caesar,VOLCANIC_ROCK_VOUCHER_10000,SEASHELLS,144.0,10
588100,Camilla,Caesar,VOLCANIC_ROCK_VOUCHER_10000,SEASHELLS,140.0,19
589100,Camilla,Caesar,VOLCANIC_ROCK_VOUCHER_10000,SEASHELLS,147.0,15
589100,Caesar,Caesar,VOLCANIC_ROCK_VOUCHER_10000,SEASHELLS,147.0,1
589800,Camilla,Caesar,VOLCANIC_ROCK_VOUCHER_10000,SEASHELLS,144.0,15
590400,Camilla,Caesar,VOLCANIC_ROCK_VOUCHER_10000,SEASHELLS,148.0,15
590400,Caesar,Caesar,VOLCANIC_ROCK_VOUCHER_10000,SEASHELLS,148.0,1
591300,Camilla,Penelope,VOLCANIC_ROCK_VOUCHER_10000,SEASHELLS,155.0,20
592900,Penelope,Camilla,VOLCANIC_ROCK_VOUCHER_10000,SEASHELLS,152.0,10
593000,Camilla,Caesar,VOLCANIC_ROCK_VOUCHER_10000,SEASHELLS,154.0,10
593800,Camilla,Caesar,VOLCANIC_ROCK_VOUCHER_10000,SEASHELLS,153.0,11
593800,Caesar,Caesar,VOLCANIC_ROCK_VOUCHER_10000,SEASHELLS,153.0,1
595100,Penelope,Camilla,VOLCANIC_ROCK_VOUCHER_10000,SEASHELLS,154.0,12
601000,Camilla,Caesar,VOLCANIC_ROCK_VOUCHER_10000,SEASHELLS,145.0,14
601000,Caesar,Caesar,VOLCANIC_ROCK_VOUCHER_10000,SEASHELLS,145.0,2
601500,Camilla,Caesar,VOLCANIC_ROCK_VOUCHER_10000,SEASHELLS,145.0,19
602500,Camilla,Caesar,VOLCANIC_ROCK_VOUCHER_10000,SEASHELLS,145.0,13
602500,Penelope,Camilla,VOLCANIC_ROCK_VOUCHER_10000,SEASHELLS,146.0,12
602800,Camilla,Caesar,VOLCANIC_ROCK_VOUCHER_10000,SEASHELLS,146.0,13
603100,Penelope,Camilla,VOLCANIC_ROCK_VOUCHER_10000,SEASHELLS,158.0,16
604000,Camilla,Caesar,VOLCANIC_ROCK_VOUCHER_10000,SEASHELLS,169.0,14
604000,Camilla,Penelope,VOLCANIC_ROCK_VOUCHER_10000,SEASHELLS,169.0,1
605300,Camilla,Caesar,VOLCANIC_ROCK_VOUCHER_10000,SEASHELLS,168.0,10
605300,Caesar,Caesar,VOLCANIC_ROCK_VOUCHER_10000,SEASHELLS,168.0,2
606000,Camilla,Pablo,VOLCANIC_ROCK_VOUCHER_10000,SEASHELLS,162.0,10
607600,Penelope,Camilla,VOLCANIC_ROCK_VOUCHER_10000,SEASHELLS,159.0,15
608100,Camilla,Caesar,VOLCANIC_ROCK_VOUCHER_10000,SEASHELLS,156.0,13
608300,Camilla,Penelope,VOLCANIC_ROCK_VOUCHER_10000,SEASHELLS,161.0,18
608300,Caesar,Penelope,VOLCANIC_ROCK_VOUCHER_10000,SEASHELLS,161.0,1
610400,Camilla,Caesar,VOLCANIC_ROCK_VOUCHER_10000,SEASHELLS,168.0,11
611300,Camilla,Caesar,VOLCANIC_ROCK_VOUCHER_10000,SEASHELLS,179.0,17
612700,Camilla,Caesar,VOLCANIC_ROCK_VOUCHER_10000,SEASHELLS,167.0,13
615200,Penelope,Camilla,VOLCANIC_ROCK_VOUCHER_10000,SEASHELLS,198.0,12
616600,Camilla,Pablo,VOLCANIC_ROCK_VOUCHER_10000,SEASHELLS,207.0,12
617600,Penelope,Camilla,VOLCANIC_ROCK_VOUCHER_10000,SEASHELLS,203.0,15
617600,Penelope,Caesar,VOLCANIC_ROCK_VOUCHER_10000,SEASHELLS,203.0,2
618800,Penelope,Camilla,VOLCANIC_ROCK_VOUCHER_10000,SEASHELLS,197.0,13
619300,Camilla,Caesar,VOLCANIC_ROCK_VOUCHER_10000,SEASHELLS,195.0,16
619500,Camilla,Caesar,VOLCANIC_ROCK_VOUCHER_10000,SEASHELLS,193.0,15
619500,Caesar,Caesar,VOLCANIC_ROCK_VOUCHER_10000,SEASHELLS,193.0,2
621300,Camilla,Caesar,VOLCANIC_ROCK_VOUCHER_10000,SEASHELLS,190.0,10
622100,Camilla,Caesar,VOLCANIC_ROCK_VOUCHER_10000,SEASHELLS,197.0,12
623900,Camilla,Caesar,VOLCANIC_ROCK_VOUCHER_10000,SEASHELLS,198.0,13
624200,Camilla,Caesar,VOLCANIC_ROCK_VOUCHER_10000,SEASHELLS,197.0,15
624200,Caesar,Caesar,VOLCANIC_ROCK_VOUCHER_10000,SEASHELLS,197.0,1
624200,Penelope,Caesar,VOLCANIC_ROCK_VOUCHER_10000,SEASHELLS,197.0,2
625400,Camilla,Caesar,VOLCANIC_ROCK_VOUCHER_10000,SEASHELLS,177.0,14
625600,Camilla,Caesar,VOLCANIC_ROCK_VOUCHER_10000,SEASHELLS,184.0,17
625600,Caesar,Caesar,VOLCANIC_ROCK_VOUCHER_10000,SEASHELLS,184.0,2
628400,Camilla,Caesar,VOLCANIC_ROCK_VOUCHER_10000,SEASHELLS,196.0,11
629100,Camilla,Caesar,VOLCANIC_ROCK_VOUCHER_10000,SEASHELLS,195.0,11
629100,Penelope,Caesar,VOLCANIC_ROCK_VOUCHER_10000,SEASHELLS,195.0,4
629800,Camilla,Caesar,VOLCANIC_ROCK_VOUCHER_10000,SEASHELLS,198.0,15
634900,Camilla,Caesar,VOLCANIC_ROCK_VOUCHER_10000,SEASHELLS,220.0,10
634900,Caesar,Caesar,VOLCANIC_ROCK_VOUCHER_10000,SEASHELLS,220.0,1
635700,Penelope,Camilla,VOLCANIC_ROCK_VOUCHER_10000,SEASHELLS,204.0,12
637500,Camilla,Pablo,VOLCANIC_ROCK_VOUCHER_10000,SEASHELLS,209.0,5
637600,Camilla,Caesar,VOLCANIC_ROCK_VOUCHER_10000,SEASHELLS,210.0,17
638300,Camilla,Pablo,VOLCANIC_ROCK_VOUCHER_10000,SEASHELLS,193.0,5
643400,Camilla,Caesar,VOLCANIC_ROCK_VOUCHER_10000,SEASHELLS,195.0,12
644100,Camilla,Penelope,VOLCANIC_ROCK_VOUCHER_10000,SEASHELLS,186.0,15
644100,Caesar,Penelope,VOLCANIC_ROCK_VOUCHER_10000,SEASHELLS,186.0,1
645500,Camilla,Caesar,VOLCANIC_ROCK_VOUCHER_10000,SEASHELLS,190.0,12
645500,Caesar,Caesar,VOLCANIC_ROCK_VOUCHER_10000,SEASHELLS,190.0,1
646300,Camilla,Caesar,VOLCANIC_ROCK_VOUCHER_10000,SEASHELLS,196.0,12
647300,Camilla,Caesar,VOLCANIC_ROCK_VOUCHER_10000,SEASHELLS,199.0,17
648000,Penelope,Camilla,VOLCANIC_ROCK_VOUCHER_10000,SEASHELLS,197.0,12
650000,Camilla,Caesar,VOLCANIC_ROCK_VOUCHER_10000,SEASHELLS,190.0,12
651200,Penelope,Camilla,VOLCANIC_ROCK_VOUCHER_10000,SEASHELLS,204.0,10
652300,Camilla,Pablo,VOLCANIC_ROCK_VOUCHER_10000,SEASHELLS,211.0,10
654900,Camilla,Caesar,VOLCANIC_ROCK_VOUCHER_10000,SEASHELLS,211.0,11
656000,Penelope,Camilla,VOLCANIC_ROCK_VOUCHER_10000,SEASHELLS,202.0,16
656700,Camilla,Caesar,VOLCANIC_ROCK_VOUCHER_10000,SEASHELLS,194.0,15
658600,Camilla,Caesar,VOLCANIC_ROCK_VOUCHER_10000,SEASHELLS,199.0,11
658600,Caesar,Caesar,VOLCANIC_ROCK_VOUCHER_10000,SEASHELLS,199.0,1
660200,Camilla,Caesar,VOLCANIC_ROCK_VOUCHER_10000,SEASHELLS,198.0,15
660500,Camilla,Caesar,VOLCANIC_ROCK_VOUCHER_10000,SEASHELLS,197.0,14
660600,Penelope,Camilla,VOLCANIC_ROCK_VOUCHER_10000,SEASHELLS,193.0,10
660600,Penelope,Caesar,VOLCANIC_ROCK_VOUCHER_10000,SEASHELLS,193.0,1
661500,Camilla,Caesar,VOLCANIC_ROCK_VOUCHER_10000,SEASHELLS,195.0,12
661500,Caesar,Caesar,VOLCANIC_ROCK_VOUCHER_10000,SEASHELLS,195.0,1
664600,Camilla,Pablo,VOLCANIC_ROCK_VOUCHER_10000,SEASHELLS,233.0,9
664900,Penelope,Camilla,VOLCANIC_ROCK_VOUCHER_10000,SEASHELLS,235.0,12
666100,Camilla,Caesar,VOLCANIC_ROCK_VOUCHER_10000,SEASHELLS,233.0,13
666100,Caesar,Caesar,VOLCANIC_ROCK_VOUCHER_10000,SEASHELLS,233.0,2
666500,Camilla,Penelope,VOLCANIC_ROCK_VOUCHER_10000,SEASHELLS,229.0,10
666500,Caesar,Penelope,VOLCANIC_ROCK_VOUCHER_10000,SEASHELLS,229.0,2
666500,Caesar,Penelope,VOLCANIC_ROCK_VOUCHER_10000,SEASHELLS,229.0,6
667100,Camilla,Caesar,VOLCANIC_ROCK_VOUCHER_10000,SEASHELLS,228.0,12
667100,Caesar,Caesar,VOLCANIC_ROCK_VOUCHER_10000,SEASHELLS,228.0,1
667400,Camilla,Caesar,VOLCANIC_ROCK_VOUCHER_10000,SEASHELLS,227.0,15
667400,Caesar,Caesar,VOLCANIC_ROCK_VOUCHER_10000,SEASHELLS,227.0,1
675700,Camilla,Caesar,VOLCANIC_ROCK_VOUCHER_10000,SEASHELLS,226.0,10
675700,Caesar,Caesar,VOLCANIC_ROCK_VOUCHER_10000,SEASHELLS,226.0,1
676500,Camilla,Caesar,VOLCANIC_ROCK_VOUCHER_10000,SEASHELLS,229.0,19
677900,Penelope,Camilla,VOLCANIC_ROCK_VOUCHER_10000,SEASHELLS,234.0,11
677900,Penelope,Caesar,VOLCANIC_ROCK_VOUCHER_10000,SEASHELLS,234.0,2
679500,Camilla,Penelope,VOLCANIC_ROCK_VOUCHER_10000,SEASHELLS,235.0,10
679500,Caesar,Penelope,VOLCANIC_ROCK_VOUCHER_10000,SEASHELLS,235.0,2
681400,Camilla,Caesar,VOLCANIC_ROCK_VOUCHER_10000,SEASHELLS,224.0,13
681700,Camilla,Caesar,VOLCANIC_ROCK_VOUCHER_10000,SEASHELLS,227.0,14
683600,Camilla,Caesar,VOLCANIC_ROCK_VOUCHER_10000,SEASHELLS,235.0,19
684600,Camilla,Caesar,VOLCANIC_ROCK_VOUCHER_10000,SEASHELLS,240.0,16
686000,Camilla,Penelope,VOLCANIC_ROCK_VOUCHER_10000,SEASHELLS,241.0,16
686000,Caesar,Penelope,VOLCANIC_ROCK_VOUCHER_10000,SEASHELLS,241.0,1
686400,Camilla,Caesar,VOLCANIC_ROCK_VOUCHER_10000,SEASHELLS,234.0,11
686700,Penelope,Camilla,VOLCANIC_ROCK_VOUCHER_10000,SEASHELLS,230.0,12
686700,Penelope,Caesar,VOLCANIC_ROCK_VOUCHER_10000,SEASHELLS,230.0,2
691000,Camilla,Caesar,VOLCANIC_ROCK_VOUCHER_10000,SEASHELLS,248.0,11
691100,Camilla,Caesar,VOLCANIC_ROCK_VOUCHER_10000,SEASHELLS,244.0,17
691100,Caesar,Caesar,VOLCANIC_ROCK_VOUCHER_10000,SEASHELLS,244.0,1
692200,Penelope,Camilla,VOLCANIC_ROCK_VOUCHER_10000,SEASHELLS,239.0,12
692200,Penelope,Caesar,VOLCANIC_ROCK_VOUCHER_10000,SEASHELLS,239.0,1
692700,Camilla,Caesar,VOLCANIC_ROCK_VOUCHER_10000,SEASHELLS,234.0,14
693200,Camilla,Caesar,VOLCANIC_ROCK_VOUCHER_10000,SEASHELLS,234.0,13
693600,Camilla,Penelope,VOLCANIC_ROCK_VOUCHER_10000,SEASHELLS,229.0,16
693900,Camilla,Caesar,VOLCANIC_ROCK_VOUCHER_10000,SEASHELLS,223.0,10
693900,Caesar,Caesar,VOLCANIC_ROCK_VOUCHER_10000,SEASHELLS,223.0,1
694100,Camilla,Caesar,VOLCANIC_ROCK_VOUCHER_10000,SEASHELLS,223.0,11
694100,Caesar,Caesar,VOLCANIC_ROCK_VOUCHER_10000,SEASHELLS,223.0,1
696000,Camilla,Penelope,VOLCANIC_ROCK_VOUCHER_10000,SEASHELLS,217.0,13
697400,Camilla,Penelope,VOLCANIC_ROCK_VOUCHER_10000,SEASHELLS,227.0,14
698300,Camilla,Caesar,VOLCANIC_ROCK_VOUCHER_10000,SEASHELLS,225.0,14
700700,Camilla,Caesar,VOLCANIC_ROCK_VOUCHER_10000,SEASHELLS,225.0,10
700700,Caesar,Caesar,VOLCANIC_ROCK_VOUCHER_10000,SEASHELLS,225.0,1
701000,Camilla,Caesar,VOLCANIC_ROCK_VOUCHER_10000,SEASHELLS,216.0,16
701000,Penelope,Camilla,VOLCANIC_ROCK_VOUCHER_10000,SEASHELLS,217.0,19
702300,Camilla,Penelope,VOLCANIC_ROCK_VOUCHER_10000,SEASHELLS,213.0,15
702500,Penelope,Camilla,VOLCANIC_ROCK_VOUCHER_10000,SEASHELLS,209.0,18
703600,Camilla,Pablo,VOLCANIC_ROCK_VOUCHER_10000,SEASHELLS,222.0,5
704600,Camilla,Penelope,VOLCANIC_ROCK_VOUCHER_10000,SEASHELLS,224.0,11
705600,Camilla,Penelope,VOLCANIC_ROCK_VOUCHER_10000,SEASHELLS,238.0,14
705600,Caesar,Penelope,VOLCANIC_ROCK_VOUCHER_10000,SEASHELLS,238.0,1
707000,Camilla,Caesar,VOLCANIC_ROCK_VOUCHER_10000,SEASHELLS,235.0,14
707300,Camilla,Penelope,VOLCANIC_ROCK_VOUCHER_10000,SEASHELLS,230.0,17
707300,Caesar,Penelope,VOLCANIC_ROCK_VOUCHER_10000,SEASHELLS,230.0,1
708400,Camilla,Pablo,VOLCANIC_ROCK_VOUCHER_10000,SEASHELLS,229.0,13
709800,Camilla,Pablo,VOLCANIC_ROCK_VOUCHER_10000,SEASHELLS,223.0,5
710600,Camilla,Caesar,VOLCANIC_ROCK_VOUCHER_10000,SEASHELLS,215.0,12
711300,Camilla,Caesar,VOLCANIC_ROCK_VOUCHER_10000,SEASHELLS,220.0,14
711300,Caesar,Caesar,VOLCANIC_ROCK_VOUCHER_10000,SEASHELLS,220.0,2
711400,Camilla,Caesar,VOLCANIC_ROCK_VOUCHER_10000,SEASHELLS,219.0,15
713500,Camilla,Caesar,VOLCANIC_ROCK_VOUCHER_10000,SEASHELLS,215.0,17
716400,Camilla,Pablo,VOLCANIC_ROCK_VOUCHER_10000,SEASHELLS,231.0,7
718400,Camilla,Pablo,VOLCANIC_ROCK_VOUCHER_10000,SEASHELLS,232.0,8
718900,Camilla,Pablo,VOLCANIC_ROCK_VOUCHER_10000,SEASHELLS,228.0,12
720500,Camilla,Caesar,VOLCANIC_ROCK_VOUCHER_10000,SEASHELLS,240.0,11
722800,Camilla,Pablo,VOLCANIC_ROCK_VOUCHER_10000,SEASHELLS,231.0,5
722800,Camilla,Penelope,VOLCANIC_ROCK_VOUCHER_10000,SEASHELLS,231.0,8
723200,Camilla,Penelope,VOLCANIC_ROCK_VOUCHER_10000,SEASHELLS,235.0,17
723200,Caesar,Penelope,VOLCANIC_ROCK_VOUCHER_10000,SEASHELLS,235.0,1
725000,Camilla,Caesar,VOLCANIC_ROCK_VOUCHER_10000,SEASHELLS,225.0,10
725500,Penelope,Camilla,VOLCANIC_ROCK_VOUCHER_10000,SEASHELLS,219.0,11
726000,Camilla,Penelope,VOLCANIC_ROCK_VOUCHER_10000,SEASHELLS,220.0,11
726700,Camilla,Penelope,VOLCANIC_ROCK_VOUCHER_10000,SEASHELLS,221.0,15
726800,Camilla,Pablo,VOLCANIC_ROCK_VOUCHER_10000,SEASHELLS,220.0,11
727400,Camilla,Penelope,VOLCANIC_ROCK_VOUCHER_10000,SEASHELLS,222.0,15
728300,Camilla,Pablo,VOLCANIC_ROCK_VOUCHER_10000,SEASHELLS,221.0,11
730800,Camilla,Caesar,VOLCANIC_ROCK_VOUCHER_10000,SEASHELLS,219.0,10
731400,Camilla,Caesar,VOLCANIC_ROCK_VOUCHER_10000,SEASHELLS,217.0,10
731400,Caesar,Caesar,VOLCANIC_ROCK_VOUCHER_10000,SEASHELLS,217.0,2
732900,Camilla,Penelope,VOLCANIC_ROCK_VOUCHER_10000,SEASHELLS,204.0,14
734100,Camilla,Caesar,VOLCANIC_ROCK_VOUCHER_10000,SEASHELLS,209.0,12
735900,Penelope,Camilla,VOLCANIC_ROCK_VOUCHER_10000,SEASHELLS,221.0,10
736000,Camilla,Penelope,VOLCANIC_ROCK_VOUCHER_10000,SEASHELLS,222.0,18
737100,Camilla,Caesar,VOLCANIC_ROCK_VOUCHER_10000,SEASHELLS,222.0,13
737300,Camilla,Caesar,VOLCANIC_ROCK_VOUCHER_10000,SEASHELLS,225.0,17
741000,Penelope,Camilla,VOLCANIC_ROCK_VOUCHER_10000,SEASHELLS,260.0,17
742100,Camilla,Pablo,VOLCANIC_ROCK_VOUCHER_10000,SEASHELLS,264.0,6
742700,Camilla,Caesar,VOLCANIC_ROCK_VOUCHER_10000,SEASHELLS,257.0,10
742700,Caesar,Caesar,VOLCANIC_ROCK_VOUCHER_10000,SEASHELLS,257.0,2
744700,Camilla,Penelope,VOLCANIC_ROCK_VOUCHER_10000,SEASHELLS,257.0,18
747100,Camilla,Caesar,VOLCANIC_ROCK_VOUCHER_10000,SEASHELLS,254.0,12
747100,Caesar,Caesar,VOLCANIC_ROCK_VOUCHER_10000,SEASHELLS,254.0,2
747800,Camilla,Caesar,VOLCANIC_ROCK_VOUCHER_10000,SEASHELLS,250.0,11
749600,Camilla,Caesar,VOLCANIC_ROCK_VOUCHER_10000,SEASHELLS,249.0,14
750200,Camilla,Penelope,VOLCANIC_ROCK_VOUCHER_10000,SEASHELLS,243.0,12
752500,Camilla,Caesar,VOLCANIC_ROCK_VOUCHER_10000,SEASHELLS,252.0,10
752500,Caesar,Caesar,VOLCANIC_ROCK_VOUCHER_10000,SEASHELLS,252.0,1
754800,Camilla,Caesar,VOLCANIC_ROCK_VOUCHER_10000,SEASHELLS,249.0,10
755400,Camilla,Pablo,VOLCANIC_ROCK_VOUCHER_10000,SEASHELLS,243.0,5
755400,Penelope,Camilla,VOLCANIC_ROCK_VOUCHER_10000,SEASHELLS,244.0,11
757300,Camilla,Caesar,VOLCANIC_ROCK_VOUCHER_10000,SEASHELLS,255.0,18
762000,Camilla,Pablo,VOLCANIC_ROCK_VOUCHER_10000,SEASHELLS,263.0,9
764500,Camilla,Caesar,VOLCANIC_ROCK_VOUCHER_10000,SEASHELLS,259.0,11
764700,Camilla,Caesar,VOLCANIC_ROCK_VOUCHER_10000,SEASHELLS,261.0,16
765300,Camilla,Pablo,VOLCANIC_ROCK_VOUCHER_10000,SEASHELLS,260.0,9
768900,Penelope,Camilla,VOLCANIC_ROCK_VOUCHER_10000,SEASHELLS,305.0,10
769700,Camilla,Penelope,VOLCANIC_ROCK_VOUCHER_10000,SEASHELLS,296.0,17
769700,Caesar,Penelope,VOLCANIC_ROCK_VOUCHER_10000,SEASHELLS,296.0,2
769800,Camilla,Pablo,VOLCANIC_ROCK_VOUCHER_10000,SEASHELLS,295.0,7
769800,Camilla,Penelope,VOLCANIC_ROCK_VOUCHER_10000,SEASHELLS,295.0,4
770700,Camilla,Caesar,VOLCANIC_ROCK_VOUCHER_10000,SEASHELLS,291.0,12
773600,Camilla,Caesar,VOLCANIC_ROCK_VOUCHER_10000,SEASHELLS,300.0,10
773600,Penelope,Camilla,VOLCANIC_ROCK_VOUCHER_10000,SEASHELLS,301.0,12
773600,Penelope,Caesar,VOLCANIC_ROCK_VOUCHER_10000,SEASHELLS,301.0,1
774100,Camilla,Caesar,VOLCANIC_ROCK_VOUCHER_10000,SEASHELLS,298.0,17
775100,Camilla,Caesar,VOLCANIC_ROCK_VOUCHER_10000,SEASHELLS,305.0,15
777500,Camilla,Caesar,VOLCANIC_ROCK_VOUCHER_10000,SEASHELLS,288.0,12
781300,Camilla,Caesar,VOLCANIC_ROCK_VOUCHER_10000,SEASHELLS,302.0,16
781400,Camilla,Caesar,VOLCANIC_ROCK_VOUCHER_10000,SEASHELLS,300.0,18
781700,Camilla,Caesar,VOLCANIC_ROCK_VOUCHER_10000,SEASHELLS,295.0,12
781700,Caesar,Caesar,VOLCANIC_ROCK_VOUCHER_10000,SEASHELLS,295.0,2
784700,Camilla,Caesar,VOLCANIC_ROCK_VOUCHER_10000,SEASHELLS,293.0,15
784700,Caesar,Caesar,VOLCANIC_ROCK_VOUCHER_10000,SEASHELLS,293.0,1
785500,Camilla,Caesar,VOLCANIC_ROCK_VOUCHER_10000,SEASHELLS,285.0,15
785800,Camilla,Penelope,VOLCANIC_ROCK_VOUCHER_10000,SEASHELLS,283.0,13
786100,Camilla,Penelope,VOLCANIC_ROCK_VOUCHER_10000,SEASHELLS,278.0,14
787800,Camilla,Caesar,VOLCANIC_ROCK_VOUCHER_10000,SEASHELLS,275.0,15
789500,Camilla,Caesar,VOLCANIC_ROCK_VOUCHER_10000,SEASHELLS,285.0,15
789700,Camilla,Pablo,VOLCANIC_ROCK_VOUCHER_10000,SEASHELLS,287.0,6
791600,Camilla,Caesar,VOLCANIC_ROCK_VOUCHER_10000,SEASHELLS,294.0,14
791600,Caesar,Caesar,VOLCANIC_ROCK_VOUCHER_10000,SEASHELLS,294.0,2
791700,Camilla,Pablo,VOLCANIC_ROCK_VOUCHER_10000,SEASHELLS,294.0,9
792000,Camilla,Caesar,VOLCANIC_ROCK_VOUCHER_10000,SEASHELLS,293.0,10
792000,Caesar,Caesar,VOLCANIC_ROCK_VOUCHER_10000,SEASHELLS,293.0,1
793300,Camilla,Caesar,VOLCANIC_ROCK_VOUCHER_10000,SEASHELLS,289.0,10
793600,Camilla,Caesar,VOLCANIC_ROCK_VOUCHER_10000,SEASHELLS,287.0,11
793600,Caesar,Caesar,VOLCANIC_ROCK_VOUCHER_10000,SEASHELLS,287.0,2
795700,Camilla,Caesar,VOLCANIC_ROCK_VOUCHER_10000,SEASHELLS,279.0,11
795700,Caesar,Caesar,VOLCANIC_ROCK_VOUCHER_10000,SEASHELLS,279.0,1
796300,Camilla,Caesar,VOLCANIC_ROCK_VOUCHER_10000,SEASHELLS,279.0,13
796800,Camilla,Penelope,VOLCANIC_ROCK_VOUCHER_10000,SEASHELLS,280.0,11
798000,Camilla,Caesar,VOLCANIC_ROCK_VOUCHER_10000,SEASHELLS,277.0,13
798000,Caesar,Caesar,VOLCANIC_ROCK_VOUCHER_10000,SEASHELLS,277.0,2
798500,Camilla,Caesar,VOLCANIC_ROCK_VOUCHER_10000,SEASHELLS,281.0,12
799100,Camilla,Pablo,VOLCANIC_ROCK_VOUCHER_10000,SEASHELLS,288.0,7
799400,Camilla,Penelope,VOLCANIC_ROCK_VOUCHER_10000,SEASHELLS,286.0,13
800100,Camilla,Caesar,VOLCANIC_ROCK_VOUCHER_10000,SEASHELLS,286.0,14
800100,Camilla,Penelope,VOLCANIC_ROCK_VOUCHER_10000,SEASHELLS,286.0,6
802100,Camilla,Caesar,VOLCANIC_ROCK_VOUCHER_10000,SEASHELLS,279.0,13
804300,Camilla,Caesar,VOLCANIC_ROCK_VOUCHER_10000,SEASHELLS,281.0,14
804300,Caesar,Caesar,VOLCANIC_ROCK_VOUCHER_10000,SEASHELLS,281.0,1
806700,Penelope,Camilla,VOLCANIC_ROCK_VOUCHER_10000,SEASHELLS,269.0,15
806700,Penelope,Caesar,VOLCANIC_ROCK_VOUCHER_10000,SEASHELLS,269.0,1
808000,Camilla,Caesar,VOLCANIC_ROCK_VOUCHER_10000,SEASHELLS,270.0,18
809500,Camilla,Caesar,VOLCANIC_ROCK_VOUCHER_10000,SEASHELLS,268.0,17
809500,Caesar,Caesar,VOLCANIC_ROCK_VOUCHER_10000,SEASHELLS,268.0,2
810900,Camilla,Caesar,VOLCANIC_ROCK_VOUCHER_10000,SEASHELLS,272.0,12
812800,Camilla,Caesar,VOLCANIC_ROCK_VOUCHER_10000,SEASHELLS,270.0,17
813500,Camilla,Caesar,VOLCANIC_ROCK_VOUCHER_10000,SEASHELLS,266.0,16
817900,Camilla,Caesar,VOLCANIC_ROCK_VOUCHER_10000,SEASHELLS,266.0,13
819800,Penelope,Camilla,VOLCANIC_ROCK_VOUCHER_10000,SEASHELLS,287.0,13
820700,Camilla,Caesar,VOLCANIC_ROCK_VOUCHER_10000,SEASHELLS,287.0,13
821900,Camilla,Caesar,VOLCANIC_ROCK_VOUCHER_10000,SEASHELLS,287.0,16
821900,Caesar,Caesar,VOLCANIC_ROCK_VOUCHER_10000,SEASHELLS,287.0,1
822300,Camilla,Pablo,VOLCANIC_ROCK_VOUCHER_10000,SEASHELLS,287.0,7
822700,Camilla,Penelope,VOLCANIC_ROCK_VOUCHER_10000,SEASHELLS,292.0,10
822700,Caesar,Penelope,VOLCANIC_ROCK_VOUCHER_10000,SEASHELLS,292.0,1
824200,Camilla,Caesar,VOLCANIC_ROCK_VOUCHER_10000,SEASHELLS,294.0,13
825700,Camilla,Caesar,VOLCANIC_ROCK_VOUCHER_10000,SEASHELLS,284.0,10
826700,Camilla,Caesar,VOLCANIC_ROCK_VOUCHER_10000,SEASHELLS,280.0,14
828400,Penelope,Camilla,VOLCANIC_ROCK_VOUCHER_10000,SEASHELLS,271.0,10
828400,Penelope,Caesar,VOLCANIC_ROCK_VOUCHER_10000,SEASHELLS,271.0,2
829000,Camilla,Caesar,VOLCANIC_ROCK_VOUCHER_10000,SEASHELLS,261.0,11
830000,Camilla,Caesar,VOLCANIC_ROCK_VOUCHER_10000,SEASHELLS,259.0,13
830000,Caesar,Caesar,VOLCANIC_ROCK_VOUCHER_10000,SEASHELLS,259.0,2
832500,Camilla,Caesar,VOLCANIC_ROCK_VOUCHER_10000,SEASHELLS,258.0,15
832500,Caesar,Caesar,VOLCANIC_ROCK_VOUCHER_10000,SEASHELLS,258.0,2
834400,Camilla,Caesar,VOLCANIC_ROCK_VOUCHER_10000,SEASHELLS,245.0,13
834400,Caesar,Caesar,VOLCANIC_ROCK_VOUCHER_10000,SEASHELLS,245.0,1
835100,Penelope,Camilla,VOLCANIC_ROCK_VOUCHER_10000,SEASHELLS,228.0,17
835400,Camilla,Caesar,VOLCANIC_ROCK_VOUCHER_10000,SEASHELLS,232.0,11
835400,Caesar,Caesar,VOLCANIC_ROCK_VOUCHER_10000,SEASHELLS,232.0,1
835900,Camilla,Pablo,VOLCANIC_ROCK_VOUCHER_10000,SEASHELLS,237.0,14
835900,Caesar,Pablo,VOLCANIC_ROCK_VOUCHER_10000,SEASHELLS,237.0,1
838900,Penelope,Camilla,VOLCANIC_ROCK_VOUCHER_10000,SEASHELLS,231.0,14
839900,Camilla,Caesar,VOLCANIC_ROCK_VOUCHER_10000,SEASHELLS,235.0,12
842400,Camilla,Caesar,VOLCANIC_ROCK_VOUCHER_10000,SEASHELLS,240.0,11
844500,Camilla,Caesar,VOLCANIC_ROCK_VOUCHER_10000,SEASHELLS,249.0,10
844500,Caesar,Caesar,VOLCANIC_ROCK_VOUCHER_10000,SEASHELLS,249.0,2
845000,Penelope,Camilla,VOLCANIC_ROCK_VOUCHER_10000,SEASHELLS,250.0,13
845100,Camilla,Caesar,VOLCANIC_ROCK_VOUCHER_10000,SEASHELLS,252.0,12
845100,Caesar,Caesar,VOLCANIC_ROCK_VOUCHER_10000,SEASHELLS,252.0,1
845400,Camilla,Caesar,VOLCANIC_ROCK_VOUCHER_10000,SEASHELLS,257.0,14
845700,Camilla,Penelope,VOLCANIC_ROCK_VOUCHER_10000,SEASHELLS,263.0,12
851000,Penelope,Camilla,VOLCANIC_ROCK_VOUCHER_10000,SEASHELLS,254.0,14
852300,Camilla,Caesar,VOLCANIC_ROCK_VOUCHER_10000,SEASHELLS,253.0,14
852300,Caesar,Caesar,VOLCANIC_ROCK_VOUCHER_10000,SEASHELLS,253.0,1
852300,Pablo,Caesar,VOLCANIC_ROCK_VOUCHER_10000,SEASHELLS,253.0,1
852300,Penelope,Camilla,VOLCANIC_ROCK_VOUCHER_10000,SEASHELLS,255.0,14
852300,Penelope,Caesar,VOLCANIC_ROCK_VOUCHER_10000,SEASHELLS,255.0,1
852600,Penelope,Camilla,VOLCANIC_ROCK_VOUCHER_10000,SEASHELLS,251.0,12
853100,Camilla,Caesar,VOLCANIC_ROCK_VOUCHER_10000,SEASHELLS,238.0,10
853800,Camilla,Caesar,VOLCANIC_ROCK_VOUCHER_10000,SEASHELLS,239.0,12
855100,Camilla,Caesar,VOLCANIC_ROCK_VOUCHER_10000,SEASHELLS,247.0,17
855900,Camilla,Pablo,VOLCANIC_ROCK_VOUCHER_10000,SEASHELLS,247.0,10
857800,Camilla,Pablo,VOLCANIC_ROCK_VOUCHER_10000,SEASHELLS,258.0,9
858900,Camilla,Caesar,VOLCANIC_ROCK_VOUCHER_10000,SEASHELLS,249.0,11
858900,Caesar,Caesar,VOLCANIC_ROCK_VOUCHER_10000,SEASHELLS,249.0,2
859300,Penelope,Camilla,VOLCANIC_ROCK_VOUCHER_10000,SEASHELLS,254.0,14
859300,Penelope,Caesar,VOLCANIC_ROCK_VOUCHER_10000,SEASHELLS,254.0,2
860000,Camilla,Caesar,VOLCANIC_ROCK_VOUCHER_10000,SEASHELLS,260.0,12
860000,Caesar,Caesar,VOLCANIC_ROCK_VOUCHER_10000,SEASHELLS,260.0,2
861100,Penelope,Camilla,VOLCANIC_ROCK_VOUCHER_10000,SEASHELLS,259.0,14
865000,Camilla,Caesar,VOLCANIC_ROCK_VOUCHER_10000,SEASHELLS,252.0,14
865100,Camilla,Caesar,VOLCANIC_ROCK_VOUCHER_10000,SEASHELLS,257.0,11
867400,Camilla,Caesar,VOLCANIC_ROCK_VOUCHER_10000,SEASHELLS,260.0,10
869100,Penelope,Camilla,VOLCANIC_ROCK_VOUCHER_10000,SEASHELLS,267.0,15
869500,Camilla,Caesar,VOLCANIC_ROCK_VOUCHER_10000,SEASHELLS,272.0,12
869600,Camilla,Penelope,VOLCANIC_ROCK_VOUCHER_10000,SEASHELLS,272.0,10
870200,Camilla,Caesar,VOLCANIC_ROCK_VOUCHER_10000,SEASHELLS,273.0,13
870500,Camilla,Caesar,VOLCANIC_ROCK_VOUCHER_10000,SEASHELLS,271.0,15
872500,Camilla,Penelope,VOLCANIC_ROCK_VOUCHER_10000,SEASHELLS,277.0,14
872500,Caesar,Penelope,VOLCANIC_ROCK_VOUCHER_10000,SEASHELLS,277.0,2
873300,Penelope,Camilla,VOLCANIC_ROCK_VOUCHER_10000,SEASHELLS,281.0,13
873800,Penelope,Camilla,VOLCANIC_ROCK_VOUCHER_10000,SEASHELLS,271.0,13
873800,Penelope,Caesar,VOLCANIC_ROCK_VOUCHER_10000,SEASHELLS,271.0,1
877900,Camilla,Caesar,VOLCANIC_ROCK_VOUCHER_10000,SEASHELLS,267.0,12
877900,Caesar,Caesar,VOLCANIC_ROCK_VOUCHER_10000,SEASHELLS,267.0,2
880200,Camilla,Caesar,VOLCANIC_ROCK_VOUCHER_10000,SEASHELLS,266.0,14
880200,Caesar,Caesar,VOLCANIC_ROCK_VOUCHER_10000,SEASHELLS,266.0,2
882200,Camilla,Pablo,VOLCANIC_ROCK_VOUCHER_10000,SEASHELLS,243.0,15
882700,Camilla,Caesar,VOLCANIC_ROCK_VOUCHER_10000,SEASHELLS,247.0,11
883300,Camilla,Caesar,VOLCANIC_ROCK_VOUCHER_10000,SEASHELLS,241.0,10
883900,Penelope,Camilla,VOLCANIC_ROCK_VOUCHER_10000,SEASHELLS,242.0,12
884300,Penelope,Camilla,VOLCANIC_ROCK_VOUCHER_10000,SEASHELLS,241.0,12
886300,Camilla,Caesar,VOLCANIC_ROCK_VOUCHER_10000,SEASHELLS,242.0,12
886300,Caesar,Caesar,VOLCANIC_ROCK_VOUCHER_10000,SEASHELLS,242.0,1
888500,Penelope,Camilla,VOLCANIC_ROCK_VOUCHER_10000,SEASHELLS,240.0,12
888700,Camilla,Caesar,VOLCANIC_ROCK_VOUCHER_10000,SEASHELLS,245.0,12
888700,Caesar,Caesar,VOLCANIC_ROCK_VOUCHER_10000,SEASHELLS,245.0,2
889900,Camilla,Caesar,VOLCANIC_ROCK_VOUCHER_10000,SEASHELLS,255.0,15
890800,Camilla,Penelope,VOLCANIC_ROCK_VOUCHER_10000,SEASHELLS,253.0,12
891000,Camilla,Penelope,VOLCANIC_ROCK_VOUCHER_10000,SEASHELLS,253.0,10
891300,Camilla,Caesar,VOLCANIC_ROCK_VOUCHER_10000,SEASHELLS,253.0,12
893000,Camilla,Caesar,VOLCANIC_ROCK_VOUCHER_10000,SEASHELLS,267.0,11
895300,Camilla,Penelope,VOLCANIC_ROCK_VOUCHER_10000,SEASHELLS,266.0,12
898600,Camilla,Caesar,VOLCANIC_ROCK_VOUCHER_10000,SEASHELLS,243.0,12
899600,Penelope,Camilla,VOLCANIC_ROCK_VOUCHER_10000,SEASHELLS,240.0,15
901600,Camilla,Caesar,VOLCANIC_ROCK_VOUCHER_10000,SEASHELLS,237.0,12
901600,Caesar,Caesar,VOLCANIC_ROCK_VOUCHER_10000,SEASHELLS,237.0,1
903300,Camilla,Caesar,VOLCANIC_ROCK_VOUCHER_10000,SEASHELLS,238.0,17
904500,Camilla,Caesar,VOLCANIC_ROCK_VOUCHER_10000,SEASHELLS,243.0,15
904500,Caesar,Caesar,VOLCANIC_ROCK_VOUCHER_10000,SEASHELLS,243.0,2
906900,Camilla,Caesar,VOLCANIC_ROCK_VOUCHER_10000,SEASHELLS,227.0,14
912000,Camilla,Penelope,VOLCANIC_ROCK_VOUCHER_10000,SEASHELLS,202.0,17
913100,Camilla,Caesar,VOLCANIC_ROCK_VOUCHER_10000,SEASHELLS,207.0,11
913800,Camilla,Caesar,VOLCANIC_ROCK_VOUCHER_10000,SEASHELLS,209.0,15
914300,Penelope,Camilla,VOLCANIC_ROCK_VOUCHER_10000,SEASHELLS,212.0,13
915500,Camilla,Caesar,VOLCANIC_ROCK_VOUCHER_10000,SEASHELLS,214.0,10
915500,Pablo,Caesar,VOLCANIC_ROCK_VOUCHER_10000,SEASHELLS,214.0,7
916900,Camilla,Penelope,VOLCANIC_ROCK_VOUCHER_10000,SEASHELLS,213.0,13
916900,Caesar,Penelope,VOLCANIC_ROCK_VOUCHER_10000,SEASHELLS,213.0,1
917500,Camilla,Caesar,VOLCANIC_ROCK_VOUCHER_10000,SEASHELLS,201.0,14
917500,Caesar,Caesar,VOLCANIC_ROCK_VOUCHER_10000,SEASHELLS,201.0,2
919600,Camilla,Penelope,VOLCANIC_ROCK_VOUCHER_10000,SEASHELLS,208.0,17
920200,Penelope,Camilla,VOLCANIC_ROCK_VOUCHER_10000,SEASHELLS,215.0,10
921800,Penelope,Camilla,VOLCANIC_ROCK_VOUCHER_10000,SEASHELLS,223.0,14
922400,Camilla,Pablo,VOLCANIC_ROCK_VOUCHER_10000,SEASHELLS,223.0,7
922500,Camilla,Pablo,VOLCANIC_ROCK_VOUCHER_10000,SEASHELLS,223.0,12
922800,Camilla,Penelope,VOLCANIC_ROCK_VOUCHER_10000,SEASHELLS,220.0,15
924200,Camilla,Caesar,VOLCANIC_ROCK_VOUCHER_10000,SEASHELLS,217.0,13
924200,Caesar,Caesar,VOLCANIC_ROCK_VOUCHER_10000,SEASHELLS,217.0,1
924400,Penelope,Camilla,VOLCANIC_ROCK_VOUCHER_10000,SEASHELLS,218.0,13
926600,Camilla,Caesar,VOLCANIC_ROCK_VOUCHER_10000,SEASHELLS,214.0,13
927700,Penelope,Camilla,VOLCANIC_ROCK_VOUCHER_10000,SEASHELLS,223.0,15
927700,Penelope,Caesar,VOLCANIC_ROCK_VOUCHER_10000,SEASHELLS,223.0,1
928100,Camilla,Caesar,VOLCANIC_ROCK_VOUCHER_10000,SEASHELLS,222.0,15
928100,Caesar,Caesar,VOLCANIC_ROCK_VOUCHER_10000,SEASHELLS,222.0,2
928300,Penelope,Camilla,VOLCANIC_ROCK_VOUCHER_10000,SEASHELLS,226.0,10
928300,Penelope,Caesar,VOLCANIC_ROCK_VOUCHER_10000,SEASHELLS,226.0,2
931700,Camilla,Caesar,VOLCANIC_ROCK_VOUCHER_10000,SEASHELLS,205.0,15
932700,Camilla,Caesar,VOLCANIC_ROCK_VOUCHER_10000,SEASHELLS,203.0,15
933300,Camilla,Penelope,VOLCANIC_ROCK_VOUCHER_10000,SEASHELLS,208.0,13
933300,Caesar,Penelope,VOLCANIC_ROCK_VOUCHER_10000,SEASHELLS,208.0,2
933600,Camilla,Caesar,VOLCANIC_ROCK_VOUCHER_10000,SEASHELLS,213.0,10
934000,Camilla,Pablo,VOLCANIC_ROCK_VOUCHER_10000,SEASHELLS,212.0,8
934200,Penelope,Camilla,VOLCANIC_ROCK_VOUCHER_10000,SEASHELLS,207.0,18
934300,Camilla,Caesar,VOLCANIC_ROCK_VOUCHER_10000,SEASHELLS,206.0,12
934900,Penelope,Camilla,VOLCANIC_ROCK_VOUCHER_10000,SEASHELLS,216.0,18
936100,Camilla,Caesar,VOLCANIC_ROCK_VOUCHER_10000,SEASHELLS,216.0,15
936600,Camilla,Penelope,VOLCANIC_ROCK_VOUCHER_10000,SEASHELLS,224.0,14
937300,Camilla,Penelope,VOLCANIC_ROCK_VOUCHER_10000,SEASHELLS,224.0,16
937900,Camilla,Caesar,VOLCANIC_ROCK_VOUCHER_10000,SEASHELLS,230.0,17
939000,Camilla,Caesar,VOLCANIC_ROCK_VOUCHER_10000,SEASHELLS,233.0,13
940800,Camilla,Caesar,VOLCANIC_ROCK_VOUCHER_10000,SEASHELLS,232.0,11
940800,Caesar,Caesar,VOLCANIC_ROCK_VOUCHER_10000,SEASHELLS,232.0,1
942300,Camilla,Penelope,VOLCANIC_ROCK_VOUCHER_10000,SEASHELLS,229.0,10
942600,Camilla,Caesar,VOLCANIC_ROCK_VOUCHER_10000,SEASHELLS,224.0,11
943800,Camilla,Caesar,VOLCANIC_ROCK_VOUCHER_10000,SEASHELLS,222.0,11
946300,Camilla,Caesar,VOLCANIC_ROCK_VOUCHER_10000,SEASHELLS,225.0,20
947000,Camilla,Caesar,VOLCANIC_ROCK_VOUCHER_10000,SEASHELLS,226.0,13
947000,Caesar,Caesar,VOLCANIC_ROCK_VOUCHER_10000,SEASHELLS,226.0,1
947300,Camilla,Penelope,VOLCANIC_ROCK_VOUCHER_10000,SEASHELLS,221.0,15
947300,Caesar,Penelope,VOLCANIC_ROCK_VOUCHER_10000,SEASHELLS,221.0,2
949600,Camilla,Penelope,VOLCANIC_ROCK_VOUCHER_10000,SEASHELLS,242.0,11
949900,Camilla,Caesar,VOLCANIC_ROCK_VOUCHER_10000,SEASHELLS,240.0,11
951000,Camilla,Caesar,VOLCANIC_ROCK_VOUCHER_10000,SEASHELLS,242.0,10
951000,Caesar,Caesar,VOLCANIC_ROCK_VOUCHER_10000,SEASHELLS,242.0,2
952400,Camilla,Caesar,VOLCANIC_ROCK_VOUCHER_10000,SEASHELLS,242.0,17
954500,Camilla,Caesar,VOLCANIC_ROCK_VOUCHER_10000,SEASHELLS,242.0,15
959500,Camilla,Caesar,VOLCANIC_ROCK_VOUCHER_10000,SEASHELLS,221.0,12
959900,Camilla,Caesar,VOLCANIC_ROCK_VOUCHER_10000,SEASHELLS,222.0,16
960600,Camilla,Pablo,VOLCANIC_ROCK_VOUCHER_10000,SEASHELLS,222.0,9
960700,Camilla,Caesar,VOLCANIC_ROCK_VOUCHER_10000,SEASHELLS,220.0,11
960700,Penelope,Caesar,VOLCANIC_ROCK_VOUCHER_10000,SEASHELLS,220.0,4
961600,Camilla,Caesar,VOLCANIC_ROCK_VOUCHER_10000,SEASHELLS,219.0,12
963500,Camilla,Caesar,VOLCANIC_ROCK_VOUCHER_10000,SEASHELLS,218.0,17
965400,Camilla,Caesar,VOLCANIC_ROCK_VOUCHER_10000,SEASHELLS,224.0,13
965400,Caesar,Caesar,VOLCANIC_ROCK_VOUCHER_10000,SEASHELLS,224.0,1
966400,Camilla,Pablo,VOLCANIC_ROCK_VOUCHER_10000,SEASHELLS,217.0,8
967300,Penelope,Camilla,VOLCANIC_ROCK_VOUCHER_10000,SEASHELLS,215.0,11
971600,Camilla,Caesar,VOLCANIC_ROCK_VOUCHER_10000,SEASHELLS,213.0,14
971600,Caesar,Caesar,VOLCANIC_ROCK_VOUCHER_10000,SEASHELLS,213.0,1
972800,Camilla,Pablo,VOLCANIC_ROCK_VOUCHER_10000,SEASHELLS,218.0,11
973000,Camilla,Caesar,VOLCANIC_ROCK_VOUCHER_10000,SEASHELLS,216.0,16
973000,Caesar,Caesar,VOLCANIC_ROCK_VOUCHER_10000,SEASHELLS,216.0,2
973700,Camilla,Caesar,VOLCANIC_ROCK_VOUCHER_10000,SEASHELLS,218.0,12
973800,Camilla,Caesar,VOLCANIC_ROCK_VOUCHER_10000,SEASHELLS,211.0,13
974300,Camilla,Pablo,VOLCANIC_ROCK_VOUCHER_10000,SEASHELLS,217.0,14
974300,Caesar,Pablo,VOLCANIC_ROCK_VOUCHER_10000,SEASHELLS,217.0,1
974500,Camilla,Caesar,VOLCANIC_ROCK_VOUCHER_10000,SEASHELLS,215.0,10
974800,Camilla,Caesar,VOLCANIC_ROCK_VOUCHER_10000,SEASHELLS,216.0,18
974800,Caesar,Caesar,VOLCANIC_ROCK_VOUCHER_10000,SEASHELLS,216.0,2
975500,Camilla,Caesar,VOLCANIC_ROCK_VOUCHER_10000,SEASHELLS,216.0,13
975500,Caesar,Caesar,VOLCANIC_ROCK_VOUCHER_10000,SEASHELLS,216.0,2
976100,Camilla,Caesar,VOLCANIC_ROCK_VOUCHER_10000,SEASHELLS,213.0,14
976100,Caesar,Caesar,VOLCANIC_ROCK_VOUCHER_10000,SEASHELLS,213.0,2
977000,Camilla,Caesar,VOLCANIC_ROCK_VOUCHER_10000,SEASHELLS,216.0,18
977100,Camilla,Pablo,VOLCANIC_ROCK_VOUCHER_10000,SEASHELLS,217.0,12
977900,Penelope,Camilla,VOLCANIC_ROCK_VOUCHER_10000,SEASHELLS,217.0,10
978800,Camilla,Caesar,VOLCANIC_ROCK_VOUCHER_10000,SEASHELLS,216.0,15
981100,Camilla,Caesar,VOLCANIC_ROCK_VOUCHER_10000,SEASHELLS,205.0,16
981400,Camilla,Caesar,VOLCANIC_ROCK_VOUCHER_10000,SEASHELLS,208.0,14
981400,Caesar,Caesar,VOLCANIC_ROCK_VOUCHER_10000,SEASHELLS,208.0,2
984800,Camilla,Caesar,VOLCANIC_ROCK_VOUCHER_10000,SEASHELLS,215.0,11
986700,Camilla,Caesar,VOLCANIC_ROCK_VOUCHER_10000,SEASHELLS,207.0,15
987700,Camilla,Penelope,VOLCANIC_ROCK_VOUCHER_10000,SEASHELLS,199.0,12
987700,Caesar,Penelope,VOLCANIC_ROCK_VOUCHER_10000,SEASHELLS,199.0,2
987900,Penelope,Camilla,VOLCANIC_ROCK_VOUCHER_10000,SEASHELLS,202.0,10
988200,Penelope,Camilla,VOLCANIC_ROCK_VOUCHER_10000,SEASHELLS,199.0,14
992700,Camilla,Caesar,VOLCANIC_ROCK_VOUCHER_10000,SEASHELLS,191.0,11
992700,Caesar,Caesar,VOLCANIC_ROCK_VOUCHER_10000,SEASHELLS,191.0,1
994100,Camilla,Caesar,VOLCANIC_ROCK_VOUCHER_10000,SEASHELLS,200.0,16
994100,Caesar,Caesar,VOLCANIC_ROCK_VOUCHER_10000,SEASHELLS,200.0,1
994600,Camilla,Caesar,VOLCANIC_ROCK_VOUCHER_10000,SEASHELLS,197.0,11
995200,Camilla,Pablo,VOLCANIC_ROCK_VOUCHER_10000,SEASHELLS,194.0,8
995400,Camilla,Pablo,VOLCANIC_ROCK_VOUCHER_10000,SEASHELLS,194.0,14
995800,Camilla,Caesar,VOLCANIC_ROCK_VOUCHER_10000,SEASHELLS,192.0,13
997100,Camilla,Caesar,VOLCANIC_ROCK_VOUCHER_10000,SEASHELLS,191.0,13
997100,Caesar,Caesar,VOLCANIC_ROCK_VOUCHER_10000,SEASHELLS,191.0,1
997200,Camilla,Caesar,VOLCANIC_ROCK_VOUCHER_10000,SEASHELLS,189.0,17
997200,Caesar,Caesar,VOLCANIC_ROCK_VOUCHER_10000,SEASHELLS,189.0,1
997800,Camilla,Caesar,VOLCANIC_ROCK_VOUCHER_10000,SEASHELLS,192.0,13
998400,Camilla,Caesar,VOLCANIC_ROCK_VOUCHER_10000,SEASHELLS,188.0,11
999500,Camilla,Pablo,VOLCANIC_ROCK_VOUCHER_10000,SEASHELLS,182.0,15
1001200,Camilla,Pablo,VOLCANIC_ROCK_VOUCHER_10000,SEASHELLS,182.0,15
1002100,Penelope,Camilla,VOLCANIC_ROCK_VOUCHER_10000,SEASHELLS,190.0,13
1004100,Camilla,Caesar,VOLCANIC_ROCK_VOUCHER_10000,SEASHELLS,180.0,10
1004100,Caesar,Caesar,VOLCANIC_ROCK_VOUCHER_10000,SEASHELLS,180.0,2
1009400,Camilla,Caesar,VOLCANIC_ROCK_VOUCHER_10000,SEASHELLS,178.0,19
1009400,Caesar,Caesar,VOLCANIC_ROCK_VOUCHER_10000,SEASHELLS,178.0,1
1010000,Camilla,Caesar,VOLCANIC_ROCK_VOUCHER_10000,SEASHELLS,180.0,11
1010200,Camilla,Caesar,VOLCANIC_ROCK_VOUCHER_10000,SEASHELLS,181.0,14
1011800,Penelope,Camilla,VOLCANIC_ROCK_VOUCHER_10000,SEASHELLS,175.0,10
1012800,Camilla,Pablo,VOLCANIC_ROCK_VOUCHER_10000,SEASHELLS,138.0,11
1013700,Penelope,Camilla,VOLCANIC_ROCK_VOUCHER_10000,SEASHELLS,147.0,11
1014300,Camilla,Caesar,VOLCANIC_ROCK_VOUCHER_10000,SEASHELLS,153.0,16
1014300,Caesar,Caesar,VOLCANIC_ROCK_VOUCHER_10000,SEASHELLS,153.0,1
1014600,Camilla,Caesar,VOLCANIC_ROCK_VOUCHER_10000,SEASHELLS,151.0,12
1015800,Camilla,Pablo,VOLCANIC_ROCK_VOUCHER_10000,SEASHELLS,155.0,6
1017600,Camilla,Caesar,VOLCANIC_ROCK_VOUCHER_10000,SEASHELLS,158.0,16
1017600,Caesar,Caesar,VOLCANIC_ROCK_VOUCHER_10000,SEASHELLS,158.0,2
1019700,Camilla,Caesar,VOLCANIC_ROCK_VOUCHER_10000,SEASHELLS,159.0,11
1022700,Camilla,Pablo,VOLCANIC_ROCK_VOUCHER_10000,SEASHELLS,163.0,12
1022900,Camilla,Pablo,VOLCANIC_ROCK_VOUCHER_10000,SEASHELLS,162.0,7
1023000,Camilla,Caesar,VOLCANIC_ROCK_VOUCHER_10000,SEASHELLS,161.0,13
1023000,Caesar,Caesar,VOLCANIC_ROCK_VOUCHER_10000,SEASHELLS,161.0,1
1024400,Camilla,Caesar,VOLCANIC_ROCK_VOUCHER_10000,SEASHELLS,164.0,16
1026600,Camilla,Caesar,VOLCANIC_ROCK_VOUCHER_10000,SEASHELLS,158.0,12
1026600,Caesar,Caesar,VOLCANIC_ROCK_VOUCHER_10000,SEASHELLS,158.0,1
1027000,Camilla,Pablo,VOLCANIC_ROCK_VOUCHER_10000,SEASHELLS,158.0,7
1027700,Camilla,Caesar,VOLCANIC_ROCK_VOUCHER_10000,SEASHELLS,161.0,13
1028400,Camilla,Caesar,VOLCANIC_ROCK_VOUCHER_10000,SEASHELLS,168.0,11
1028400,Camilla,Penelope,VOLCANIC_ROCK_VOUCHER_10000,SEASHELLS,168.0,3
1028400,Caesar,Penelope,VOLCANIC_ROCK_VOUCHER_10000,SEASHELLS,168.0,1
1029700,Camilla,Caesar,VOLCANIC_ROCK_VOUCHER_10000,SEASHELLS,175.0,14
1029900,Camilla,Pablo,VOLCANIC_ROCK_VOUCHER_10000,SEASHELLS,178.0,8
1030800,Camilla,Penelope,VOLCANIC_ROCK_VOUCHER_10000,SEASHELLS,169.0,16
1030800,Caesar,Penelope,VOLCANIC_ROCK_VOUCHER_10000,SEASHELLS,169.0,1
1031200,Camilla,Caesar,VOLCANIC_ROCK_VOUCHER_10000,SEASHELLS,164.0,17
1031200,Caesar,Caesar,VOLCANIC_ROCK_VOUCHER_10000,SEASHELLS,164.0,2
1031500,Camilla,Pablo,VOLCANIC_ROCK_VOUCHER_10000,SEASHELLS,158.0,6
1034300,Camilla,Penelope,VOLCANIC_ROCK_VOUCHER_10000,SEASHELLS,153.0,14
1035400,Camilla,Caesar,VOLCANIC_ROCK_VOUCHER_10000,SEASHELLS,148.0,13
1035800,Camilla,Caesar,VOLCANIC_ROCK_VOUCHER_10000,SEASHELLS,160.0,14
1036200,Camilla,Penelope,VOLCANIC_ROCK_VOUCHER_10000,SEASHELLS,150.0,16
1036200,Caesar,Penelope,VOLCANIC_ROCK_VOUCHER_10000,SEASHELLS,150.0,2
1036900,Camilla,Pablo,VOLCANIC_ROCK_VOUCHER_10000,SEASHELLS,156.0,6
1037400,Camilla,Pablo,VOLCANIC_ROCK_VOUCHER_10000,SEASHELLS,149.0,6
1037600,Camilla,Caesar,VOLCANIC_ROCK_VOUCHER_10000,SEASHELLS,156.0,15
1037600,Camilla,Pablo,VOLCANIC_ROCK_VOUCHER_10000,SEASHELLS,156.0,4
1040600,Camilla,Penelope,VOLCANIC_ROCK_VOUCHER_10000,SEASHELLS,153.0,13
1042100,Camilla,Caesar,VOLCANIC_ROCK_VOUCHER_10000,SEASHELLS,156.0,13
1042100,Caesar,Caesar,VOLCANIC_ROCK_VOUCHER_10000,SEASHELLS,156.0,2
1043000,Camilla,Caesar,VOLCANIC_ROCK_VOUCHER_10000,SEASHELLS,157.0,11
1043000,Caesar,Caesar,VOLCANIC_ROCK_VOUCHER_10000,SEASHELLS,157.0,1
1043000,Penelope,Caesar,VOLCANIC_ROCK_VOUCHER_10000,SEASHELLS,157.0,5
1043400,Camilla,Penelope,VOLCANIC_ROCK_VOUCHER_10000,SEASHELLS,156.0,15
1044400,Camilla,Caesar,VOLCANIC_ROCK_VOUCHER_10000,SEASHELLS,161.0,12
1044400,Caesar,Caesar,VOLCANIC_ROCK_VOUCHER_10000,SEASHELLS,161.0,1
1044600,Camilla,Pablo,VOLCANIC_ROCK_VOUCHER_10000,SEASHELLS,164.0,12
1044800,Camilla,Pablo,VOLCANIC_ROCK_VOUCHER_10000,SEASHELLS,170.0,10
1044800,Caesar,Pablo,VOLCANIC_ROCK_VOUCHER_10000,SEASHELLS,170.0,2
1045700,Camilla,Caesar,VOLCANIC_ROCK_VOUCHER_10000,SEASHELLS,153.0,17
1045700,Caesar,Caesar,VOLCANIC_ROCK_VOUCHER_10000,SEASHELLS,153.0,1
1046100,Camilla,Pablo,VOLCANIC_ROCK_VOUCHER_10000,SEASHELLS,154.0,11
1046100,Caesar,Pablo,VOLCANIC_ROCK_VOUCHER_10000,SEASHELLS,154.0,2
1046400,Penelope,Camilla,VOLCANIC_ROCK_VOUCHER_10000,SEASHELLS,159.0,12
1046600,Penelope,Camilla,VOLCANIC_ROCK_VOUCHER_10000,SEASHELLS,162.0,16
1049300,Penelope,Camilla,VOLCANIC_ROCK_VOUCHER_10000,SEASHELLS,172.0,12
1049600,Camilla,Penelope,VOLCANIC_ROCK_VOUCHER_10000,SEASHELLS,173.0,14
1049600,Caesar,Penelope,VOLCANIC_ROCK_VOUCHER_10000,SEASHELLS,173.0,1
1052300,Camilla,Caesar,VOLCANIC_ROCK_VOUCHER_10000,SEASHELLS,171.0,10
1052500,Camilla,Caesar,VOLCANIC_ROCK_VOUCHER_10000,SEASHELLS,176.0,13
1052500,Caesar,Caesar,VOLCANIC_ROCK_VOUCHER_10000,SEASHELLS,176.0,2
1053200,Camilla,Caesar,VOLCANIC_ROCK_VOUCHER_10000,SEASHELLS,171.0,12
1053200,Caesar,Caesar,VOLCANIC_ROCK_VOUCHER_10000,SEASHELLS,171.0,2
1054100,Penelope,Camilla,VOLCANIC_ROCK_VOUCHER_10000,SEASHELLS,176.0,13
1055100,Camilla,Caesar,VOLCANIC_ROCK_VOUCHER_10000,SEASHELLS,173.0,11
1055100,Caesar,Caesar,VOLCANIC_ROCK_VOUCHER_10000,SEASHELLS,173.0,1
1056400,Camilla,Pablo,VOLCANIC_ROCK_VOUCHER_10000,SEASHELLS,160.0,7
1056600,Camilla,Caesar,VOLCANIC_ROCK_VOUCHER_10000,SEASHELLS,158.0,12
1057500,Penelope,Camilla,VOLCANIC_ROCK_VOUCHER_10000,SEASHELLS,162.0,11
1057800,Camilla,Caesar,VOLCANIC_ROCK_VOUCHER_10000,SEASHELLS,165.0,13
1057800,Caesar,Caesar,VOLCANIC_ROCK_VOUCHER_10000,SEASHELLS,165.0,2
1060100,Camilla,Penelope,VOLCANIC_ROCK_VOUCHER_10000,SEASHELLS,173.0,16
1063100,Camilla,Penelope,VOLCANIC_ROCK_VOUCHER_10000,SEASHELLS,175.0,14
1065300,Camilla,Caesar,VOLCANIC_ROCK_VOUCHER_10000,SEASHELLS,175.0,10
1066200,Camilla,Penelope,VOLCANIC_ROCK_VOUCHER_10000,SEASHELLS,170.0,14
1066200,Caesar,Penelope,VOLCANIC_ROCK_VOUCHER_10000,SEASHELLS,170.0,2
1066300,Camilla,Caesar,VOLCANIC_ROCK_VOUCHER_10000,SEASHELLS,170.0,11
1066300,Caesar,Caesar,VOLCANIC_ROCK_VOUCHER_10000,SEASHELLS,170.0,1
1066900,Camilla,Caesar,VOLCANIC_ROCK_VOUCHER_10000,SEASHELLS,169.0,15
1066900,Caesar,Caesar,VOLCANIC_ROCK_VOUCHER_10000,SEASHELLS,169.0,1
1069000,Penelope,Camilla,VOLCANIC_ROCK_VOUCHER_10000,SEASHELLS,172.0,13
1069000,Penelope,Caesar,VOLCANIC_ROCK_VOUCHER_10000,SEASHELLS,172.0,1
1070400,Penelope,Camilla,VOLCANIC_ROCK_VOUCHER_10000,SEASHELLS,176.0,16
1070400,Penelope,Caesar,VOLCANIC_ROCK_VOUCHER_10000,SEASHELLS,176.0,2
1070600,Camilla,Caesar,VOLCANIC_ROCK_VOUCHER_10000,SEASHELLS,177.0,14
1070600,Caesar,Caesar,VOLCANIC_ROCK_VOUCHER_10000,SEASHELLS,177.0,2
1071900,Camilla,Penelope,VOLCANIC_ROCK_VOUCHER_10000,SEASHELLS,176.0,11
1073100,Penelope,Camilla,VOLCANIC_ROCK_VOUCHER_10000,SEASHELLS,174.0,11
1073300,Camilla,Pablo,VOLCANIC_ROCK_VOUCHER_10000,SEASHELLS,180.0,6
1073400,Penelope,Camilla,VOLCANIC_ROCK_VOUCHER_10000,SEASHELLS,179.0,10
1073500,Camilla,Caesar,VOLCANIC_ROCK_VOUCHER_10000,SEASHELLS,183.0,10
1074700,Camilla,Pablo,VOLCANIC_ROCK_VOUCHER_10000,SEASHELLS,184.0,8
1075300,Camilla,Penelope,VOLCANIC_ROCK_VOUCHER_10000,SEASHELLS,183.0,14
1077500,Camilla,Caesar,VOLCANIC_ROCK_VOUCHER_10000,SEASHELLS,172.0,11
1079300,Camilla,Caesar,VOLCANIC_ROCK_VOUCHER_10000,SEASHELLS,166.0,13
1079800,Camilla,Penelope,VOLCANIC_ROCK_VOUCHER_10000,SEASHELLS,171.0,16
1079900,Camilla,Caesar,VOLCANIC_ROCK_VOUCHER_10000,SEASHELLS,173.0,13
1079900,Caesar,Caesar,VOLCANIC_ROCK_VOUCHER_10000,SEASHELLS,173.0,1
1080100,Camilla,Caesar,VOLCANIC_ROCK_VOUCHER_10000,SEASHELLS,169.0,13
1080300,Camilla,Caesar,VOLCANIC_ROCK_VOUCHER_10000,SEASHELLS,170.0,11
1083200,Camilla,Caesar,VOLCANIC_ROCK_VOUCHER_10000,SEASHELLS,175.0,14
1083200,Caesar,Caesar,VOLCANIC_ROCK_VOUCHER_10000,SEASHELLS,175.0,2
1083500,Camilla,Caesar,VOLCANIC_ROCK_VOUCHER_10000,SEASHELLS,181.0,12
1084000,Camilla,Caesar,VOLCANIC_ROCK_VOUCHER_10000,SEASHELLS,182.0,13
1085600,Camilla,Caesar,VOLCANIC_ROCK_VOUCHER_10000,SEASHELLS,182.0,16
1089200,Camilla,Caesar,VOLCANIC_ROCK_VOUCHER_10000,SEASHELLS,192.0,17
1089200,Caesar,Caesar,VOLCANIC_ROCK_VOUCHER_10000,SEASHELLS,192.0,2
1089800,Camilla,Caesar,VOLCANIC_ROCK_VOUCHER_10000,SEASHELLS,192.0,14
1089900,Camilla,Caesar,VOLCANIC_ROCK_VOUCHER_10000,SEASHELLS,194.0,12
1090500,Camilla,Pablo,VOLCANIC_ROCK_VOUCHER_10000,SEASHELLS,191.0,11
1091700,Camilla,Pablo,VOLCANIC_ROCK_VOUCHER_10000,SEASHELLS,192.0,12
1091700,Caesar,Pablo,VOLCANIC_ROCK_VOUCHER_10000,SEASHELLS,192.0,1
1092200,Camilla,Caesar,VOLCANIC_ROCK_VOUCHER_10000,SEASHELLS,191.0,13
1092200,Caesar,Caesar,VOLCANIC_ROCK_VOUCHER_10000,SEASHELLS,191.0,1
1097100,Camilla,Caesar,VOLCANIC_ROCK_VOUCHER_10000,SEASHELLS,188.0,19
1097100,Caesar,Caesar,VOLCANIC_ROCK_VOUCHER_10000,SEASHELLS,188.0,1
1097600,Camilla,Caesar,VOLCANIC_ROCK_VOUCHER_10000,SEASHELLS,192.0,12
1098000,Camilla,Penelope,VOLCANIC_ROCK_VOUCHER_10000,SEASHELLS,193.0,18
1098900,Camilla,Caesar,VOLCANIC_ROCK_VOUCHER_10000,SEASHELLS,193.0,15
1099700,Camilla,Pablo,VOLCANIC_ROCK_VOUCHER_10000,SEASHELLS,187.0,10
1100300,Camilla,Caesar,VOLCANIC_ROCK_VOUCHER_10000,SEASHELLS,191.0,10
1101500,Camilla,Caesar,VOLCANIC_ROCK_VOUCHER_10000,SEASHELLS,187.0,16
1102300,Camilla,Caesar,VOLCANIC_ROCK_VOUCHER_10000,SEASHELLS,183.0,18
1102300,Caesar,Caesar,VOLCANIC_ROCK_VOUCHER_10000,SEASHELLS,183.0,1
1102800,Camilla,Penelope,VOLCANIC_ROCK_VOUCHER_10000,SEASHELLS,188.0,11
1102800,Caesar,Penelope,VOLCANIC_ROCK_VOUCHER_10000,SEASHELLS,188.0,2
1102900,Camilla,Penelope,VOLCANIC_ROCK_VOUCHER_10000,SEASHELLS,192.0,14
1102900,Caesar,Penelope,VOLCANIC_ROCK_VOUCHER_10000,SEASHELLS,192.0,1
1102900,Caesar,Penelope,VOLCANIC_ROCK_VOUCHER_10000,SEASHELLS,192.0,3
1104300,Camilla,Caesar,VOLCANIC_ROCK_VOUCHER_10000,SEASHELLS,187.0,18
1105000,Camilla,Caesar,VOLCANIC_ROCK_VOUCHER_10000,SEASHELLS,181.0,13
1106200,Camilla,Caesar,VOLCANIC_ROCK_VOUCHER_10000,SEASHELLS,179.0,16
1106400,Camilla,Caesar,VOLCANIC_ROCK_VOUCHER_10000,SEASHELLS,181.0,13
1106400,Caesar,Caesar,VOLCANIC_ROCK_VOUCHER_10000,SEASHELLS,181.0,1
1107300,Camilla,Pablo,VOLCANIC_ROCK_VOUCHER_10000,SEASHELLS,187.0,12
1110300,Camilla,Penelope,VOLCANIC_ROCK_VOUCHER_10000,SEASHELLS,180.0,15
1110300,Caesar,Penelope,VOLCANIC_ROCK_VOUCHER_10000,SEASHELLS,180.0,1
1110600,Camilla,Caesar,VOLCANIC_ROCK_VOUCHER_10000,SEASHELLS,181.0,16
1111600,Penelope,Camilla,VOLCANIC_ROCK_VOUCHER_10000,SEASHELLS,181.0,10
1112300,Camilla,Penelope,VOLCANIC_ROCK_VOUCHER_10000,SEASHELLS,177.0,15
1112300,Caesar,Penelope,VOLCANIC_ROCK_VOUCHER_10000,SEASHELLS,177.0,1
1112500,Penelope,Camilla,VOLCANIC_ROCK_VOUCHER_10000,SEASHELLS,181.0,10
1114900,Camilla,Caesar,VOLCANIC_ROCK_VOUCHER_10000,SEASHELLS,183.0,14
1115300,Camilla,Caesar,VOLCANIC_ROCK_VOUCHER_10000,SEASHELLS,178.0,10
1115300,Caesar,Caesar,VOLCANIC_ROCK_VOUCHER_10000,SEASHELLS,178.0,1
1115400,Camilla,Caesar,VOLCANIC_ROCK_VOUCHER_10000,SEASHELLS,182.0,11
1118600,Camilla,Caesar,VOLCANIC_ROCK_VOUCHER_10000,SEASHELLS,183.0,11
1118600,Penelope,Camilla,VOLCANIC_ROCK_VOUCHER_10000,SEASHELLS,184.0,16
1119900,Camilla,Caesar,VOLCANIC_ROCK_VOUCHER_10000,SEASHELLS,178.0,10
1119900,Caesar,Caesar,VOLCANIC_ROCK_VOUCHER_10000,SEASHELLS,178.0,2
1121800,Camilla,Caesar,VOLCANIC_ROCK_VOUCHER_10000,SEASHELLS,181.0,16
1123800,Camilla,Caesar,VOLCANIC_ROCK_VOUCHER_10000,SEASHELLS,187.0,15
1124200,Camilla,Caesar,VOLCANIC_ROCK_VOUCHER_10000,SEASHELLS,193.0,19
1124400,Camilla,Caesar,VOLCANIC_ROCK_VOUCHER_10000,SEASHELLS,191.0,10
1124600,Camilla,Caesar,VOLCANIC_ROCK_VOUCHER_10000,SEASHELLS,190.0,11
1124800,Camilla,Pablo,VOLCANIC_ROCK_VOUCHER_10000,SEASHELLS,193.0,5
1124900,Camilla,Caesar,VOLCANIC_ROCK_VOUCHER_10000,SEASHELLS,194.0,11
1125000,Camilla,Caesar,VOLCANIC_ROCK_VOUCHER_10000,SEASHELLS,193.0,15
1126800,Camilla,Caesar,VOLCANIC_ROCK_VOUCHER_10000,SEASHELLS,194.0,20
1129200,Camilla,Caesar,VOLCANIC_ROCK_VOUCHER_10000,SEASHELLS,193.0,12
1130500,Camilla,Caesar,VOLCANIC_ROCK_VOUCHER_10000,SEASHELLS,194.0,11
1130500,Caesar,Caesar,VOLCANIC_ROCK_VOUCHER_10000,SEASHELLS,194.0,1
1131700,Camilla,Penelope,VOLCANIC_ROCK_VOUCHER_10000,SEASHELLS,202.0,13
1131700,Caesar,Penelope,VOLCANIC_ROCK_VOUCHER_10000,SEASHELLS,202.0,2
1132300,Camilla,Caesar,VOLCANIC_ROCK_VOUCHER_10000,SEASHELLS,200.0,14
1135700,Camilla,Caesar,VOLCANIC_ROCK_VOUCHER_10000,SEASHELLS,209.0,13
1138200,Camilla,Caesar,VOLCANIC_ROCK_VOUCHER_10000,SEASHELLS,202.0,16
1139200,Camilla,Caesar,VOLCANIC_ROCK_VOUCHER_10000,SEASHELLS,205.0,14
1139200,Caesar,Caesar,VOLCANIC_ROCK_VOUCHER_10000,SEASHELLS,205.0,2
1140800,Camilla,Pablo,VOLCANIC_ROCK_VOUCHER_10000,SEASHELLS,202.0,5
1141500,Penelope,Camilla,VOLCANIC_ROCK_VOUCHER_10000,SEASHELLS,197.0,10
1141500,Penelope,Caesar,VOLCANIC_ROCK_VOUCHER_10000,SEASHELLS,197.0,2
1142300,Camilla,Caesar,VOLCANIC_ROCK_VOUCHER_10000,SEASHELLS,191.0,10
1143200,Camilla,Caesar,VOLCANIC_ROCK_VOUCHER_10000,SEASHELLS,192.0,14
1143200,Camilla,Penelope,VOLCANIC_ROCK_VOUCHER_10000,SEASHELLS,192.0,4
1143200,Caesar,Penelope,VOLCANIC_ROCK_VOUCHER_10000,SEASHELLS,192.0,1
1143500,Camilla,Caesar,VOLCANIC_ROCK_VOUCHER_10000,SEASHELLS,193.0,12
1143500,Caesar,Caesar,VOLCANIC_ROCK_VOUCHER_10000,SEASHELLS,193.0,2
1143700,Camilla,Caesar,VOLCANIC_ROCK_VOUCHER_10000,SEASHELLS,190.0,18
1143700,Caesar,Caesar,VOLCANIC_ROCK_VOUCHER_10000,SEASHELLS,190.0,1
1143800,Camilla,Caesar,VOLCANIC_ROCK_VOUCHER_10000,SEASHELLS,189.0,12
1143800,Caesar,Caesar,VOLCANIC_ROCK_VOUCHER_10000,SEASHELLS,189.0,2
1144700,Camilla,Penelope,VOLCANIC_ROCK_VOUCHER_10000,SEASHELLS,184.0,16
1148100,Camilla,Pablo,VOLCANIC_ROCK_VOUCHER_10000,SEASHELLS,180.0,9
1148600,Camilla,Pablo,VOLCANIC_ROCK_VOUCHER_10000,SEASHELLS,178.0,11
1149700,Camilla,Caesar,VOLCANIC_ROCK_VOUCHER_10000,SEASHELLS,176.0,10
1149700,Caesar,Caesar,VOLCANIC_ROCK_VOUCHER_10000,SEASHELLS,176.0,1
1150200,Camilla,Caesar,VOLCANIC_ROCK_VOUCHER_10000,SEASHELLS,175.0,10
1151100,Camilla,Pablo,VOLCANIC_ROCK_VOUCHER_10000,SEASHELLS,176.0,9
1152900,Camilla,Caesar,VOLCANIC_ROCK_VOUCHER_10000,SEASHELLS,175.0,16
1153100,Camilla,Penelope,VOLCANIC_ROCK_VOUCHER_10000,SEASHELLS,175.0,11
1153800,Penelope,Camilla,VOLCANIC_ROCK_VOUCHER_10000,SEASHELLS,178.0,10
1158800,Penelope,Camilla,VOLCANIC_ROCK_VOUCHER_10000,SEASHELLS,182.0,10
1158800,Penelope,Caesar,VOLCANIC_ROCK_VOUCHER_10000,SEASHELLS,182.0,2
1160500,Camilla,Caesar,VOLCANIC_ROCK_VOUCHER_10000,SEASHELLS,177.0,16
1161600,Camilla,Pablo,VOLCANIC_ROCK_VOUCHER_10000,SEASHELLS,171.0,10
1161700,Camilla,Pablo,VOLCANIC_ROCK_VOUCHER_10000,SEASHELLS,176.0,12
1161900,Camilla,Pablo,VOLCANIC_ROCK_VOUCHER_10000,SEASHELLS,172.0,8
1163000,Camilla,Caesar,VOLCANIC_ROCK_VOUCHER_10000,SEASHELLS,173.0,14
1163200,Camilla,Pablo,VOLCANIC_ROCK_VOUCHER_10000,SEASHELLS,173.0,5
1163600,Camilla,Caesar,VOLCANIC_ROCK_VOUCHER_10000,SEASHELLS,171.0,11
1164400,Penelope,Camilla,VOLCANIC_ROCK_VOUCHER_10000,SEASHELLS,174.0,11
1165100,Camilla,Pablo,VOLCANIC_ROCK_VOUCHER_10000,SEASHELLS,178.0,11
1165100,Caesar,Pablo,VOLCANIC_ROCK_VOUCHER_10000,SEASHELLS,178.0,1
1165100,Caesar,Pablo,VOLCANIC_ROCK_VOUCHER_10000,SEASHELLS,178.0,2
1165200,Camilla,Caesar,VOLCANIC_ROCK_VOUCHER_10000,SEASHELLS,174.0,11
1165200,Caesar,Caesar,VOLCANIC_ROCK_VOUCHER_10000,SEASHELLS,174.0,2
1165500,Camilla,Caesar,VOLCANIC_ROCK_VOUCHER_10000,SEASHELLS,179.0,13
1165500,Caesar,Caesar,VOLCANIC_ROCK_VOUCHER_10000,SEASHELLS,179.0,1
1165600,Camilla,Caesar,VOLCANIC_ROCK_VOUCHER_10000,SEASHELLS,174.0,10
1165600,Caesar,Caesar,VOLCANIC_ROCK_VOUCHER_10000,SEASHELLS,174.0,2
1166000,Camilla,Caesar,VOLCANIC_ROCK_VOUCHER_10000,SEASHELLS,176.0,15
1166300,Camilla,Penelope,VOLCANIC_ROCK_VOUCHER_10000,SEASHELLS,174.0,11
1167100,Camilla,Caesar,VOLCANIC_ROCK_VOUCHER_10000,SEASHELLS,174.0,14
1168000,Camilla,Pablo,VOLCANIC_ROCK_VOUCHER_10000,SEASHELLS,180.0,11
1168200,Camilla,Caesar,VOLCANIC_ROCK_VOUCHER_10000,SEASHELLS,181.0,10
1170400,Camilla,Caesar,VOLCANIC_ROCK_VOUCHER_10000,SEASHELLS,188.0,10
1170400,Caesar,Caesar,VOLCANIC_ROCK_VOUCHER_10000,SEASHELLS,188.0,1
1170800,Camilla,Caesar,VOLCANIC_ROCK_VOUCHER_10000,SEASHELLS,185.0,16
1170800,Caesar,Caesar,VOLCANIC_ROCK_VOUCHER_10000,SEASHELLS,185.0,2
1171100,Camilla,Caesar,VOLCANIC_ROCK_VOUCHER_10000,SEASHELLS,190.0,17
1172500,Camilla,Pablo,VOLCANIC_ROCK_VOUCHER_10000,SEASHELLS,186.0,8
1172700,Camilla,Penelope,VOLCANIC_ROCK_VOUCHER_10000,SEASHELLS,183.0,15
1173100,Camilla,Caesar,VOLCANIC_ROCK_VOUCHER_10000,SEASHELLS,183.0,19
1174600,Camilla,Caesar,VOLCANIC_ROCK_VOUCHER_10000,SEASHELLS,187.0,15
1174600,Caesar,Caesar,VOLCANIC_ROCK_VOUCHER_10000,SEASHELLS,187.0,1
1176100,Camilla,Penelope,VOLCANIC_ROCK_VOUCHER_10000,SEASHELLS,195.0,16
1176900,Camilla,Caesar,VOLCANIC_ROCK_VOUCHER_10000,SEASHELLS,192.0,13
1176900,Caesar,Caesar,VOLCANIC_ROCK_VOUCHER_10000,SEASHELLS,192.0,1
1176900,Pablo,Caesar,VOLCANIC_ROCK_VOUCHER_10000,SEASHELLS,192.0,2
1177500,Camilla,Caesar,VOLCANIC_ROCK_VOUCHER_10000,SEASHELLS,188.0,14
1179500,Camilla,Caesar,VOLCANIC_ROCK_VOUCHER_10000,SEASHELLS,176.0,11
1180100,Camilla,Caesar,VOLCANIC_ROCK_VOUCHER_10000,SEASHELLS,180.0,14
1180600,Camilla,Caesar,VOLCANIC_ROCK_VOUCHER_10000,SEASHELLS,180.0,16
1180600,Caesar,Caesar,VOLCANIC_ROCK_VOUCHER_10000,SEASHELLS,180.0,1
1182500,Camilla,Pablo,VOLCANIC_ROCK_VOUCHER_10000,SEASHELLS,178.0,6
1184300,Camilla,Pablo,VOLCANIC_ROCK_VOUCHER_10000,SEASHELLS,173.0,10
1186100,Penelope,Camilla,VOLCANIC_ROCK_VOUCHER_10000,SEASHELLS,182.0,11
1187200,Camilla,Penelope,VOLCANIC_ROCK_VOUCHER_10000,SEASHELLS,179.0,14
1188500,Camilla,Caesar,VOLCANIC_ROCK_VOUCHER_10000,SEASHELLS,187.0,17
1188900,Camilla,Pablo,VOLCANIC_ROCK_VOUCHER_10000,SEASHELLS,189.0,10
1189000,Camilla,Pablo,VOLCANIC_ROCK_VOUCHER_10000,SEASHELLS,195.0,9
1190300,Camilla,Penelope,VOLCANIC_ROCK_VOUCHER_10000,SEASHELLS,195.0,14
1190400,Camilla,Penelope,VOLCANIC_ROCK_VOUCHER_10000,SEASHELLS,191.0,13
1190800,Camilla,Penelope,VOLCANIC_ROCK_VOUCHER_10000,SEASHELLS,193.0,15
1193900,Camilla,Caesar,VOLCANIC_ROCK_VOUCHER_10000,SEASHELLS,207.0,11
1194000,Camilla,Caesar,VOLCANIC_ROCK_VOUCHER_10000,SEASHELLS,204.0,15
1195100,Camilla,Caesar,VOLCANIC_ROCK_VOUCHER_10000,SEASHELLS,209.0,15
1195800,Camilla,Penelope,VOLCANIC_ROCK_VOUCHER_10000,SEASHELLS,211.0,11
1196200,Camilla,Penelope,VOLCANIC_ROCK_VOUCHER_10000,SEASHELLS,205.0,15
1196300,Camilla,Caesar,VOLCANIC_ROCK_VOUCHER_10000,SEASHELLS,197.0,13
1197100,Camilla,Caesar,VOLCANIC_ROCK_VOUCHER_10000,SEASHELLS,204.0,13
1197100,Penelope,Camilla,VOLCANIC_ROCK_VOUCHER_10000,SEASHELLS,205.0,10
1197300,Camilla,Caesar,VOLCANIC_ROCK_VOUCHER_10000,SEASHELLS,204.0,10
1197900,Camilla,Caesar,VOLCANIC_ROCK_VOUCHER_10000,SEASHELLS,198.0,17
1197900,Caesar,Caesar,VOLCANIC_ROCK_VOUCHER_10000,SEASHELLS,198.0,1
1200000,Camilla,Caesar,VOLCANIC_ROCK_VOUCHER_10000,SEASHELLS,190.0,18
1200600,Camilla,Penelope,VOLCANIC_ROCK_VOUCHER_10000,SEASHELLS,195.0,12
1200600,Caesar,Penelope,VOLCANIC_ROCK_VOUCHER_10000,SEASHELLS,195.0,2
1201100,Penelope,Camilla,VOLCANIC_ROCK_VOUCHER_10000,SEASHELLS,192.0,15
1201100,Penelope,Caesar,VOLCANIC_ROCK_VOUCHER_10000,SEASHELLS,192.0,1
1201500,Camilla,Caesar,VOLCANIC_ROCK_VOUCHER_10000,SEASHELLS,197.0,12
1202900,Camilla,Caesar,VOLCANIC_ROCK_VOUCHER_10000,SEASHELLS,193.0,10
1204200,Penelope,Camilla,VOLCANIC_ROCK_VOUCHER_10000,SEASHELLS,193.0,14
1204800,Camilla,Pablo,VOLCANIC_ROCK_VOUCHER_10000,SEASHELLS,199.0,11
1204800,Caesar,Pablo,VOLCANIC_ROCK_VOUCHER_10000,SEASHELLS,199.0,1
1205900,Penelope,Camilla,VOLCANIC_ROCK_VOUCHER_10000,SEASHELLS,204.0,10
1205900,Penelope,Caesar,VOLCANIC_ROCK_VOUCHER_10000,SEASHELLS,204.0,2
1206800,Camilla,Caesar,VOLCANIC_ROCK_VOUCHER_10000,SEASHELLS,207.0,11
1206800,Caesar,Caesar,VOLCANIC_ROCK_VOUCHER_10000,SEASHELLS,207.0,1
1208400,Camilla,Caesar,VOLCANIC_ROCK_VOUCHER_10000,SEASHELLS,205.0,13
1208800,Camilla,Pablo,VOLCANIC_ROCK_VOUCHER_10000,SEASHELLS,210.0,7
1209300,Penelope,Camilla,VOLCANIC_ROCK_VOUCHER_10000,SEASHELLS,209.0,13
1210400,Camilla,Pablo,VOLCANIC_ROCK_VOUCHER_10000,SEASHELLS,210.0,14
1214000,Camilla,Pablo,VOLCANIC_ROCK_VOUCHER_10000,SEASHELLS,214.0,12
1216400,Camilla,Pablo,VOLCANIC_ROCK_VOUCHER_10000,SEASHELLS,213.0,5
1216700,Penelope,Camilla,VOLCANIC_ROCK_VOUCHER_10000,SEASHELLS,213.0,12
1216800,Camilla,Caesar,VOLCANIC_ROCK_VOUCHER_10000,SEASHELLS,210.0,10
1216800,Caesar,Caesar,VOLCANIC_ROCK_VOUCHER_10000,SEASHELLS,210.0,1
1221500,Camilla,Caesar,VOLCANIC_ROCK_VOUCHER_10000,SEASHELLS,225.0,13
1221500,Caesar,Caesar,VOLCANIC_ROCK_VOUCHER_10000,SEASHELLS,225.0,2
1222000,Camilla,Caesar,VOLCANIC_ROCK_VOUCHER_10000,SEASHELLS,221.0,10
1223500,Penelope,Camilla,VOLCANIC_ROCK_VOUCHER_10000,SEASHELLS,232.0,13
1223900,Camilla,Pablo,VOLCANIC_ROCK_VOUCHER_10000,SEASHELLS,228.0,9
1224000,Camilla,Caesar,VOLCANIC_ROCK_VOUCHER_10000,SEASHELLS,228.0,13
1224200,Camilla,Caesar,VOLCANIC_ROCK_VOUCHER_10000,SEASHELLS,226.0,12
1224700,Camilla,Pablo,VOLCANIC_ROCK_VOUCHER_10000,SEASHELLS,226.0,10
1224700,Caesar,Pablo,VOLCANIC_ROCK_VOUCHER_10000,SEASHELLS,226.0,1
1224800,Camilla,Caesar,VOLCANIC_ROCK_VOUCHER_10000,SEASHELLS,224.0,10
1225300,Camilla,Penelope,VOLCANIC_ROCK_VOUCHER_10000,SEASHELLS,222.0,15
1226100,Camilla,Caesar,VOLCANIC_ROCK_VOUCHER_10000,SEASHELLS,225.0,11
1228100,Camilla,Caesar,VOLCANIC_ROCK_VOUCHER_10000,SEASHELLS,231.0,12
1230300,Camilla,Caesar,VOLCANIC_ROCK_VOUCHER_10000,SEASHELLS,228.0,11
1230300,Caesar,Caesar,VOLCANIC_ROCK_VOUCHER_10000,SEASHELLS,228.0,2
1232000,Camilla,Caesar,VOLCANIC_ROCK_VOUCHER_10000,SEASHELLS,226.0,18
