day,timestamp,product,bid_price_1,bid_volume_1,bid_price_2,bid_volume_2,bid_price_3,bid_volume_3,ask_price_1,ask_volume_1,ask_price_2,ask_volume_2,ask_price_3,ask_volume_3,mid_price,profit_and_loss
2,0,VOLCANIC_ROCK,10218.0,150.0,10217.0,64.0,,,10219.0,150.0,10220.0,64.0,,,10218.5,0.0
2,100,VOLCANIC_ROCK,10217.0,106.0,10216.0,44.0,,,10218.0,106.0,10219.0,44.0,,,10217.5,0.0
2,200,VOLCANIC_ROCK,10221.0,136.0,10220.0,55.0,,,10223.0,191.0,,,,,10222.0,0.0
2,300,VOLCANIC_ROCK,10222.0,168.0,,,,,10224.0,107.0,10225.0,61.0,,,10223.0,0.0
2,400,VOLCANIC_ROCK,10216.0,181.0,,,,,10218.0,127.0,10219.0,54.0,,,10217.0,0.0
2,500,VOLCANIC_ROCK,10216.0,120.0,10215.0,76.0,,,10217.0,120.0,10218.0,76.0,,,10216.5,0.0
2,600,VOLCANIC_ROCK,10214.0,199.0,,,,,10216.0,142.0,10217.0,57.0,,,10215.0,0.0
2,700,VOLCANIC_ROCK,10219.0,116.0,10218.0,45.0,,,10220.0,116.0,10221.0,45.0,,,10219.5,0.0
2,800,VOLCANIC_ROCK,10220.0,191.0,,,,,10222.0,121.0,10223.0,70.0,,,10221.0,0.0
2,900,VOLCANIC_ROCK,10217.0,130.0,10216.0,45.0,,,10218.0,130.0,10219.0,45.0,,,10217.5,0.0
2,1000,VOLCANIC_ROCK,10216.0,138.0,10215.0,63.0,,,10218.0,201.0,,,,,10217.0,0.0
2,1100,VOLCANIC_ROCK,10216.0,112.0,10215.0,50.0,,,10218.0,162.0,,,,,10217.0,0.0
2,1200,VOLCANIC_ROCK,10216.0,115.0,10215.0,71.0,,,10217.0,115.0,10218.0,71.0,,,10216.5,0.0
2,1300,VOLCANIC_ROCK,10216.0,186.0,,,,,10218.0,119.0,10219.0,67.0,,,10217.0,0.0
2,1400,VOLCANIC_ROCK,10217.0,182.0,,,,,10219.0,139.0,10220.0,43.0,,,10218.0,0.0
2,1500,VOLCANIC_ROCK,10217.0,111.0,10216.0,73.0,,,10219.0,184.0,,,,,10218.0,0.0
2,1600,VOLCANIC_ROCK,10219.0,105.0,10218.0,66.0,,,10220.0,105.0,10221.0,66.0,,,10219.5,0.0
2,1700,VOLCANIC_ROCK,10216.0,163.0,,,,,10218.0,121.0,10219.0,42.0,,,10217.0,0.0
2,1800,VOLCANIC_ROCK,10219.0,101.0,10218.0,62.0,,,10220.0,101.0,10221.0,62.0,,,10219.5,0.0
2,1900,VOLCANIC_ROCK,10224.0,154.0,10223.0,72.0,,,10225.0,146.0,10226.0,72.0,,,10224.5,0.0
2,2000,VOLCANIC_ROCK,10222.0,177.0,,,,,10224.0,135.0,10225.0,42.0,,,10223.0,0.0
2,2100,VOLCANIC_ROCK,10223.0,153.0,,,,,10225.0,102.0,10226.0,51.0,,,10224.0,0.0
2,2200,VOLCANIC_ROCK,10224.0,107.0,10223.0,46.0,,,10225.0,107.0,10226.0,46.0,,,10224.5,0.0
2,2300,VOLCANIC_ROCK,10223.0,121.0,10222.0,43.0,,,10225.0,164.0,,,,,10224.0,0.0
2,2400,VOLCANIC_ROCK,10219.0,133.0,10218.0,45.0,,,10220.0,133.0,10221.0,45.0,,,10219.5,0.0
2,2500,VOLCANIC_ROCK,10221.0,124.0,10220.0,75.0,,,10222.0,124.0,10223.0,75.0,,,10221.5,0.0
2,2600,VOLCANIC_ROCK,10220.0,130.0,10219.0,41.0,,,10222.0,171.0,,,,,10221.0,0.0
2,2700,VOLCANIC_ROCK,10220.0,108.0,10219.0,71.0,,,10221.0,108.0,10222.0,71.0,,,10220.5,0.0
2,2800,VOLCANIC_ROCK,10220.0,215.0,,,,,10222.0,147.0,10223.0,68.0,,,10221.0,0.0
2,2900,VOLCANIC_ROCK,10222.0,190.0,,,,,10224.0,129.0,10225.0,61.0,,,10223.0,0.0
2,3000,VOLCANIC_ROCK,10227.0,147.0,10226.0,68.0,,,10229.0,215.0,,,,,10228.0,0.0
2,3100,VOLCANIC_ROCK,10226.0,127.0,10225.0,60.0,,,10227.0,127.0,10228.0,60.0,,,10226.5,0.0
2,3200,VOLCANIC_ROCK,10222.0,146.0,10221.0,60.0,,,10224.0,206.0,,,,,10223.0,0.0
2,3300,VOLCANIC_ROCK,10223.0,137.0,10222.0,80.0,,,10225.0,217.0,,,,,10224.0,0.0
2,3400,VOLCANIC_ROCK,10219.0,130.0,10218.0,70.0,,,10221.0,200.0,,,,,10220.0,0.0
2,3500,VOLCANIC_ROCK,10221.0,103.0,10220.0,40.0,,,10223.0,143.0,,,,,10222.0,0.0
2,3600,VOLCANIC_ROCK,10221.0,150.0,10220.0,77.0,,,10222.0,150.0,10223.0,77.0,,,10221.5,0.0
2,3700,VOLCANIC_ROCK,10221.0,139.0,10220.0,68.0,,,10222.0,139.0,10223.0,68.0,,,10221.5,0.0
2,3800,VOLCANIC_ROCK,10217.0,106.0,10216.0,55.0,,,10218.0,106.0,10219.0,55.0,,,10217.5,0.0
2,3900,VOLCANIC_ROCK,10217.0,147.0,10216.0,50.0,,,10218.0,147.0,10219.0,50.0,,,10217.5,0.0
2,4000,VOLCANIC_ROCK,10217.0,123.0,10216.0,42.0,,,10219.0,165.0,,,,,10218.0,0.0
2,4100,VOLCANIC_ROCK,10217.0,103.0,10216.0,78.0,,,10218.0,103.0,10219.0,78.0,,,10217.5,0.0
2,4200,VOLCANIC_ROCK,10214.0,136.0,10213.0,44.0,,,10215.0,136.0,10216.0,44.0,,,10214.5,0.0
2,4300,VOLCANIC_ROCK,10213.0,175.0,,,,,10215.0,129.0,10216.0,46.0,,,10214.0,0.0
2,4400,VOLCANIC_ROCK,10216.0,114.0,10215.0,80.0,,,10217.0,114.0,10218.0,80.0,,,10216.5,0.0
2,4500,VOLCANIC_ROCK,10215.0,103.0,10214.0,43.0,,,10216.0,103.0,10217.0,43.0,,,10215.5,0.0
2,4600,VOLCANIC_ROCK,10214.0,125.0,10213.0,59.0,,,10216.0,184.0,,,,,10215.0,0.0
2,4700,VOLCANIC_ROCK,10213.0,133.0,10212.0,70.0,,,10215.0,133.0,10216.0,70.0,,,10214.0,0.0
2,4800,VOLCANIC_ROCK,10215.0,111.0,10214.0,78.0,,,10217.0,189.0,,,,,10216.0,0.0
2,4900,VOLCANIC_ROCK,10215.0,137.0,10214.0,43.0,,,10217.0,180.0,,,,,10216.0,0.0
2,5000,VOLCANIC_ROCK,10215.0,146.0,10214.0,42.0,,,10217.0,188.0,,,,,10216.0,0.0
2,5100,VOLCANIC_ROCK,10214.0,193.0,,,,,10216.0,120.0,10217.0,73.0,,,10215.0,0.0
2,5200,VOLCANIC_ROCK,10217.0,112.0,10216.0,42.0,,,10218.0,112.0,10219.0,42.0,,,10217.5,0.0
2,5300,VOLCANIC_ROCK,10217.0,137.0,10216.0,46.0,,,10219.0,183.0,,,,,10218.0,0.0
2,5400,VOLCANIC_ROCK,10220.0,102.0,10219.0,45.0,,,10221.0,109.0,10222.0,45.0,,,10220.5,0.0
2,5500,VOLCANIC_ROCK,10221.0,108.0,10220.0,80.0,,,10222.0,108.0,10223.0,80.0,,,10221.5,0.0
2,5600,VOLCANIC_ROCK,10221.0,100.0,10220.0,70.0,,,10223.0,170.0,,,,,10222.0,0.0
2,5700,VOLCANIC_ROCK,10221.0,108.0,10220.0,64.0,,,10222.0,108.0,10223.0,64.0,,,10221.5,0.0
2,5800,VOLCANIC_ROCK,10220.0,150.0,,,,,10222.0,103.0,10223.0,47.0,,,10221.0,0.0
2,5900,VOLCANIC_ROCK,10222.0,188.0,,,,,10224.0,116.0,10225.0,72.0,,,10223.0,0.0
2,6000,VOLCANIC_ROCK,10224.0,106.0,10223.0,55.0,,,10225.0,106.0,10226.0,55.0,,,10224.5,0.0
2,6100,VOLCANIC_ROCK,10223.0,102.0,10222.0,59.0,,,10225.0,171.0,,,,,10224.0,0.0
2,6200,VOLCANIC_ROCK,10225.0,146.0,10224.0,76.0,,,10226.0,146.0,10227.0,76.0,,,10225.5,0.0
2,6300,VOLCANIC_ROCK,10227.0,133.0,10226.0,52.0,,,10229.0,185.0,,,,,10228.0,0.0
2,6400,VOLCANIC_ROCK,10225.0,190.0,,,,,10227.0,112.0,10228.0,78.0,,,10226.0,0.0
2,6500,VOLCANIC_ROCK,10227.0,171.0,,,,,10229.0,130.0,10230.0,41.0,,,10228.0,0.0
2,6600,VOLCANIC_ROCK,10227.0,209.0,,,,,10229.0,141.0,10230.0,68.0,,,10228.0,0.0
2,6700,VOLCANIC_ROCK,10225.0,186.0,,,,,10227.0,109.0,10228.0,77.0,,,10226.0,0.0
2,6800,VOLCANIC_ROCK,10225.0,142.0,10224.0,51.0,,,10226.0,142.0,10227.0,51.0,,,10225.5,0.0
2,6900,VOLCANIC_ROCK,10224.0,105.0,10223.0,43.0,,,10225.0,105.0,10226.0,43.0,,,10224.5,0.0
2,7000,VOLCANIC_ROCK,10224.0,120.0,10223.0,76.0,,,10225.0,120.0,10226.0,76.0,,,10224.5,0.0
2,7100,VOLCANIC_ROCK,10225.0,189.0,,,,,10227.0,124.0,10228.0,65.0,,,10226.0,0.0
2,7200,VOLCANIC_ROCK,10228.0,128.0,10227.0,70.0,,,10229.0,128.0,10230.0,70.0,,,10228.5,0.0
2,7300,VOLCANIC_ROCK,10229.0,111.0,10228.0,71.0,,,10230.0,111.0,10231.0,71.0,,,10229.5,0.0
2,7400,VOLCANIC_ROCK,10227.0,114.0,10226.0,71.0,,,10228.0,114.0,10229.0,71.0,,,10227.5,0.0
2,7500,VOLCANIC_ROCK,10229.0,113.0,10228.0,56.0,,,10230.0,113.0,10231.0,56.0,,,10229.5,0.0
2,7600,VOLCANIC_ROCK,10226.0,208.0,,,,,10228.0,149.0,10229.0,59.0,,,10227.0,0.0
2,7700,VOLCANIC_ROCK,10228.0,134.0,10227.0,44.0,,,10229.0,134.0,10230.0,44.0,,,10228.5,0.0
2,7800,VOLCANIC_ROCK,10228.0,106.0,10227.0,70.0,,,10229.0,106.0,10230.0,70.0,,,10228.5,0.0
2,7900,VOLCANIC_ROCK,10231.0,110.0,10230.0,56.0,,,10232.0,110.0,10233.0,56.0,,,10231.5,0.0
2,8000,VOLCANIC_ROCK,10230.0,126.0,10229.0,49.0,,,10231.0,126.0,10232.0,49.0,,,10230.5,0.0
2,8100,VOLCANIC_ROCK,10231.0,116.0,10230.0,76.0,,,10232.0,116.0,10233.0,76.0,,,10231.5,0.0
2,8200,VOLCANIC_ROCK,10231.0,109.0,10230.0,40.0,,,10233.0,149.0,,,,,10232.0,0.0
2,8300,VOLCANIC_ROCK,10230.0,138.0,10229.0,62.0,,,10231.0,131.0,10232.0,62.0,,,10230.5,0.0
2,8400,VOLCANIC_ROCK,10229.0,143.0,10228.0,58.0,,,10231.0,201.0,,,,,10230.0,0.0
2,8500,VOLCANIC_ROCK,10231.0,146.0,10230.0,63.0,,,10232.0,146.0,10233.0,63.0,,,10231.5,0.0
2,8600,VOLCANIC_ROCK,10229.0,101.0,10228.0,68.0,,,10230.0,101.0,10231.0,68.0,,,10229.5,0.0
2,8700,VOLCANIC_ROCK,10228.0,124.0,10227.0,57.0,,,10229.0,124.0,10230.0,57.0,,,10228.5,0.0
2,8800,VOLCANIC_ROCK,10227.0,157.0,,,,,10229.0,117.0,10230.0,40.0,,,10228.0,0.0
2,8900,VOLCANIC_ROCK,10227.0,213.0,,,,,10229.0,140.0,10230.0,73.0,,,10228.0,0.0
2,9000,VOLCANIC_ROCK,10228.0,101.0,10227.0,57.0,,,10229.0,101.0,10230.0,57.0,,,10228.5,0.0
2,9100,VOLCANIC_ROCK,10228.0,143.0,10227.0,78.0,,,10229.0,143.0,10230.0,78.0,,,10228.5,0.0
2,9200,VOLCANIC_ROCK,10226.0,140.0,10225.0,61.0,,,10227.0,139.0,10228.0,61.0,,,10226.5,0.0
2,9300,VOLCANIC_ROCK,10225.0,140.0,10224.0,52.0,,,10226.0,135.0,10227.0,52.0,,,10225.5,0.0
2,9400,VOLCANIC_ROCK,10222.0,144.0,10221.0,48.0,,,10223.0,144.0,10224.0,48.0,,,10222.5,0.0
2,9500,VOLCANIC_ROCK,10223.0,199.0,,,,,10225.0,123.0,10226.0,76.0,,,10224.0,0.0
2,9600,VOLCANIC_ROCK,10221.0,121.0,10220.0,52.0,,,10223.0,173.0,,,,,10222.0,0.0
2,9700,VOLCANIC_ROCK,10225.0,150.0,10224.0,55.0,,,10226.0,150.0,10227.0,55.0,,,10225.5,0.0
2,9800,VOLCANIC_ROCK,10222.0,101.0,10221.0,65.0,,,10223.0,101.0,10224.0,65.0,,,10222.5,0.0
2,9900,VOLCANIC_ROCK,10224.0,143.0,10223.0,52.0,,,10225.0,143.0,10226.0,52.0,,,10224.5,0.0
2,10000,VOLCANIC_ROCK,10223.0,196.0,,,,,10225.0,135.0,10226.0,61.0,,,10224.0,0.0
2,10100,VOLCANIC_ROCK,10223.0,126.0,10222.0,77.0,,,10224.0,126.0,10225.0,77.0,,,10223.5,0.0
2,10200,VOLCANIC_ROCK,10222.0,145.0,,,,,10224.0,105.0,10225.0,40.0,,,10223.0,0.0
2,10300,VOLCANIC_ROCK,10218.0,104.0,10217.0,79.0,,,10219.0,104.0,10220.0,79.0,,,10218.5,0.0
2,10400,VOLCANIC_ROCK,10219.0,159.0,10218.0,63.0,,,10220.0,149.0,10221.0,63.0,,,10219.5,0.0
2,10500,VOLCANIC_ROCK,10213.0,105.0,10212.0,58.0,,,10215.0,163.0,,,,,10214.0,0.0
2,10600,VOLCANIC_ROCK,10213.0,115.0,10212.0,43.0,,,10215.0,158.0,,,,,10214.0,0.0
2,10700,VOLCANIC_ROCK,10214.0,112.0,10213.0,78.0,,,10216.0,190.0,,,,,10215.0,0.0
2,10800,VOLCANIC_ROCK,10213.0,105.0,10212.0,64.0,,,10215.0,169.0,,,,,10214.0,0.0
2,10900,VOLCANIC_ROCK,10213.0,188.0,,,,,10215.0,148.0,10216.0,40.0,,,10214.0,0.0
2,11000,VOLCANIC_ROCK,10213.0,169.0,,,,,10215.0,125.0,10216.0,44.0,,,10214.0,0.0
2,11100,VOLCANIC_ROCK,10214.0,153.0,10213.0,45.0,,,10215.0,143.0,10216.0,45.0,,,10214.5,0.0
2,11200,VOLCANIC_ROCK,10214.0,92.0,10213.0,69.0,,,10216.0,100.0,10217.0,69.0,,,10215.0,0.0
2,11300,VOLCANIC_ROCK,10211.0,156.0,,,,,10213.0,113.0,10214.0,43.0,,,10212.0,0.0
2,11400,VOLCANIC_ROCK,10211.0,126.0,10210.0,46.0,,,10212.0,126.0,10213.0,46.0,,,10211.5,0.0
2,11500,VOLCANIC_ROCK,10209.0,161.0,,,,,10211.0,108.0,10212.0,53.0,,,10210.0,0.0
2,11600,VOLCANIC_ROCK,10208.0,107.0,10207.0,51.0,,,10209.0,107.0,10210.0,51.0,,,10208.5,0.0
2,11700,VOLCANIC_ROCK,10207.0,126.0,10206.0,73.0,,,10208.0,133.0,10209.0,73.0,,,10207.5,0.0
2,11800,VOLCANIC_ROCK,10207.0,180.0,,,,,10209.0,114.0,10210.0,66.0,,,10208.0,0.0
2,11900,VOLCANIC_ROCK,10210.0,147.0,10209.0,46.0,,,10211.0,147.0,10212.0,46.0,,,10210.5,0.0
2,12000,VOLCANIC_ROCK,10210.0,123.0,10209.0,60.0,,,10212.0,123.0,10213.0,60.0,,,10211.0,0.0
2,12100,VOLCANIC_ROCK,10205.0,115.0,10204.0,51.0,,,10206.0,115.0,10207.0,51.0,,,10205.5,0.0
2,12200,VOLCANIC_ROCK,10205.0,140.0,10204.0,66.0,,,10207.0,206.0,,,,,10206.0,0.0
2,12300,VOLCANIC_ROCK,10201.0,187.0,,,,,10203.0,146.0,10204.0,41.0,,,10202.0,0.0
2,12400,VOLCANIC_ROCK,10200.0,117.0,10199.0,49.0,,,10201.0,117.0,10202.0,49.0,,,10200.5,0.0
2,12500,VOLCANIC_ROCK,10198.0,183.0,,,,,10200.0,131.0,10201.0,52.0,,,10199.0,0.0
2,12600,VOLCANIC_ROCK,10199.0,112.0,10198.0,67.0,,,10200.0,102.0,10201.0,67.0,,,10199.5,0.0
2,12700,VOLCANIC_ROCK,10201.0,109.0,10200.0,66.0,,,10202.0,109.0,10203.0,66.0,,,10201.5,0.0
2,12800,VOLCANIC_ROCK,10202.0,199.0,,,,,10204.0,139.0,10205.0,60.0,,,10203.0,0.0
2,12900,VOLCANIC_ROCK,10203.0,109.0,10202.0,44.0,,,10204.0,109.0,10205.0,44.0,,,10203.5,0.0
2,13000,VOLCANIC_ROCK,10202.0,143.0,10201.0,72.0,,,10204.0,215.0,,,,,10203.0,0.0
2,13100,VOLCANIC_ROCK,10203.0,149.0,,,,,10205.0,108.0,10206.0,41.0,,,10204.0,0.0
2,13200,VOLCANIC_ROCK,10200.0,108.0,10199.0,51.0,,,10201.0,108.0,10202.0,51.0,,,10200.5,0.0
2,13300,VOLCANIC_ROCK,10199.0,137.0,10198.0,62.0,,,10201.0,199.0,,,,,10200.0,0.0
2,13400,VOLCANIC_ROCK,10199.0,135.0,10198.0,70.0,,,10200.0,135.0,10201.0,70.0,,,10199.5,0.0
2,13500,VOLCANIC_ROCK,10198.0,130.0,10197.0,77.0,,,10199.0,130.0,10200.0,77.0,,,10198.5,0.0
2,13600,VOLCANIC_ROCK,10201.0,123.0,10200.0,53.0,,,10202.0,123.0,10203.0,53.0,,,10201.5,0.0
2,13700,VOLCANIC_ROCK,10199.0,141.0,10198.0,72.0,,,10201.0,205.0,,,,,10200.0,0.0
2,13800,VOLCANIC_ROCK,10199.0,139.0,10198.0,75.0,,,10200.0,139.0,10201.0,75.0,,,10199.5,0.0
2,13900,VOLCANIC_ROCK,10200.0,123.0,10199.0,58.0,,,10201.0,123.0,10202.0,58.0,,,10200.5,0.0
2,14000,VOLCANIC_ROCK,10197.0,147.0,10196.0,52.0,,,10199.0,199.0,,,,,10198.0,0.0
2,14100,VOLCANIC_ROCK,10193.0,158.0,,,,,10195.0,101.0,10196.0,57.0,,,10194.0,0.0
2,14200,VOLCANIC_ROCK,10193.0,125.0,10192.0,42.0,,,10194.0,125.0,10195.0,42.0,,,10193.5,0.0
2,14300,VOLCANIC_ROCK,10191.0,191.0,,,,,10193.0,138.0,10194.0,53.0,,,10192.0,0.0
2,14400,VOLCANIC_ROCK,10190.0,131.0,10189.0,44.0,,,10191.0,131.0,10192.0,44.0,,,10190.5,0.0
2,14500,VOLCANIC_ROCK,10191.0,106.0,10190.0,80.0,,,10193.0,186.0,,,,,10192.0,0.0
2,14600,VOLCANIC_ROCK,10192.0,132.0,10191.0,61.0,,,10193.0,132.0,10194.0,61.0,,,10192.5,0.0
2,14700,VOLCANIC_ROCK,10194.0,138.0,10193.0,46.0,,,10196.0,184.0,,,,,10195.0,0.0
2,14800,VOLCANIC_ROCK,10196.0,108.0,10195.0,48.0,,,10198.0,156.0,,,,,10197.0,0.0
2,14900,VOLCANIC_ROCK,10195.0,107.0,10194.0,60.0,,,10196.0,107.0,10197.0,60.0,,,10195.5,0.0
2,15000,VOLCANIC_ROCK,10197.0,97.0,10196.0,71.0,,,10198.0,103.0,10199.0,71.0,,,10197.5,0.0
2,15100,VOLCANIC_ROCK,10196.0,143.0,10195.0,40.0,,,10198.0,175.0,,,,,10197.0,0.0
2,15200,VOLCANIC_ROCK,10194.0,127.0,10193.0,57.0,,,10196.0,184.0,,,,,10195.0,0.0
2,15300,VOLCANIC_ROCK,10194.0,156.0,10193.0,47.0,,,10196.0,197.0,,,,,10195.0,0.0
2,15400,VOLCANIC_ROCK,10191.0,132.0,10190.0,58.0,,,10192.0,132.0,10193.0,58.0,,,10191.5,0.0
2,15500,VOLCANIC_ROCK,10192.0,149.0,10191.0,45.0,,,10193.0,149.0,10194.0,45.0,,,10192.5,0.0
2,15600,VOLCANIC_ROCK,10190.0,110.0,10189.0,46.0,,,10192.0,156.0,,,,,10191.0,0.0
2,15700,VOLCANIC_ROCK,10189.0,182.0,,,,,10191.0,125.0,10192.0,57.0,,,10190.0,0.0
2,15800,VOLCANIC_ROCK,10190.0,128.0,10189.0,56.0,,,10191.0,128.0,10192.0,56.0,,,10190.5,0.0
2,15900,VOLCANIC_ROCK,10191.0,142.0,10190.0,40.0,,,10193.0,173.0,,,,,10192.0,0.0
2,16000,VOLCANIC_ROCK,10192.0,148.0,10191.0,58.0,,,10193.0,140.0,10194.0,58.0,,,10192.5,0.0
2,16100,VOLCANIC_ROCK,10192.0,141.0,10191.0,64.0,,,10193.0,141.0,10194.0,64.0,,,10192.5,0.0
2,16200,VOLCANIC_ROCK,10189.0,193.0,,,,,10191.0,150.0,10192.0,43.0,,,10190.0,0.0
2,16300,VOLCANIC_ROCK,10191.0,190.0,,,,,10193.0,144.0,10194.0,46.0,,,10192.0,0.0
2,16400,VOLCANIC_ROCK,10191.0,150.0,10190.0,53.0,,,10193.0,203.0,,,,,10192.0,0.0
2,16500,VOLCANIC_ROCK,10192.0,127.0,10191.0,56.0,,,10193.0,127.0,10194.0,56.0,,,10192.5,0.0
2,16600,VOLCANIC_ROCK,10190.0,121.0,10189.0,48.0,,,10191.0,121.0,10192.0,48.0,,,10190.5,0.0
2,16700,VOLCANIC_ROCK,10189.0,189.0,,,,,10191.0,149.0,10192.0,40.0,,,10190.0,0.0
2,16800,VOLCANIC_ROCK,10192.0,135.0,10191.0,40.0,,,10194.0,175.0,,,,,10193.0,0.0
2,16900,VOLCANIC_ROCK,10193.0,193.0,,,,,10194.0,6.0,10195.0,135.0,10196.0,58.0,10193.5,0.0
2,17000,VOLCANIC_ROCK,10195.0,146.0,10194.0,57.0,,,10196.0,146.0,10197.0,57.0,,,10195.5,0.0
2,17100,VOLCANIC_ROCK,10194.0,107.0,10193.0,50.0,,,10196.0,157.0,,,,,10195.0,0.0
2,17200,VOLCANIC_ROCK,10194.0,112.0,10193.0,50.0,,,10195.0,112.0,10196.0,50.0,,,10194.5,0.0
2,17300,VOLCANIC_ROCK,10195.0,7.0,10194.0,184.0,,,10196.0,115.0,10197.0,69.0,,,10195.5,0.0
2,17400,VOLCANIC_ROCK,10194.0,118.0,10193.0,64.0,,,10195.0,118.0,10196.0,64.0,,,10194.5,0.0
2,17500,VOLCANIC_ROCK,10199.0,149.0,10198.0,52.0,,,10200.0,149.0,10201.0,52.0,,,10199.5,0.0
2,17600,VOLCANIC_ROCK,10200.0,134.0,10199.0,71.0,,,10201.0,134.0,10202.0,71.0,,,10200.5,0.0
2,17700,VOLCANIC_ROCK,10200.0,139.0,10199.0,69.0,,,10201.0,139.0,10202.0,69.0,,,10200.5,0.0
2,17800,VOLCANIC_ROCK,10198.0,129.0,10197.0,80.0,,,10199.0,120.0,10200.0,80.0,,,10198.5,0.0
2,17900,VOLCANIC_ROCK,10197.0,199.0,,,,,10199.0,138.0,10200.0,61.0,,,10198.0,0.0
2,18000,VOLCANIC_ROCK,10198.0,146.0,10197.0,44.0,,,10200.0,190.0,,,,,10199.0,0.0
2,18100,VOLCANIC_ROCK,10201.0,125.0,10200.0,45.0,,,10202.0,125.0,10203.0,45.0,,,10201.5,0.0
2,18200,VOLCANIC_ROCK,10203.0,145.0,10202.0,55.0,,,10205.0,200.0,,,,,10204.0,0.0
2,18300,VOLCANIC_ROCK,10201.0,106.0,10200.0,46.0,,,10202.0,106.0,10203.0,46.0,,,10201.5,0.0
2,18400,VOLCANIC_ROCK,10197.0,148.0,10196.0,73.0,,,10199.0,221.0,,,,,10198.0,0.0
2,18500,VOLCANIC_ROCK,10198.0,149.0,10197.0,57.0,,,10199.0,149.0,10200.0,57.0,,,10198.5,0.0
2,18600,VOLCANIC_ROCK,10196.0,129.0,10195.0,42.0,,,10197.0,129.0,10198.0,42.0,,,10196.5,0.0
2,18700,VOLCANIC_ROCK,10197.0,178.0,,,,,10199.0,118.0,10200.0,60.0,,,10198.0,0.0
2,18800,VOLCANIC_ROCK,10202.0,111.0,10201.0,80.0,,,10203.0,111.0,10204.0,80.0,,,10202.5,0.0
2,18900,VOLCANIC_ROCK,10200.0,127.0,10199.0,61.0,,,10202.0,188.0,,,,,10201.0,0.0
2,19000,VOLCANIC_ROCK,10201.0,108.0,10200.0,53.0,,,10202.0,108.0,10203.0,53.0,,,10201.5,0.0
2,19100,VOLCANIC_ROCK,10201.0,135.0,10200.0,54.0,,,10202.0,135.0,10203.0,54.0,,,10201.5,0.0
2,19200,VOLCANIC_ROCK,10200.0,112.0,10199.0,74.0,,,10201.0,112.0,10202.0,74.0,,,10200.5,0.0
2,19300,VOLCANIC_ROCK,10198.0,116.0,10197.0,80.0,,,10199.0,116.0,10200.0,80.0,,,10198.5,0.0
2,19400,VOLCANIC_ROCK,10200.0,145.0,10199.0,63.0,,,10202.0,208.0,,,,,10201.0,0.0
2,19500,VOLCANIC_ROCK,10202.0,119.0,10201.0,69.0,,,10204.0,188.0,,,,,10203.0,0.0
2,19600,VOLCANIC_ROCK,10203.0,145.0,10202.0,40.0,,,10204.0,145.0,10205.0,40.0,,,10203.5,0.0
2,19700,VOLCANIC_ROCK,10202.0,150.0,10201.0,57.0,,,10203.0,150.0,10204.0,57.0,,,10202.5,0.0
2,19800,VOLCANIC_ROCK,10204.0,110.0,10203.0,44.0,,,10205.0,110.0,10206.0,44.0,,,10204.5,0.0
2,19900,VOLCANIC_ROCK,10203.0,140.0,10202.0,80.0,,,10205.0,140.0,10206.0,80.0,,,10204.0,0.0
2,20000,VOLCANIC_ROCK,10203.0,112.0,10202.0,59.0,,,10204.0,112.0,10205.0,59.0,,,10203.5,0.0
2,20100,VOLCANIC_ROCK,10202.0,106.0,10201.0,61.0,,,10203.0,106.0,10204.0,61.0,,,10202.5,0.0
2,20200,VOLCANIC_ROCK,10202.0,115.0,10201.0,59.0,,,10203.0,115.0,10204.0,59.0,,,10202.5,0.0
2,20300,VOLCANIC_ROCK,10201.0,109.0,10200.0,46.0,,,10202.0,111.0,10203.0,46.0,,,10201.5,0.0
2,20400,VOLCANIC_ROCK,10200.0,147.0,10199.0,62.0,,,10201.0,147.0,10202.0,62.0,,,10200.5,0.0
2,20500,VOLCANIC_ROCK,10203.0,120.0,10202.0,43.0,,,10204.0,120.0,10205.0,43.0,,,10203.5,0.0
2,20600,VOLCANIC_ROCK,10202.0,126.0,10201.0,41.0,,,10204.0,126.0,10205.0,41.0,,,10203.0,0.0
2,20700,VOLCANIC_ROCK,10201.0,100.0,10200.0,52.0,,,10202.0,100.0,10203.0,52.0,,,10201.5,0.0
2,20800,VOLCANIC_ROCK,10201.0,124.0,10200.0,43.0,,,10202.0,124.0,10203.0,43.0,,,10201.5,0.0
2,20900,VOLCANIC_ROCK,10201.0,117.0,10200.0,75.0,,,10202.0,117.0,10203.0,75.0,,,10201.5,0.0
2,21000,VOLCANIC_ROCK,10200.0,167.0,,,,,10202.0,124.0,10203.0,43.0,,,10201.0,0.0
2,21100,VOLCANIC_ROCK,10202.0,143.0,10201.0,67.0,,,10204.0,210.0,,,,,10203.0,0.0
2,21200,VOLCANIC_ROCK,10206.0,122.0,10205.0,78.0,,,10207.0,122.0,10208.0,78.0,,,10206.5,0.0
2,21300,VOLCANIC_ROCK,10205.0,195.0,,,,,10207.0,130.0,10208.0,65.0,,,10206.0,0.0
2,21400,VOLCANIC_ROCK,10203.0,186.0,,,,,10205.0,114.0,10206.0,72.0,,,10204.0,0.0
2,21500,VOLCANIC_ROCK,10208.0,128.0,10207.0,46.0,,,10209.0,128.0,10210.0,46.0,,,10208.5,0.0
2,21600,VOLCANIC_ROCK,10208.0,143.0,10207.0,73.0,,,10209.0,143.0,10210.0,73.0,,,10208.5,0.0
2,21700,VOLCANIC_ROCK,10207.0,119.0,10206.0,77.0,,,10208.0,119.0,10209.0,77.0,,,10207.5,0.0
2,21800,VOLCANIC_ROCK,10206.0,130.0,10205.0,49.0,,,10208.0,130.0,10209.0,49.0,,,10207.0,0.0
2,21900,VOLCANIC_ROCK,10206.0,150.0,10205.0,76.0,,,10208.0,220.0,,,,,10207.0,0.0
2,22000,VOLCANIC_ROCK,10213.0,108.0,10212.0,65.0,,,10214.0,108.0,10215.0,65.0,,,10213.5,0.0
2,22100,VOLCANIC_ROCK,10213.0,142.0,10212.0,79.0,,,10214.0,142.0,10215.0,79.0,,,10213.5,0.0
2,22200,VOLCANIC_ROCK,10211.0,138.0,10210.0,48.0,,,10213.0,191.0,,,,,10212.0,0.0
2,22300,VOLCANIC_ROCK,10213.0,147.0,10212.0,66.0,,,10214.0,147.0,10215.0,66.0,,,10213.5,0.0
2,22400,VOLCANIC_ROCK,10211.0,150.0,10210.0,67.0,,,10212.0,150.0,10213.0,67.0,,,10211.5,0.0
2,22500,VOLCANIC_ROCK,10212.0,5.0,10211.0,206.0,,,10213.0,136.0,10214.0,70.0,,,10212.5,0.0
2,22600,VOLCANIC_ROCK,10210.0,107.0,10209.0,40.0,,,10211.0,107.0,10212.0,40.0,,,10210.5,0.0
2,22700,VOLCANIC_ROCK,10210.0,10.0,10209.0,147.0,10208.0,74.0,10211.0,147.0,10212.0,74.0,,,10210.5,0.0
2,22800,VOLCANIC_ROCK,10208.0,180.0,,,,,10210.0,112.0,10211.0,68.0,,,10209.0,0.0
2,22900,VOLCANIC_ROCK,10210.0,105.0,10209.0,79.0,,,10211.0,105.0,10212.0,79.0,,,10210.5,0.0
2,23000,VOLCANIC_ROCK,10210.0,114.0,10209.0,78.0,,,10211.0,114.0,10212.0,78.0,,,10210.5,0.0
2,23100,VOLCANIC_ROCK,10210.0,107.0,10209.0,59.0,,,10211.0,107.0,10212.0,59.0,,,10210.5,0.0
2,23200,VOLCANIC_ROCK,10209.0,107.0,10208.0,41.0,,,10210.0,107.0,10211.0,41.0,,,10209.5,0.0
2,23300,VOLCANIC_ROCK,10210.0,150.0,10209.0,80.0,,,10211.0,150.0,10212.0,80.0,,,10210.5,0.0
2,23400,VOLCANIC_ROCK,10209.0,131.0,10208.0,44.0,,,10210.0,131.0,10211.0,44.0,,,10209.5,0.0
2,23500,VOLCANIC_ROCK,10206.0,129.0,10205.0,74.0,,,10208.0,203.0,,,,,10207.0,0.0
2,23600,VOLCANIC_ROCK,10207.0,110.0,10206.0,71.0,,,10209.0,187.0,,,,,10208.0,0.0
2,23700,VOLCANIC_ROCK,10207.0,129.0,10206.0,60.0,,,10209.0,189.0,,,,,10208.0,0.0
2,23800,VOLCANIC_ROCK,10208.0,109.0,10207.0,75.0,,,10209.0,109.0,10210.0,75.0,,,10208.5,0.0
2,23900,VOLCANIC_ROCK,10206.0,127.0,10205.0,68.0,,,10207.0,127.0,10208.0,68.0,,,10206.5,0.0
2,24000,VOLCANIC_ROCK,10206.0,161.0,,,,,10208.0,102.0,10209.0,59.0,,,10207.0,0.0
2,24100,VOLCANIC_ROCK,10201.0,123.0,10200.0,62.0,,,10202.0,123.0,10203.0,62.0,,,10201.5,0.0
2,24200,VOLCANIC_ROCK,10197.0,126.0,10196.0,73.0,,,10198.0,126.0,10199.0,73.0,,,10197.5,0.0
2,24300,VOLCANIC_ROCK,10197.0,114.0,10196.0,71.0,,,10199.0,185.0,,,,,10198.0,0.0
2,24400,VOLCANIC_ROCK,10195.0,160.0,,,,,10197.0,119.0,10198.0,41.0,,,10196.0,0.0
2,24500,VOLCANIC_ROCK,10197.0,125.0,10196.0,56.0,,,10198.0,125.0,10199.0,56.0,,,10197.5,0.0
2,24600,VOLCANIC_ROCK,10195.0,130.0,10194.0,72.0,,,10197.0,202.0,,,,,10196.0,0.0
2,24700,VOLCANIC_ROCK,10196.0,128.0,10195.0,59.0,,,10198.0,187.0,,,,,10197.0,0.0
2,24800,VOLCANIC_ROCK,10196.0,120.0,10195.0,51.0,,,10197.0,120.0,10198.0,51.0,,,10196.5,0.0
2,24900,VOLCANIC_ROCK,10195.0,149.0,10194.0,43.0,,,10197.0,192.0,,,,,10196.0,0.0
2,25000,VOLCANIC_ROCK,10197.0,149.0,10196.0,55.0,,,10198.0,149.0,10199.0,55.0,,,10197.5,0.0
2,25100,VOLCANIC_ROCK,10196.0,121.0,10195.0,45.0,,,10198.0,166.0,,,,,10197.0,0.0
2,25200,VOLCANIC_ROCK,10194.0,120.0,10193.0,59.0,,,10196.0,120.0,10197.0,59.0,,,10195.0,0.0
2,25300,VOLCANIC_ROCK,10192.0,149.0,10191.0,64.0,,,10193.0,149.0,10194.0,64.0,,,10192.5,0.0
2,25400,VOLCANIC_ROCK,10192.0,139.0,10191.0,75.0,,,10194.0,214.0,,,,,10193.0,0.0
2,25500,VOLCANIC_ROCK,10192.0,101.0,10191.0,62.0,,,10194.0,163.0,,,,,10193.0,0.0
2,25600,VOLCANIC_ROCK,10194.0,127.0,10193.0,74.0,,,10195.0,127.0,10196.0,74.0,,,10194.5,0.0
2,25700,VOLCANIC_ROCK,10192.0,134.0,10191.0,43.0,,,10193.0,134.0,10194.0,43.0,,,10192.5,0.0
2,25800,VOLCANIC_ROCK,10193.0,132.0,10192.0,61.0,,,10194.0,138.0,10195.0,61.0,,,10193.5,0.0
2,25900,VOLCANIC_ROCK,10195.0,126.0,10194.0,70.0,,,10197.0,196.0,,,,,10196.0,0.0
2,26000,VOLCANIC_ROCK,10196.0,149.0,10195.0,58.0,,,10198.0,207.0,,,,,10197.0,0.0
2,26100,VOLCANIC_ROCK,10197.0,122.0,10196.0,76.0,,,10198.0,122.0,10199.0,76.0,,,10197.5,0.0
2,26200,VOLCANIC_ROCK,10200.0,149.0,10199.0,57.0,,,10202.0,206.0,,,,,10201.0,0.0
2,26300,VOLCANIC_ROCK,10198.0,173.0,,,,,10200.0,127.0,10201.0,46.0,,,10199.0,0.0
2,26400,VOLCANIC_ROCK,10202.0,100.0,10201.0,77.0,,,10203.0,100.0,10204.0,77.0,,,10202.5,0.0
2,26500,VOLCANIC_ROCK,10201.0,120.0,10200.0,70.0,,,10203.0,120.0,10204.0,70.0,,,10202.0,0.0
2,26600,VOLCANIC_ROCK,10199.0,110.0,10198.0,71.0,,,10201.0,181.0,,,,,10200.0,0.0
2,26700,VOLCANIC_ROCK,10199.0,145.0,10198.0,63.0,,,10201.0,145.0,10202.0,63.0,,,10200.0,0.0
2,26800,VOLCANIC_ROCK,10199.0,138.0,10198.0,79.0,,,10201.0,217.0,,,,,10200.0,0.0
2,26900,VOLCANIC_ROCK,10200.0,131.0,10199.0,50.0,,,10202.0,181.0,,,,,10201.0,0.0
2,27000,VOLCANIC_ROCK,10200.0,205.0,,,,,10202.0,147.0,10203.0,58.0,,,10201.0,0.0
2,27100,VOLCANIC_ROCK,10201.0,127.0,10200.0,77.0,,,10202.0,127.0,10203.0,77.0,,,10201.5,0.0
2,27200,VOLCANIC_ROCK,10201.0,120.0,10200.0,54.0,,,10202.0,120.0,10203.0,54.0,,,10201.5,0.0
2,27300,VOLCANIC_ROCK,10199.0,179.0,,,,,10201.0,105.0,10202.0,74.0,,,10200.0,0.0
2,27400,VOLCANIC_ROCK,10201.0,142.0,10200.0,74.0,,,10202.0,142.0,10203.0,74.0,,,10201.5,0.0
2,27500,VOLCANIC_ROCK,10202.0,176.0,,,,,10204.0,129.0,10205.0,47.0,,,10203.0,0.0
2,27600,VOLCANIC_ROCK,10199.0,141.0,10198.0,65.0,,,10201.0,141.0,10202.0,65.0,,,10200.0,0.0
2,27700,VOLCANIC_ROCK,10200.0,123.0,10199.0,40.0,,,10201.0,123.0,10202.0,40.0,,,10200.5,0.0
2,27800,VOLCANIC_ROCK,10196.0,115.0,10195.0,47.0,,,10197.0,115.0,10198.0,47.0,,,10196.5,0.0
2,27900,VOLCANIC_ROCK,10196.0,151.0,10195.0,42.0,,,10197.0,141.0,10198.0,42.0,,,10196.5,0.0
2,28000,VOLCANIC_ROCK,10196.0,126.0,10195.0,69.0,,,10197.0,133.0,10198.0,69.0,,,10196.5,0.0
2,28100,VOLCANIC_ROCK,10196.0,143.0,10195.0,72.0,,,10198.0,215.0,,,,,10197.0,0.0
2,28200,VOLCANIC_ROCK,10194.0,132.0,10193.0,76.0,,,10195.0,132.0,10196.0,76.0,,,10194.5,0.0
2,28300,VOLCANIC_ROCK,10193.0,126.0,10192.0,47.0,,,10195.0,126.0,10196.0,47.0,,,10194.0,0.0
2,28400,VOLCANIC_ROCK,10193.0,148.0,10192.0,78.0,,,10194.0,148.0,10195.0,78.0,,,10193.5,0.0
2,28500,VOLCANIC_ROCK,10193.0,116.0,10192.0,44.0,,,10195.0,160.0,,,,,10194.0,0.0
2,28600,VOLCANIC_ROCK,10190.0,128.0,10189.0,79.0,,,10192.0,207.0,,,,,10191.0,0.0
2,28700,VOLCANIC_ROCK,10188.0,137.0,10187.0,70.0,,,10190.0,207.0,,,,,10189.0,0.0
2,28800,VOLCANIC_ROCK,10186.0,141.0,10185.0,73.0,,,10187.0,141.0,10188.0,73.0,,,10186.5,0.0
2,28900,VOLCANIC_ROCK,10184.0,125.0,10183.0,48.0,,,10186.0,173.0,,,,,10185.0,0.0
2,29000,VOLCANIC_ROCK,10187.0,125.0,10186.0,68.0,,,10189.0,193.0,,,,,10188.0,0.0
2,29100,VOLCANIC_ROCK,10186.0,126.0,10185.0,43.0,,,10187.0,126.0,10188.0,43.0,,,10186.5,0.0
2,29200,VOLCANIC_ROCK,10187.0,130.0,10186.0,74.0,,,10188.0,130.0,10189.0,74.0,,,10187.5,0.0
2,29300,VOLCANIC_ROCK,10187.0,97.0,10186.0,48.0,,,10189.0,150.0,,,,,10188.0,0.0
2,29400,VOLCANIC_ROCK,10188.0,118.0,10187.0,40.0,,,10189.0,118.0,10190.0,40.0,,,10188.5,0.0
2,29500,VOLCANIC_ROCK,10187.0,132.0,10186.0,48.0,,,10189.0,180.0,,,,,10188.0,0.0
2,29600,VOLCANIC_ROCK,10186.0,202.0,,,,,10188.0,129.0,10189.0,73.0,,,10187.0,0.0
2,29700,VOLCANIC_ROCK,10190.0,120.0,10189.0,48.0,,,10191.0,120.0,10192.0,48.0,,,10190.5,0.0
2,29800,VOLCANIC_ROCK,10189.0,119.0,10188.0,71.0,,,10190.0,119.0,10191.0,71.0,,,10189.5,0.0
2,29900,VOLCANIC_ROCK,10189.0,120.0,10188.0,78.0,,,10190.0,128.0,10191.0,78.0,,,10189.5,0.0
2,30000,VOLCANIC_ROCK,10188.0,117.0,10187.0,61.0,,,10190.0,117.0,10191.0,61.0,,,10189.0,0.0
2,30100,VOLCANIC_ROCK,10188.0,132.0,10187.0,79.0,,,10189.0,132.0,10190.0,79.0,,,10188.5,0.0
2,30200,VOLCANIC_ROCK,10188.0,108.0,10187.0,46.0,,,10189.0,116.0,10190.0,46.0,,,10188.5,0.0
2,30300,VOLCANIC_ROCK,10186.0,200.0,,,,,10188.0,128.0,10189.0,72.0,,,10187.0,0.0
2,30400,VOLCANIC_ROCK,10184.0,105.0,10183.0,57.0,,,10185.0,105.0,10186.0,57.0,,,10184.5,0.0
2,30500,VOLCANIC_ROCK,10183.0,147.0,10182.0,74.0,,,10184.0,147.0,10185.0,74.0,,,10183.5,0.0
2,30600,VOLCANIC_ROCK,10183.0,102.0,10182.0,48.0,,,10185.0,150.0,,,,,10184.0,0.0
2,30700,VOLCANIC_ROCK,10183.0,149.0,10182.0,65.0,,,10185.0,149.0,10186.0,65.0,,,10184.0,0.0
2,30800,VOLCANIC_ROCK,10183.0,158.0,,,,,10185.0,105.0,10186.0,53.0,,,10184.0,0.0
2,30900,VOLCANIC_ROCK,10183.0,137.0,10182.0,49.0,,,10184.0,137.0,10185.0,49.0,,,10183.5,0.0
2,31000,VOLCANIC_ROCK,10183.0,196.0,,,,,10185.0,138.0,10186.0,58.0,,,10184.0,0.0
2,31100,VOLCANIC_ROCK,10182.0,173.0,,,,,10184.0,131.0,10185.0,42.0,,,10183.0,0.0
2,31200,VOLCANIC_ROCK,10181.0,152.0,,,,,10183.0,106.0,10184.0,46.0,,,10182.0,0.0
2,31300,VOLCANIC_ROCK,10179.0,132.0,10178.0,57.0,,,10180.0,132.0,10181.0,57.0,,,10179.5,0.0
2,31400,VOLCANIC_ROCK,10182.0,139.0,10181.0,67.0,,,10183.0,139.0,10184.0,67.0,,,10182.5,0.0
2,31500,VOLCANIC_ROCK,10182.0,135.0,10181.0,79.0,,,10183.0,135.0,10184.0,79.0,,,10182.5,0.0
2,31600,VOLCANIC_ROCK,10183.0,148.0,10182.0,62.0,,,10184.0,148.0,10185.0,62.0,,,10183.5,0.0
2,31700,VOLCANIC_ROCK,10181.0,186.0,,,,,10183.0,116.0,10184.0,70.0,,,10182.0,0.0
2,31800,VOLCANIC_ROCK,10181.0,205.0,,,,,10183.0,134.0,10184.0,71.0,,,10182.0,0.0
2,31900,VOLCANIC_ROCK,10180.0,127.0,10179.0,62.0,,,10182.0,189.0,,,,,10181.0,0.0
2,32000,VOLCANIC_ROCK,10179.0,136.0,10178.0,65.0,,,10181.0,201.0,,,,,10180.0,0.0
2,32100,VOLCANIC_ROCK,10176.0,188.0,,,,,10178.0,148.0,10179.0,40.0,,,10177.0,0.0
2,32200,VOLCANIC_ROCK,10177.0,118.0,10176.0,44.0,,,10179.0,162.0,,,,,10178.0,0.0
2,32300,VOLCANIC_ROCK,10177.0,148.0,10176.0,70.0,,,10178.0,148.0,10179.0,70.0,,,10177.5,0.0
2,32400,VOLCANIC_ROCK,10177.0,9.0,10176.0,166.0,,,10178.0,104.0,10179.0,62.0,,,10177.5,0.0
2,32500,VOLCANIC_ROCK,10178.0,161.0,,,,,10180.0,116.0,10181.0,45.0,,,10179.0,0.0
2,32600,VOLCANIC_ROCK,10181.0,117.0,10180.0,59.0,,,10182.0,117.0,10183.0,59.0,,,10181.5,0.0
2,32700,VOLCANIC_ROCK,10184.0,10.0,10183.0,180.0,,,10185.0,116.0,10186.0,64.0,,,10184.5,0.0
2,32800,VOLCANIC_ROCK,10186.0,95.0,10185.0,40.0,,,10187.0,103.0,10188.0,40.0,,,10186.5,0.0
2,32900,VOLCANIC_ROCK,10189.0,143.0,10188.0,54.0,,,10190.0,143.0,10191.0,54.0,,,10189.5,0.0
2,33000,VOLCANIC_ROCK,10190.0,110.0,10189.0,65.0,,,10192.0,175.0,,,,,10191.0,0.0
2,33100,VOLCANIC_ROCK,10190.0,119.0,10189.0,52.0,,,10192.0,119.0,10193.0,52.0,,,10191.0,0.0
2,33200,VOLCANIC_ROCK,10192.0,129.0,10191.0,80.0,,,10194.0,202.0,,,,,10193.0,0.0
2,33300,VOLCANIC_ROCK,10192.0,9.0,10191.0,180.0,,,10193.0,114.0,10194.0,66.0,,,10192.5,0.0
2,33400,VOLCANIC_ROCK,10190.0,144.0,10189.0,79.0,,,10191.0,144.0,10192.0,79.0,,,10190.5,0.0
2,33500,VOLCANIC_ROCK,10193.0,100.0,10192.0,40.0,,,10194.0,100.0,10195.0,40.0,,,10193.5,0.0
2,33600,VOLCANIC_ROCK,10191.0,114.0,10190.0,69.0,,,10192.0,114.0,10193.0,69.0,,,10191.5,0.0
2,33700,VOLCANIC_ROCK,10192.0,129.0,10191.0,54.0,,,10194.0,183.0,,,,,10193.0,0.0
2,33800,VOLCANIC_ROCK,10195.0,144.0,10194.0,44.0,,,10197.0,188.0,,,,,10196.0,0.0
2,33900,VOLCANIC_ROCK,10196.0,135.0,10195.0,64.0,,,10197.0,135.0,10198.0,64.0,,,10196.5,0.0
2,34000,VOLCANIC_ROCK,10194.0,148.0,10193.0,61.0,,,10196.0,209.0,,,,,10195.0,0.0
2,34100,VOLCANIC_ROCK,10193.0,111.0,10192.0,46.0,,,10195.0,150.0,,,,,10194.0,0.0
2,34200,VOLCANIC_ROCK,10192.0,141.0,10191.0,63.0,,,10194.0,204.0,,,,,10193.0,0.0
2,34300,VOLCANIC_ROCK,10192.0,174.0,,,,,10194.0,102.0,10195.0,72.0,,,10193.0,0.0
2,34400,VOLCANIC_ROCK,10195.0,104.0,10194.0,60.0,,,10196.0,104.0,10197.0,60.0,,,10195.5,0.0
2,34500,VOLCANIC_ROCK,10193.0,125.0,10192.0,79.0,,,10195.0,204.0,,,,,10194.0,0.0
2,34600,VOLCANIC_ROCK,10191.0,112.0,10190.0,41.0,,,10192.0,112.0,10193.0,41.0,,,10191.5,0.0
2,34700,VOLCANIC_ROCK,10190.0,115.0,10189.0,50.0,,,10192.0,157.0,,,,,10191.0,0.0
2,34800,VOLCANIC_ROCK,10191.0,113.0,10190.0,52.0,,,10192.0,113.0,10193.0,52.0,,,10191.5,0.0
2,34900,VOLCANIC_ROCK,10192.0,144.0,10191.0,47.0,,,10193.0,144.0,10194.0,47.0,,,10192.5,0.0
2,35000,VOLCANIC_ROCK,10190.0,125.0,10189.0,60.0,,,10191.0,125.0,10192.0,60.0,,,10190.5,0.0
2,35100,VOLCANIC_ROCK,10190.0,183.0,,,,,10192.0,122.0,10193.0,61.0,,,10191.0,0.0
2,35200,VOLCANIC_ROCK,10190.0,131.0,10189.0,44.0,,,10191.0,124.0,10192.0,44.0,,,10190.5,0.0
2,35300,VOLCANIC_ROCK,10191.0,123.0,10190.0,40.0,,,10192.0,123.0,10193.0,40.0,,,10191.5,0.0
2,35400,VOLCANIC_ROCK,10192.0,124.0,10191.0,74.0,,,10194.0,205.0,,,,,10193.0,0.0
2,35500,VOLCANIC_ROCK,10191.0,120.0,10190.0,60.0,,,10193.0,120.0,10194.0,60.0,,,10192.0,0.0
2,35600,VOLCANIC_ROCK,10193.0,125.0,10192.0,57.0,,,10194.0,125.0,10195.0,57.0,,,10193.5,0.0
2,35700,VOLCANIC_ROCK,10193.0,136.0,10192.0,79.0,,,10195.0,136.0,10196.0,79.0,,,10194.0,0.0
2,35800,VOLCANIC_ROCK,10192.0,201.0,,,,,10194.0,137.0,10195.0,64.0,,,10193.0,0.0
2,35900,VOLCANIC_ROCK,10190.0,133.0,10189.0,66.0,,,10192.0,199.0,,,,,10191.0,0.0
2,36000,VOLCANIC_ROCK,10189.0,176.0,,,,,10191.0,114.0,10192.0,62.0,,,10190.0,0.0
2,36100,VOLCANIC_ROCK,10190.0,150.0,10189.0,59.0,,,10191.0,150.0,10192.0,59.0,,,10190.5,0.0
2,36200,VOLCANIC_ROCK,10192.0,138.0,10191.0,71.0,,,10193.0,138.0,10194.0,71.0,,,10192.5,0.0
2,36300,VOLCANIC_ROCK,10193.0,104.0,10192.0,40.0,,,10194.0,104.0,10195.0,40.0,,,10193.5,0.0
2,36400,VOLCANIC_ROCK,10188.0,125.0,10187.0,54.0,,,10190.0,170.0,,,,,10189.0,0.0
2,36500,VOLCANIC_ROCK,10190.0,127.0,10189.0,53.0,,,10191.0,127.0,10192.0,53.0,,,10190.5,0.0
2,36600,VOLCANIC_ROCK,10188.0,119.0,10187.0,43.0,,,10189.0,119.0,10190.0,43.0,,,10188.5,0.0
2,36700,VOLCANIC_ROCK,10189.0,197.0,,,,,10191.0,144.0,10192.0,53.0,,,10190.0,0.0
2,36800,VOLCANIC_ROCK,10191.0,126.0,10190.0,46.0,,,10192.0,116.0,10193.0,46.0,,,10191.5,0.0
2,36900,VOLCANIC_ROCK,10191.0,118.0,10190.0,63.0,,,10192.0,118.0,10193.0,63.0,,,10191.5,0.0
2,37000,VOLCANIC_ROCK,10193.0,111.0,10192.0,65.0,,,10195.0,176.0,,,,,10194.0,0.0
2,37100,VOLCANIC_ROCK,10193.0,105.0,10192.0,59.0,,,10195.0,164.0,,,,,10194.0,0.0
2,37200,VOLCANIC_ROCK,10193.0,188.0,,,,,10195.0,140.0,10196.0,48.0,,,10194.0,0.0
2,37300,VOLCANIC_ROCK,10193.0,136.0,10192.0,56.0,,,10194.0,136.0,10195.0,56.0,,,10193.5,0.0
2,37400,VOLCANIC_ROCK,10192.0,114.0,10191.0,68.0,,,10193.0,114.0,10194.0,68.0,,,10192.5,0.0
2,37500,VOLCANIC_ROCK,10191.0,162.0,,,,,10193.0,100.0,10194.0,62.0,,,10192.0,0.0
2,37600,VOLCANIC_ROCK,10192.0,102.0,10191.0,44.0,,,10193.0,102.0,10194.0,44.0,,,10192.5,0.0
2,37700,VOLCANIC_ROCK,10193.0,106.0,10192.0,70.0,,,10194.0,106.0,10195.0,70.0,,,10193.5,0.0
2,37800,VOLCANIC_ROCK,10191.0,198.0,,,,,10193.0,141.0,10194.0,57.0,,,10192.0,0.0
2,37900,VOLCANIC_ROCK,10192.0,148.0,10191.0,43.0,,,10194.0,191.0,,,,,10193.0,0.0
2,38000,VOLCANIC_ROCK,10191.0,139.0,10190.0,44.0,,,10193.0,139.0,10194.0,44.0,,,10192.0,0.0
2,38100,VOLCANIC_ROCK,10193.0,118.0,10192.0,79.0,,,10194.0,118.0,10195.0,79.0,,,10193.5,0.0
2,38200,VOLCANIC_ROCK,10192.0,119.0,10191.0,41.0,,,10193.0,119.0,10194.0,41.0,,,10192.5,0.0
2,38300,VOLCANIC_ROCK,10190.0,147.0,10189.0,72.0,,,10192.0,219.0,,,,,10191.0,0.0
2,38400,VOLCANIC_ROCK,10193.0,105.0,10192.0,66.0,,,10194.0,105.0,10195.0,66.0,,,10193.5,0.0
2,38500,VOLCANIC_ROCK,10197.0,178.0,,,,,10199.0,137.0,10200.0,41.0,,,10198.0,0.0
2,38600,VOLCANIC_ROCK,10199.0,136.0,10198.0,58.0,,,10200.0,136.0,10201.0,58.0,,,10199.5,0.0
2,38700,VOLCANIC_ROCK,10198.0,138.0,10197.0,63.0,,,10200.0,201.0,,,,,10199.0,0.0
2,38800,VOLCANIC_ROCK,10199.0,176.0,,,,,10201.0,109.0,10202.0,67.0,,,10200.0,0.0
2,38900,VOLCANIC_ROCK,10201.0,145.0,10200.0,53.0,,,10203.0,198.0,,,,,10202.0,0.0
2,39000,VOLCANIC_ROCK,10202.0,7.0,10201.0,211.0,,,10203.0,146.0,10204.0,65.0,,,10202.5,0.0
2,39100,VOLCANIC_ROCK,10201.0,149.0,10200.0,42.0,,,10203.0,149.0,10204.0,42.0,,,10202.0,0.0
2,39200,VOLCANIC_ROCK,10205.0,132.0,10204.0,50.0,,,10207.0,182.0,,,,,10206.0,0.0
2,39300,VOLCANIC_ROCK,10204.0,118.0,10203.0,53.0,,,10205.0,118.0,10206.0,53.0,,,10204.5,0.0
2,39400,VOLCANIC_ROCK,10200.0,141.0,10199.0,64.0,,,10202.0,205.0,,,,,10201.0,0.0
2,39500,VOLCANIC_ROCK,10203.0,149.0,10202.0,52.0,,,10205.0,201.0,,,,,10204.0,0.0
2,39600,VOLCANIC_ROCK,10203.0,168.0,,,,,10205.0,104.0,10206.0,64.0,,,10204.0,0.0
2,39700,VOLCANIC_ROCK,10204.0,116.0,10203.0,44.0,,,10205.0,118.0,10206.0,44.0,,,10204.5,0.0
2,39800,VOLCANIC_ROCK,10202.0,124.0,10201.0,51.0,,,10204.0,175.0,,,,,10203.0,0.0
2,39900,VOLCANIC_ROCK,10202.0,140.0,10201.0,73.0,,,10203.0,131.0,10204.0,73.0,,,10202.5,0.0
2,40000,VOLCANIC_ROCK,10201.0,107.0,10200.0,79.0,,,10202.0,107.0,10203.0,79.0,,,10201.5,0.0
2,40100,VOLCANIC_ROCK,10200.0,134.0,10199.0,68.0,,,10201.0,134.0,10202.0,68.0,,,10200.5,0.0
2,40200,VOLCANIC_ROCK,10199.0,101.0,10198.0,71.0,,,10200.0,101.0,10201.0,71.0,,,10199.5,0.0
2,40300,VOLCANIC_ROCK,10196.0,103.0,10195.0,53.0,,,10198.0,156.0,,,,,10197.0,0.0
2,40400,VOLCANIC_ROCK,10194.0,141.0,10193.0,72.0,,,10196.0,213.0,,,,,10195.0,0.0
2,40500,VOLCANIC_ROCK,10194.0,144.0,10193.0,57.0,,,10196.0,201.0,,,,,10195.0,0.0
2,40600,VOLCANIC_ROCK,10191.0,209.0,,,,,10193.0,130.0,10194.0,79.0,,,10192.0,0.0
2,40700,VOLCANIC_ROCK,10191.0,108.0,10190.0,54.0,,,10192.0,108.0,10193.0,54.0,,,10191.5,0.0
2,40800,VOLCANIC_ROCK,10191.0,115.0,10190.0,45.0,,,10192.0,115.0,10193.0,45.0,,,10191.5,0.0
2,40900,VOLCANIC_ROCK,10194.0,125.0,10193.0,78.0,,,10196.0,203.0,,,,,10195.0,0.0
2,41000,VOLCANIC_ROCK,10192.0,113.0,10191.0,66.0,,,10193.0,113.0,10194.0,66.0,,,10192.5,0.0
2,41100,VOLCANIC_ROCK,10192.0,126.0,10191.0,40.0,,,10193.0,126.0,10194.0,40.0,,,10192.5,0.0
2,41200,VOLCANIC_ROCK,10193.0,125.0,10192.0,43.0,,,10194.0,125.0,10195.0,43.0,,,10193.5,0.0
2,41300,VOLCANIC_ROCK,10191.0,109.0,10190.0,52.0,,,10192.0,109.0,10193.0,52.0,,,10191.5,0.0
2,41400,VOLCANIC_ROCK,10191.0,165.0,,,,,10193.0,100.0,10194.0,65.0,,,10192.0,0.0
2,41500,VOLCANIC_ROCK,10192.0,107.0,10191.0,52.0,,,10194.0,107.0,10195.0,52.0,,,10193.0,0.0
2,41600,VOLCANIC_ROCK,10192.0,135.0,10191.0,80.0,,,10193.0,135.0,10194.0,80.0,,,10192.5,0.0
2,41700,VOLCANIC_ROCK,10190.0,101.0,10189.0,57.0,,,10191.0,101.0,10192.0,57.0,,,10190.5,0.0
2,41800,VOLCANIC_ROCK,10192.0,122.0,10191.0,49.0,,,10193.0,122.0,10194.0,49.0,,,10192.5,0.0
2,41900,VOLCANIC_ROCK,10194.0,109.0,10193.0,70.0,,,10196.0,171.0,,,,,10195.0,0.0
2,42000,VOLCANIC_ROCK,10193.0,116.0,10192.0,54.0,,,10195.0,170.0,,,,,10194.0,0.0
2,42100,VOLCANIC_ROCK,10195.0,158.0,,,,,10197.0,112.0,10198.0,46.0,,,10196.0,0.0
2,42200,VOLCANIC_ROCK,10194.0,183.0,,,,,10196.0,129.0,10197.0,54.0,,,10195.0,0.0
2,42300,VOLCANIC_ROCK,10191.0,119.0,10190.0,58.0,,,10193.0,177.0,,,,,10192.0,0.0
2,42400,VOLCANIC_ROCK,10187.0,116.0,10186.0,74.0,,,10188.0,116.0,10189.0,74.0,,,10187.5,0.0
2,42500,VOLCANIC_ROCK,10188.0,102.0,10187.0,41.0,,,10190.0,143.0,,,,,10189.0,0.0
2,42600,VOLCANIC_ROCK,10187.0,188.0,,,,,10189.0,124.0,10190.0,64.0,,,10188.0,0.0
2,42700,VOLCANIC_ROCK,10190.0,147.0,10189.0,58.0,,,10191.0,147.0,10192.0,58.0,,,10190.5,0.0
2,42800,VOLCANIC_ROCK,10187.0,165.0,,,,,10189.0,117.0,10190.0,48.0,,,10188.0,0.0
2,42900,VOLCANIC_ROCK,10189.0,116.0,10188.0,51.0,,,10190.0,116.0,10191.0,51.0,,,10189.5,0.0
2,43000,VOLCANIC_ROCK,10190.0,182.0,,,,,10192.0,135.0,10193.0,47.0,,,10191.0,0.0
2,43100,VOLCANIC_ROCK,10187.0,149.0,10186.0,47.0,,,10188.0,149.0,10189.0,47.0,,,10187.5,0.0
2,43200,VOLCANIC_ROCK,10183.0,114.0,10182.0,63.0,,,10184.0,114.0,10185.0,63.0,,,10183.5,0.0
2,43300,VOLCANIC_ROCK,10182.0,107.0,10181.0,70.0,,,10183.0,107.0,10184.0,70.0,,,10182.5,0.0
2,43400,VOLCANIC_ROCK,10181.0,171.0,,,,,10182.0,8.0,10183.0,119.0,10184.0,52.0,10181.5,0.0
2,43500,VOLCANIC_ROCK,10183.0,126.0,10182.0,71.0,,,10184.0,133.0,10185.0,71.0,,,10183.5,0.0
2,43600,VOLCANIC_ROCK,10182.0,150.0,10181.0,61.0,,,10183.0,150.0,10184.0,61.0,,,10182.5,0.0
2,43700,VOLCANIC_ROCK,10182.0,108.0,10181.0,73.0,,,10184.0,181.0,,,,,10183.0,0.0
2,43800,VOLCANIC_ROCK,10182.0,146.0,10181.0,66.0,,,10184.0,212.0,,,,,10183.0,0.0
2,43900,VOLCANIC_ROCK,10183.0,207.0,,,,,10185.0,133.0,10186.0,74.0,,,10184.0,0.0
2,44000,VOLCANIC_ROCK,10184.0,213.0,,,,,10186.0,140.0,10187.0,73.0,,,10185.0,0.0
2,44100,VOLCANIC_ROCK,10184.0,105.0,10183.0,69.0,,,10185.0,105.0,10186.0,69.0,,,10184.5,0.0
2,44200,VOLCANIC_ROCK,10184.0,138.0,10183.0,48.0,,,10186.0,186.0,,,,,10185.0,0.0
2,44300,VOLCANIC_ROCK,10184.0,123.0,10183.0,51.0,,,10186.0,174.0,,,,,10185.0,0.0
2,44400,VOLCANIC_ROCK,10187.0,117.0,10186.0,77.0,,,10188.0,108.0,10189.0,77.0,,,10187.5,0.0
2,44500,VOLCANIC_ROCK,10187.0,145.0,10186.0,48.0,,,10188.0,145.0,10189.0,48.0,,,10187.5,0.0
2,44600,VOLCANIC_ROCK,10186.0,196.0,,,,,10188.0,150.0,10189.0,46.0,,,10187.0,0.0
2,44700,VOLCANIC_ROCK,10187.0,131.0,10186.0,48.0,,,10188.0,131.0,10189.0,48.0,,,10187.5,0.0
2,44800,VOLCANIC_ROCK,10189.0,124.0,10188.0,54.0,,,10190.0,121.0,10191.0,54.0,,,10189.5,0.0
2,44900,VOLCANIC_ROCK,10186.0,153.0,,,,,10188.0,104.0,10189.0,49.0,,,10187.0,0.0
2,45000,VOLCANIC_ROCK,10189.0,109.0,10188.0,62.0,,,10191.0,171.0,,,,,10190.0,0.0
2,45100,VOLCANIC_ROCK,10187.0,118.0,10186.0,78.0,,,10189.0,196.0,,,,,10188.0,0.0
2,45200,VOLCANIC_ROCK,10188.0,118.0,10187.0,48.0,,,10190.0,166.0,,,,,10189.0,0.0
2,45300,VOLCANIC_ROCK,10189.0,211.0,,,,,10191.0,146.0,10192.0,65.0,,,10190.0,0.0
2,45400,VOLCANIC_ROCK,10184.0,218.0,,,,,10186.0,148.0,10187.0,70.0,,,10185.0,0.0
2,45500,VOLCANIC_ROCK,10187.0,131.0,10186.0,40.0,,,10188.0,131.0,10189.0,40.0,,,10187.5,0.0
2,45600,VOLCANIC_ROCK,10186.0,156.0,10185.0,55.0,,,10187.0,146.0,10188.0,55.0,,,10186.5,0.0
2,45700,VOLCANIC_ROCK,10185.0,101.0,10184.0,46.0,,,10187.0,147.0,,,,,10186.0,0.0
2,45800,VOLCANIC_ROCK,10185.0,115.0,10184.0,52.0,,,10187.0,167.0,,,,,10186.0,0.0
2,45900,VOLCANIC_ROCK,10187.0,131.0,10186.0,77.0,,,10189.0,131.0,10190.0,77.0,,,10188.0,0.0
2,46000,VOLCANIC_ROCK,10185.0,144.0,10184.0,57.0,,,10186.0,144.0,10187.0,57.0,,,10185.5,0.0
2,46100,VOLCANIC_ROCK,10186.0,110.0,10185.0,77.0,,,10187.0,110.0,10188.0,77.0,,,10186.5,0.0
2,46200,VOLCANIC_ROCK,10183.0,140.0,10182.0,47.0,,,10185.0,187.0,,,,,10184.0,0.0
2,46300,VOLCANIC_ROCK,10183.0,146.0,10182.0,61.0,,,10184.0,146.0,10185.0,61.0,,,10183.5,0.0
2,46400,VOLCANIC_ROCK,10183.0,137.0,10182.0,44.0,,,10184.0,137.0,10185.0,44.0,,,10183.5,0.0
2,46500,VOLCANIC_ROCK,10182.0,167.0,,,,,10184.0,119.0,10185.0,48.0,,,10183.0,0.0
2,46600,VOLCANIC_ROCK,10180.0,116.0,10179.0,53.0,,,10181.0,116.0,10182.0,53.0,,,10180.5,0.0
2,46700,VOLCANIC_ROCK,10179.0,154.0,,,,,10181.0,114.0,10182.0,40.0,,,10180.0,0.0
2,46800,VOLCANIC_ROCK,10180.0,128.0,10179.0,77.0,,,10181.0,128.0,10182.0,77.0,,,10180.5,0.0
2,46900,VOLCANIC_ROCK,10178.0,113.0,10177.0,79.0,,,10179.0,113.0,10180.0,79.0,,,10178.5,0.0
2,47000,VOLCANIC_ROCK,10178.0,108.0,10177.0,78.0,,,10179.0,108.0,10180.0,78.0,,,10178.5,0.0
2,47100,VOLCANIC_ROCK,10180.0,138.0,10179.0,80.0,,,10181.0,138.0,10182.0,80.0,,,10180.5,0.0
2,47200,VOLCANIC_ROCK,10178.0,109.0,10177.0,58.0,,,10180.0,167.0,,,,,10179.0,0.0
2,47300,VOLCANIC_ROCK,10179.0,101.0,10178.0,46.0,,,10180.0,101.0,10181.0,46.0,,,10179.5,0.0
2,47400,VOLCANIC_ROCK,10179.0,9.0,10178.0,175.0,,,10180.0,102.0,10181.0,73.0,,,10179.5,0.0
2,47500,VOLCANIC_ROCK,10180.0,118.0,10179.0,65.0,,,10181.0,118.0,10182.0,65.0,,,10180.5,0.0
2,47600,VOLCANIC_ROCK,10181.0,147.0,,,,,10183.0,101.0,10184.0,46.0,,,10182.0,0.0
2,47700,VOLCANIC_ROCK,10180.0,187.0,,,,,10182.0,122.0,10183.0,65.0,,,10181.0,0.0
2,47800,VOLCANIC_ROCK,10181.0,136.0,10180.0,75.0,,,10182.0,136.0,10183.0,75.0,,,10181.5,0.0
2,47900,VOLCANIC_ROCK,10183.0,110.0,10182.0,70.0,,,10185.0,180.0,,,,,10184.0,0.0
2,48000,VOLCANIC_ROCK,10180.0,205.0,,,,,10182.0,129.0,10183.0,76.0,,,10181.0,0.0
2,48100,VOLCANIC_ROCK,10179.0,133.0,10178.0,63.0,,,10181.0,196.0,,,,,10180.0,0.0
2,48200,VOLCANIC_ROCK,10177.0,186.0,,,,,10179.0,116.0,10180.0,70.0,,,10178.0,0.0
2,48300,VOLCANIC_ROCK,10177.0,133.0,10176.0,43.0,,,10178.0,141.0,10179.0,43.0,,,10177.5,0.0
2,48400,VOLCANIC_ROCK,10175.0,142.0,10174.0,64.0,,,10177.0,206.0,,,,,10176.0,0.0
2,48500,VOLCANIC_ROCK,10177.0,1.0,10176.0,144.0,10175.0,66.0,10178.0,210.0,,,,,10177.5,0.0
2,48600,VOLCANIC_ROCK,10173.0,129.0,10172.0,79.0,,,10174.0,129.0,10175.0,79.0,,,10173.5,0.0
2,48700,VOLCANIC_ROCK,10173.0,104.0,10172.0,51.0,,,10174.0,104.0,10175.0,51.0,,,10173.5,0.0
2,48800,VOLCANIC_ROCK,10169.0,128.0,10168.0,54.0,,,10171.0,189.0,,,,,10170.0,0.0
2,48900,VOLCANIC_ROCK,10173.0,114.0,10172.0,49.0,,,10174.0,114.0,10175.0,49.0,,,10173.5,0.0
2,49000,VOLCANIC_ROCK,10174.0,139.0,10173.0,48.0,,,10175.0,139.0,10176.0,48.0,,,10174.5,0.0
2,49100,VOLCANIC_ROCK,10175.0,101.0,10174.0,47.0,,,10176.0,101.0,10177.0,47.0,,,10175.5,0.0
2,49200,VOLCANIC_ROCK,10173.0,117.0,10172.0,45.0,,,10174.0,117.0,10175.0,45.0,,,10173.5,0.0
2,49300,VOLCANIC_ROCK,10173.0,95.0,10172.0,43.0,,,10174.0,100.0,10175.0,43.0,,,10173.5,0.0
2,49400,VOLCANIC_ROCK,10174.0,101.0,10173.0,52.0,,,10175.0,101.0,10176.0,52.0,,,10174.5,0.0
2,49500,VOLCANIC_ROCK,10173.0,133.0,10172.0,64.0,,,10175.0,191.0,,,,,10174.0,0.0
2,49600,VOLCANIC_ROCK,10173.0,133.0,10172.0,64.0,,,10174.0,140.0,10175.0,64.0,,,10173.5,0.0
2,49700,VOLCANIC_ROCK,10173.0,175.0,,,,,10175.0,113.0,10176.0,62.0,,,10174.0,0.0
2,49800,VOLCANIC_ROCK,10172.0,101.0,10171.0,50.0,,,10174.0,101.0,10175.0,50.0,,,10173.0,0.0
2,49900,VOLCANIC_ROCK,10172.0,148.0,10171.0,71.0,,,10173.0,148.0,10174.0,71.0,,,10172.5,0.0
2,50000,VOLCANIC_ROCK,10171.0,108.0,10170.0,69.0,,,10172.0,111.0,10173.0,69.0,,,10171.5,0.0
2,50100,VOLCANIC_ROCK,10170.0,141.0,10169.0,58.0,,,10172.0,199.0,,,,,10171.0,0.0
2,50200,VOLCANIC_ROCK,10166.0,106.0,10165.0,46.0,,,10168.0,152.0,,,,,10167.0,0.0
2,50300,VOLCANIC_ROCK,10166.0,137.0,10165.0,44.0,,,10167.0,137.0,10168.0,44.0,,,10166.5,0.0
2,50400,VOLCANIC_ROCK,10168.0,118.0,10167.0,61.0,,,10169.0,118.0,10170.0,61.0,,,10168.5,0.0
2,50500,VOLCANIC_ROCK,10168.0,227.0,,,,,10170.0,148.0,10171.0,79.0,,,10169.0,0.0
2,50600,VOLCANIC_ROCK,10168.0,133.0,10167.0,40.0,,,10169.0,128.0,10170.0,40.0,,,10168.5,0.0
2,50700,VOLCANIC_ROCK,10168.0,149.0,10167.0,40.0,,,10170.0,189.0,,,,,10169.0,0.0
2,50800,VOLCANIC_ROCK,10168.0,142.0,10167.0,67.0,,,10169.0,150.0,10170.0,67.0,,,10168.5,0.0
2,50900,VOLCANIC_ROCK,10170.0,215.0,,,,,10172.0,149.0,10173.0,66.0,,,10171.0,0.0
2,51000,VOLCANIC_ROCK,10170.0,183.0,,,,,10172.0,139.0,10173.0,44.0,,,10171.0,0.0
2,51100,VOLCANIC_ROCK,10171.0,203.0,,,,,10173.0,140.0,10174.0,63.0,,,10172.0,0.0
2,51200,VOLCANIC_ROCK,10173.0,150.0,10172.0,79.0,,,10175.0,229.0,,,,,10174.0,0.0
2,51300,VOLCANIC_ROCK,10171.0,104.0,10170.0,76.0,,,10172.0,104.0,10173.0,76.0,,,10171.5,0.0
2,51400,VOLCANIC_ROCK,10169.0,116.0,10168.0,50.0,,,10171.0,160.0,,,,,10170.0,0.0
2,51500,VOLCANIC_ROCK,10169.0,180.0,,,,,10171.0,138.0,10172.0,42.0,,,10170.0,0.0
2,51600,VOLCANIC_ROCK,10169.0,103.0,10168.0,74.0,,,10171.0,177.0,,,,,10170.0,0.0
2,51700,VOLCANIC_ROCK,10169.0,144.0,10168.0,51.0,,,10171.0,195.0,,,,,10170.0,0.0
2,51800,VOLCANIC_ROCK,10168.0,131.0,10167.0,50.0,,,10169.0,131.0,10170.0,50.0,,,10168.5,0.0
2,51900,VOLCANIC_ROCK,10169.0,110.0,10168.0,70.0,,,10170.0,110.0,10171.0,70.0,,,10169.5,0.0
2,52000,VOLCANIC_ROCK,10169.0,153.0,10168.0,74.0,,,10170.0,147.0,10171.0,74.0,,,10169.5,0.0
2,52100,VOLCANIC_ROCK,10169.0,122.0,10168.0,59.0,,,10170.0,122.0,10171.0,59.0,,,10169.5,0.0
2,52200,VOLCANIC_ROCK,10166.0,142.0,10165.0,49.0,,,10168.0,191.0,,,,,10167.0,0.0
2,52300,VOLCANIC_ROCK,10164.0,103.0,10163.0,62.0,,,10165.0,103.0,10166.0,62.0,,,10164.5,0.0
2,52400,VOLCANIC_ROCK,10167.0,124.0,10166.0,79.0,,,10168.0,124.0,10169.0,79.0,,,10167.5,0.0
2,52500,VOLCANIC_ROCK,10168.0,110.0,10167.0,78.0,,,10170.0,178.0,,,,,10169.0,0.0
2,52600,VOLCANIC_ROCK,10166.0,132.0,10165.0,74.0,,,10168.0,206.0,,,,,10167.0,0.0
2,52700,VOLCANIC_ROCK,10165.0,126.0,10164.0,59.0,,,10166.0,126.0,10167.0,59.0,,,10165.5,0.0
2,52800,VOLCANIC_ROCK,10164.0,138.0,10163.0,75.0,,,10165.0,138.0,10166.0,75.0,,,10164.5,0.0
2,52900,VOLCANIC_ROCK,10162.0,105.0,10161.0,78.0,,,10163.0,105.0,10164.0,78.0,,,10162.5,0.0
2,53000,VOLCANIC_ROCK,10161.0,149.0,,,,,10163.0,109.0,10164.0,40.0,,,10162.0,0.0
2,53100,VOLCANIC_ROCK,10164.0,100.0,10163.0,54.0,,,10166.0,154.0,,,,,10165.0,0.0
2,53200,VOLCANIC_ROCK,10165.0,103.0,10164.0,60.0,,,10166.0,103.0,10167.0,60.0,,,10165.5,0.0
2,53300,VOLCANIC_ROCK,10164.0,103.0,10163.0,80.0,,,10166.0,183.0,,,,,10165.0,0.0
2,53400,VOLCANIC_ROCK,10165.0,130.0,10164.0,70.0,,,10167.0,200.0,,,,,10166.0,0.0
2,53500,VOLCANIC_ROCK,10165.0,111.0,10164.0,53.0,,,10166.0,111.0,10167.0,53.0,,,10165.5,0.0
2,53600,VOLCANIC_ROCK,10164.0,149.0,10163.0,64.0,,,10165.0,149.0,10166.0,64.0,,,10164.5,0.0
2,53700,VOLCANIC_ROCK,10164.0,114.0,10163.0,40.0,,,10166.0,114.0,10167.0,40.0,,,10165.0,0.0
2,53800,VOLCANIC_ROCK,10164.0,110.0,10163.0,50.0,,,10165.0,110.0,10166.0,50.0,,,10164.5,0.0
2,53900,VOLCANIC_ROCK,10164.0,125.0,10163.0,80.0,,,10165.0,125.0,10166.0,80.0,,,10164.5,0.0
2,54000,VOLCANIC_ROCK,10164.0,111.0,10163.0,41.0,,,10165.0,111.0,10166.0,41.0,,,10164.5,0.0
2,54100,VOLCANIC_ROCK,10164.0,108.0,10163.0,48.0,,,10165.0,108.0,10166.0,48.0,,,10164.5,0.0
2,54200,VOLCANIC_ROCK,10161.0,146.0,10160.0,62.0,,,10162.0,146.0,10163.0,62.0,,,10161.5,0.0
2,54300,VOLCANIC_ROCK,10162.0,143.0,10161.0,56.0,,,10163.0,143.0,10164.0,56.0,,,10162.5,0.0
2,54400,VOLCANIC_ROCK,10159.0,143.0,10158.0,58.0,,,10161.0,201.0,,,,,10160.0,0.0
2,54500,VOLCANIC_ROCK,10158.0,130.0,10157.0,46.0,,,10160.0,176.0,,,,,10159.0,0.0
2,54600,VOLCANIC_ROCK,10156.0,216.0,,,,,10158.0,149.0,10159.0,67.0,,,10157.0,0.0
2,54700,VOLCANIC_ROCK,10154.0,123.0,10153.0,67.0,,,10155.0,123.0,10156.0,67.0,,,10154.5,0.0
2,54800,VOLCANIC_ROCK,10156.0,148.0,10155.0,68.0,,,10157.0,148.0,10158.0,68.0,,,10156.5,0.0
2,54900,VOLCANIC_ROCK,10155.0,121.0,10154.0,72.0,,,10157.0,193.0,,,,,10156.0,0.0
2,55000,VOLCANIC_ROCK,10155.0,114.0,10154.0,43.0,,,10156.0,114.0,10157.0,43.0,,,10155.5,0.0
2,55100,VOLCANIC_ROCK,10153.0,176.0,,,,,10155.0,113.0,10156.0,63.0,,,10154.0,0.0
2,55200,VOLCANIC_ROCK,10155.0,136.0,10154.0,52.0,,,10156.0,136.0,10157.0,52.0,,,10155.5,0.0
2,55300,VOLCANIC_ROCK,10154.0,138.0,10153.0,50.0,,,10155.0,138.0,10156.0,50.0,,,10154.5,0.0
2,55400,VOLCANIC_ROCK,10153.0,114.0,10152.0,64.0,,,10154.0,114.0,10155.0,64.0,,,10153.5,0.0
2,55500,VOLCANIC_ROCK,10151.0,108.0,10150.0,60.0,,,10153.0,168.0,,,,,10152.0,0.0
2,55600,VOLCANIC_ROCK,10150.0,102.0,10149.0,78.0,,,10152.0,102.0,10153.0,78.0,,,10151.0,0.0
2,55700,VOLCANIC_ROCK,10151.0,134.0,10150.0,68.0,,,10152.0,134.0,10153.0,68.0,,,10151.5,0.0
2,55800,VOLCANIC_ROCK,10151.0,192.0,,,,,10152.0,8.0,10153.0,114.0,10154.0,78.0,10151.5,0.0
2,55900,VOLCANIC_ROCK,10151.0,132.0,10150.0,57.0,,,10153.0,189.0,,,,,10152.0,0.0
2,56000,VOLCANIC_ROCK,10151.0,142.0,10150.0,75.0,,,10152.0,142.0,10153.0,75.0,,,10151.5,0.0
2,56100,VOLCANIC_ROCK,10152.0,188.0,,,,,10154.0,116.0,10155.0,72.0,,,10153.0,0.0
2,56200,VOLCANIC_ROCK,10152.0,131.0,10151.0,49.0,,,10153.0,131.0,10154.0,49.0,,,10152.5,0.0
2,56300,VOLCANIC_ROCK,10154.0,128.0,10153.0,73.0,,,10155.0,128.0,10156.0,73.0,,,10154.5,0.0
2,56400,VOLCANIC_ROCK,10156.0,120.0,10155.0,63.0,,,10158.0,183.0,,,,,10157.0,0.0
2,56500,VOLCANIC_ROCK,10158.0,147.0,10157.0,40.0,,,10159.0,147.0,10160.0,40.0,,,10158.5,0.0
2,56600,VOLCANIC_ROCK,10156.0,146.0,10155.0,72.0,,,10157.0,146.0,10158.0,72.0,,,10156.5,0.0
2,56700,VOLCANIC_ROCK,10157.0,218.0,,,,,10159.0,142.0,10160.0,76.0,,,10158.0,0.0
2,56800,VOLCANIC_ROCK,10158.0,139.0,10157.0,79.0,,,10160.0,218.0,,,,,10159.0,0.0
2,56900,VOLCANIC_ROCK,10162.0,137.0,10161.0,74.0,,,10163.0,137.0,10164.0,74.0,,,10162.5,0.0
2,57000,VOLCANIC_ROCK,10161.0,127.0,10160.0,72.0,,,10162.0,127.0,10163.0,72.0,,,10161.5,0.0
2,57100,VOLCANIC_ROCK,10161.0,139.0,10160.0,41.0,,,10162.0,139.0,10163.0,41.0,,,10161.5,0.0
2,57200,VOLCANIC_ROCK,10160.0,148.0,10159.0,73.0,,,10161.0,148.0,10162.0,73.0,,,10160.5,0.0
2,57300,VOLCANIC_ROCK,10161.0,132.0,10160.0,41.0,,,10162.0,139.0,10163.0,41.0,,,10161.5,0.0
2,57400,VOLCANIC_ROCK,10157.0,142.0,10156.0,60.0,,,10158.0,142.0,10159.0,60.0,,,10157.5,0.0
2,57500,VOLCANIC_ROCK,10160.0,106.0,10159.0,52.0,,,10161.0,106.0,10162.0,52.0,,,10160.5,0.0
2,57600,VOLCANIC_ROCK,10161.0,100.0,10160.0,70.0,,,10163.0,170.0,,,,,10162.0,0.0
2,57700,VOLCANIC_ROCK,10161.0,133.0,10160.0,40.0,,,10162.0,133.0,10163.0,40.0,,,10161.5,0.0
2,57800,VOLCANIC_ROCK,10159.0,108.0,10158.0,57.0,,,10161.0,165.0,,,,,10160.0,0.0
2,57900,VOLCANIC_ROCK,10160.0,201.0,,,,,10162.0,145.0,10163.0,56.0,,,10161.0,0.0
2,58000,VOLCANIC_ROCK,10161.0,116.0,10160.0,49.0,,,10162.0,116.0,10163.0,49.0,,,10161.5,0.0
2,58100,VOLCANIC_ROCK,10160.0,138.0,10159.0,69.0,,,10162.0,207.0,,,,,10161.0,0.0
2,58200,VOLCANIC_ROCK,10158.0,113.0,10157.0,52.0,,,10159.0,107.0,10160.0,52.0,,,10158.5,0.0
2,58300,VOLCANIC_ROCK,10157.0,113.0,10156.0,51.0,,,10159.0,164.0,,,,,10158.0,0.0
2,58400,VOLCANIC_ROCK,10158.0,117.0,10157.0,68.0,,,10160.0,185.0,,,,,10159.0,0.0
2,58500,VOLCANIC_ROCK,10158.0,129.0,10157.0,74.0,,,10159.0,129.0,10160.0,74.0,,,10158.5,0.0
2,58600,VOLCANIC_ROCK,10156.0,212.0,,,,,10158.0,135.0,10159.0,77.0,,,10157.0,0.0
2,58700,VOLCANIC_ROCK,10156.0,122.0,10155.0,42.0,,,10158.0,164.0,,,,,10157.0,0.0
2,58800,VOLCANIC_ROCK,10156.0,150.0,,,,,10158.0,100.0,10159.0,50.0,,,10157.0,0.0
2,58900,VOLCANIC_ROCK,10157.0,102.0,10156.0,50.0,,,10158.0,102.0,10159.0,50.0,,,10157.5,0.0
2,59000,VOLCANIC_ROCK,10160.0,142.0,10159.0,68.0,,,10161.0,142.0,10162.0,68.0,,,10160.5,0.0
2,59100,VOLCANIC_ROCK,10159.0,201.0,,,,,10161.0,138.0,10162.0,63.0,,,10160.0,0.0
2,59200,VOLCANIC_ROCK,10160.0,106.0,10159.0,73.0,,,10161.0,111.0,10162.0,73.0,,,10160.5,0.0
2,59300,VOLCANIC_ROCK,10159.0,112.0,10158.0,51.0,,,10160.0,112.0,10161.0,51.0,,,10159.5,0.0
2,59400,VOLCANIC_ROCK,10158.0,135.0,10157.0,43.0,,,10160.0,178.0,,,,,10159.0,0.0
2,59500,VOLCANIC_ROCK,10159.0,135.0,10158.0,72.0,,,10161.0,213.0,,,,,10160.0,0.0
2,59600,VOLCANIC_ROCK,10160.0,206.0,,,,,10162.0,132.0,10163.0,74.0,,,10161.0,0.0
2,59700,VOLCANIC_ROCK,10160.0,129.0,10159.0,70.0,,,10161.0,129.0,10162.0,70.0,,,10160.5,0.0
2,59800,VOLCANIC_ROCK,10163.0,147.0,10162.0,74.0,,,10164.0,147.0,10165.0,74.0,,,10163.5,0.0
2,59900,VOLCANIC_ROCK,10163.0,155.0,,,,,10165.0,103.0,10166.0,52.0,,,10164.0,0.0
2,60000,VOLCANIC_ROCK,10162.0,106.0,10161.0,55.0,,,10164.0,161.0,,,,,10163.0,0.0
2,60100,VOLCANIC_ROCK,10161.0,133.0,10160.0,55.0,,,10163.0,188.0,,,,,10162.0,0.0
2,60200,VOLCANIC_ROCK,10162.0,147.0,10161.0,53.0,,,10163.0,147.0,10164.0,53.0,,,10162.5,0.0
2,60300,VOLCANIC_ROCK,10167.0,141.0,10166.0,60.0,,,10168.0,141.0,10169.0,60.0,,,10167.5,0.0
2,60400,VOLCANIC_ROCK,10165.0,107.0,10164.0,80.0,,,10166.0,107.0,10167.0,80.0,,,10165.5,0.0
2,60500,VOLCANIC_ROCK,10166.0,207.0,,,,,10168.0,131.0,10169.0,76.0,,,10167.0,0.0
2,60600,VOLCANIC_ROCK,10165.0,148.0,,,,,10167.0,103.0,10168.0,45.0,,,10166.0,0.0
2,60700,VOLCANIC_ROCK,10167.0,146.0,10166.0,42.0,,,10169.0,188.0,,,,,10168.0,0.0
2,60800,VOLCANIC_ROCK,10167.0,105.0,10166.0,52.0,,,10168.0,105.0,10169.0,52.0,,,10167.5,0.0
2,60900,VOLCANIC_ROCK,10168.0,115.0,10167.0,78.0,,,10170.0,193.0,,,,,10169.0,0.0
2,61000,VOLCANIC_ROCK,10172.0,118.0,10171.0,45.0,,,10174.0,163.0,,,,,10173.0,0.0
2,61100,VOLCANIC_ROCK,10172.0,114.0,10171.0,71.0,,,10173.0,114.0,10174.0,71.0,,,10172.5,0.0
2,61200,VOLCANIC_ROCK,10172.0,125.0,10171.0,70.0,,,10173.0,125.0,10174.0,70.0,,,10172.5,0.0
2,61300,VOLCANIC_ROCK,10174.0,166.0,,,,,10176.0,112.0,10177.0,54.0,,,10175.0,0.0
2,61400,VOLCANIC_ROCK,10176.0,136.0,10175.0,45.0,,,10178.0,181.0,,,,,10177.0,0.0
2,61500,VOLCANIC_ROCK,10176.0,113.0,10175.0,59.0,,,10177.0,113.0,10178.0,59.0,,,10176.5,0.0
2,61600,VOLCANIC_ROCK,10174.0,221.0,,,,,10176.0,148.0,10177.0,73.0,,,10175.0,0.0
2,61700,VOLCANIC_ROCK,10175.0,111.0,10174.0,42.0,,,10177.0,153.0,,,,,10176.0,0.0
2,61800,VOLCANIC_ROCK,10175.0,106.0,10174.0,63.0,,,10176.0,106.0,10177.0,63.0,,,10175.5,0.0
2,61900,VOLCANIC_ROCK,10177.0,132.0,10176.0,64.0,,,10178.0,132.0,10179.0,64.0,,,10177.5,0.0
2,62000,VOLCANIC_ROCK,10180.0,122.0,10179.0,48.0,,,10181.0,122.0,10182.0,48.0,,,10180.5,0.0
2,62100,VOLCANIC_ROCK,10186.0,134.0,10185.0,80.0,,,10187.0,134.0,10188.0,80.0,,,10186.5,0.0
2,62200,VOLCANIC_ROCK,10184.0,124.0,10183.0,62.0,,,10186.0,186.0,,,,,10185.0,0.0
2,62300,VOLCANIC_ROCK,10184.0,132.0,10183.0,68.0,,,10186.0,190.0,,,,,10185.0,0.0
2,62400,VOLCANIC_ROCK,10185.0,112.0,10184.0,79.0,,,10186.0,112.0,10187.0,79.0,,,10185.5,0.0
2,62500,VOLCANIC_ROCK,10184.0,104.0,10183.0,75.0,,,10186.0,104.0,10187.0,75.0,,,10185.0,0.0
2,62600,VOLCANIC_ROCK,10185.0,206.0,,,,,10187.0,149.0,10188.0,57.0,,,10186.0,0.0
2,62700,VOLCANIC_ROCK,10184.0,135.0,10183.0,41.0,,,10186.0,176.0,,,,,10185.0,0.0
2,62800,VOLCANIC_ROCK,10179.0,162.0,,,,,10181.0,112.0,10182.0,50.0,,,10180.0,0.0
2,62900,VOLCANIC_ROCK,10179.0,150.0,10178.0,44.0,,,10180.0,150.0,10181.0,44.0,,,10179.5,0.0
2,63000,VOLCANIC_ROCK,10181.0,144.0,10180.0,65.0,,,10183.0,209.0,,,,,10182.0,0.0
2,63100,VOLCANIC_ROCK,10182.0,113.0,10181.0,72.0,,,10183.0,113.0,10184.0,72.0,,,10182.5,0.0
2,63200,VOLCANIC_ROCK,10181.0,130.0,10180.0,64.0,,,10182.0,130.0,10183.0,64.0,,,10181.5,0.0
2,63300,VOLCANIC_ROCK,10182.0,193.0,,,,,10184.0,126.0,10185.0,67.0,,,10183.0,0.0
2,63400,VOLCANIC_ROCK,10180.0,131.0,10179.0,77.0,,,10181.0,131.0,10182.0,77.0,,,10180.5,0.0
2,63500,VOLCANIC_ROCK,10183.0,127.0,10182.0,60.0,,,10185.0,187.0,,,,,10184.0,0.0
2,63600,VOLCANIC_ROCK,10183.0,103.0,10182.0,58.0,,,10185.0,161.0,,,,,10184.0,0.0
2,63700,VOLCANIC_ROCK,10183.0,190.0,,,,,10185.0,133.0,10186.0,57.0,,,10184.0,0.0
2,63800,VOLCANIC_ROCK,10186.0,119.0,10185.0,51.0,,,10188.0,119.0,10189.0,51.0,,,10187.0,0.0
2,63900,VOLCANIC_ROCK,10185.0,94.0,10184.0,49.0,,,10187.0,151.0,,,,,10186.0,0.0
2,64000,VOLCANIC_ROCK,10184.0,114.0,10183.0,63.0,,,10185.0,114.0,10186.0,63.0,,,10184.5,0.0
2,64100,VOLCANIC_ROCK,10183.0,145.0,10182.0,63.0,,,10184.0,145.0,10185.0,63.0,,,10183.5,0.0
2,64200,VOLCANIC_ROCK,10184.0,126.0,10183.0,71.0,,,10185.0,126.0,10186.0,71.0,,,10184.5,0.0
2,64300,VOLCANIC_ROCK,10184.0,133.0,10183.0,42.0,,,10185.0,133.0,10186.0,42.0,,,10184.5,0.0
2,64400,VOLCANIC_ROCK,10186.0,129.0,10185.0,51.0,,,10187.0,129.0,10188.0,51.0,,,10186.5,0.0
2,64500,VOLCANIC_ROCK,10189.0,114.0,10188.0,45.0,,,10190.0,114.0,10191.0,45.0,,,10189.5,0.0
2,64600,VOLCANIC_ROCK,10189.0,113.0,10188.0,70.0,,,10191.0,183.0,,,,,10190.0,0.0
2,64700,VOLCANIC_ROCK,10189.0,127.0,10188.0,52.0,,,10191.0,185.0,,,,,10190.0,0.0
2,64800,VOLCANIC_ROCK,10192.0,112.0,10191.0,55.0,,,10193.0,112.0,10194.0,55.0,,,10192.5,0.0
2,64900,VOLCANIC_ROCK,10193.0,8.0,10192.0,193.0,,,10194.0,140.0,10195.0,53.0,,,10193.5,0.0
2,65000,VOLCANIC_ROCK,10191.0,129.0,10190.0,45.0,,,10193.0,174.0,,,,,10192.0,0.0
2,65100,VOLCANIC_ROCK,10191.0,123.0,10190.0,45.0,,,10192.0,123.0,10193.0,45.0,,,10191.5,0.0
2,65200,VOLCANIC_ROCK,10188.0,107.0,10187.0,53.0,,,10190.0,160.0,,,,,10189.0,0.0
2,65300,VOLCANIC_ROCK,10190.0,193.0,,,,,10192.0,144.0,10193.0,49.0,,,10191.0,0.0
2,65400,VOLCANIC_ROCK,10191.0,110.0,10190.0,75.0,,,10192.0,110.0,10193.0,75.0,,,10191.5,0.0
2,65500,VOLCANIC_ROCK,10190.0,123.0,10189.0,62.0,,,10191.0,123.0,10192.0,62.0,,,10190.5,0.0
2,65600,VOLCANIC_ROCK,10191.0,102.0,10190.0,77.0,,,10193.0,179.0,,,,,10192.0,0.0
2,65700,VOLCANIC_ROCK,10191.0,108.0,10190.0,77.0,,,10192.0,118.0,10193.0,77.0,,,10191.5,0.0
2,65800,VOLCANIC_ROCK,10190.0,173.0,,,,,10191.0,10.0,10192.0,106.0,10193.0,67.0,10190.5,0.0
2,65900,VOLCANIC_ROCK,10190.0,139.0,10189.0,51.0,,,10192.0,190.0,,,,,10191.0,0.0
2,66000,VOLCANIC_ROCK,10188.0,110.0,10187.0,53.0,,,10190.0,163.0,,,,,10189.0,0.0
2,66100,VOLCANIC_ROCK,10184.0,208.0,,,,,10186.0,134.0,10187.0,74.0,,,10185.0,0.0
2,66200,VOLCANIC_ROCK,10186.0,107.0,10185.0,57.0,,,10187.0,107.0,10188.0,57.0,,,10186.5,0.0
2,66300,VOLCANIC_ROCK,10187.0,107.0,10186.0,65.0,,,10188.0,107.0,10189.0,65.0,,,10187.5,0.0
2,66400,VOLCANIC_ROCK,10182.0,137.0,10181.0,69.0,,,10184.0,206.0,,,,,10183.0,0.0
2,66500,VOLCANIC_ROCK,10182.0,201.0,,,,,10184.0,128.0,10185.0,73.0,,,10183.0,0.0
2,66600,VOLCANIC_ROCK,10181.0,131.0,10180.0,57.0,,,10182.0,131.0,10183.0,57.0,,,10181.5,0.0
2,66700,VOLCANIC_ROCK,10180.0,137.0,10179.0,52.0,,,10181.0,137.0,10182.0,52.0,,,10180.5,0.0
2,66800,VOLCANIC_ROCK,10180.0,132.0,10179.0,53.0,,,10181.0,132.0,10182.0,53.0,,,10180.5,0.0
2,66900,VOLCANIC_ROCK,10182.0,167.0,,,,,10184.0,117.0,10185.0,50.0,,,10183.0,0.0
2,67000,VOLCANIC_ROCK,10183.0,148.0,10182.0,45.0,,,10184.0,148.0,10185.0,45.0,,,10183.5,0.0
2,67100,VOLCANIC_ROCK,10183.0,107.0,10182.0,57.0,,,10184.0,107.0,10185.0,57.0,,,10183.5,0.0
2,67200,VOLCANIC_ROCK,10179.0,179.0,,,,,10181.0,136.0,10182.0,43.0,,,10180.0,0.0
2,67300,VOLCANIC_ROCK,10180.0,133.0,10179.0,60.0,,,10181.0,133.0,10182.0,60.0,,,10180.5,0.0
2,67400,VOLCANIC_ROCK,10180.0,192.0,,,,,10181.0,10.0,10182.0,147.0,10183.0,45.0,10180.5,0.0
2,67500,VOLCANIC_ROCK,10180.0,109.0,10179.0,63.0,,,10182.0,181.0,,,,,10181.0,0.0
2,67600,VOLCANIC_ROCK,10179.0,192.0,,,,,10180.0,7.0,10181.0,112.0,10182.0,80.0,10179.5,0.0
2,67700,VOLCANIC_ROCK,10181.0,184.0,,,,,10183.0,136.0,10184.0,48.0,,,10182.0,0.0
2,67800,VOLCANIC_ROCK,10183.0,127.0,10182.0,47.0,,,10184.0,127.0,10185.0,47.0,,,10183.5,0.0
2,67900,VOLCANIC_ROCK,10182.0,117.0,10181.0,56.0,,,10183.0,117.0,10184.0,56.0,,,10182.5,0.0
2,68000,VOLCANIC_ROCK,10180.0,194.0,,,,,10182.0,121.0,10183.0,73.0,,,10181.0,0.0
2,68100,VOLCANIC_ROCK,10180.0,115.0,10179.0,50.0,,,10182.0,165.0,,,,,10181.0,0.0
2,68200,VOLCANIC_ROCK,10180.0,126.0,10179.0,76.0,,,10182.0,202.0,,,,,10181.0,0.0
2,68300,VOLCANIC_ROCK,10182.0,125.0,10181.0,55.0,,,10183.0,125.0,10184.0,55.0,,,10182.5,0.0
2,68400,VOLCANIC_ROCK,10183.0,121.0,10182.0,64.0,,,10184.0,121.0,10185.0,64.0,,,10183.5,0.0
2,68500,VOLCANIC_ROCK,10189.0,126.0,10188.0,59.0,,,10190.0,126.0,10191.0,59.0,,,10189.5,0.0
2,68600,VOLCANIC_ROCK,10188.0,131.0,10187.0,43.0,,,10190.0,131.0,10191.0,43.0,,,10189.0,0.0
2,68700,VOLCANIC_ROCK,10194.0,186.0,,,,,10196.0,129.0,10197.0,57.0,,,10195.0,0.0
2,68800,VOLCANIC_ROCK,10190.0,103.0,10189.0,59.0,,,10192.0,103.0,10193.0,59.0,,,10191.0,0.0
2,68900,VOLCANIC_ROCK,10192.0,137.0,10191.0,43.0,,,10194.0,180.0,,,,,10193.0,0.0
2,69000,VOLCANIC_ROCK,10192.0,139.0,10191.0,66.0,,,10193.0,133.0,10194.0,66.0,,,10192.5,0.0
2,69100,VOLCANIC_ROCK,10191.0,120.0,10190.0,67.0,,,10192.0,120.0,10193.0,67.0,,,10191.5,0.0
2,69200,VOLCANIC_ROCK,10192.0,120.0,10191.0,76.0,,,10193.0,120.0,10194.0,76.0,,,10192.5,0.0
2,69300,VOLCANIC_ROCK,10191.0,138.0,10190.0,74.0,,,10193.0,138.0,10194.0,74.0,,,10192.0,0.0
2,69400,VOLCANIC_ROCK,10187.0,185.0,,,,,10189.0,128.0,10190.0,57.0,,,10188.0,0.0
2,69500,VOLCANIC_ROCK,10187.0,152.0,10186.0,50.0,,,10188.0,147.0,10189.0,50.0,,,10187.5,0.0
2,69600,VOLCANIC_ROCK,10188.0,179.0,,,,,10190.0,114.0,10191.0,65.0,,,10189.0,0.0
2,69700,VOLCANIC_ROCK,10188.0,111.0,10187.0,56.0,,,10189.0,111.0,10190.0,56.0,,,10188.5,0.0
2,69800,VOLCANIC_ROCK,10187.0,127.0,10186.0,66.0,,,10188.0,127.0,10189.0,66.0,,,10187.5,0.0
2,69900,VOLCANIC_ROCK,10187.0,128.0,10186.0,51.0,,,10188.0,128.0,10189.0,51.0,,,10187.5,0.0
2,70000,VOLCANIC_ROCK,10186.0,132.0,10185.0,52.0,,,10187.0,132.0,10188.0,52.0,,,10186.5,0.0
2,70100,VOLCANIC_ROCK,10186.0,111.0,10185.0,42.0,,,10188.0,153.0,,,,,10187.0,0.0
2,70200,VOLCANIC_ROCK,10185.0,215.0,,,,,10187.0,137.0,10188.0,78.0,,,10186.0,0.0
2,70300,VOLCANIC_ROCK,10185.0,110.0,10184.0,50.0,,,10186.0,110.0,10187.0,50.0,,,10185.5,0.0
2,70400,VOLCANIC_ROCK,10188.0,136.0,10187.0,64.0,,,10190.0,200.0,,,,,10189.0,0.0
2,70500,VOLCANIC_ROCK,10187.0,104.0,10186.0,68.0,,,10189.0,172.0,,,,,10188.0,0.0
2,70600,VOLCANIC_ROCK,10186.0,142.0,10185.0,80.0,,,10187.0,142.0,10188.0,80.0,,,10186.5,0.0
2,70700,VOLCANIC_ROCK,10186.0,126.0,10185.0,69.0,,,10187.0,126.0,10188.0,69.0,,,10186.5,0.0
2,70800,VOLCANIC_ROCK,10186.0,139.0,10185.0,40.0,,,10187.0,139.0,10188.0,40.0,,,10186.5,0.0
2,70900,VOLCANIC_ROCK,10186.0,171.0,,,,,10188.0,131.0,10189.0,40.0,,,10187.0,0.0
2,71000,VOLCANIC_ROCK,10186.0,134.0,10185.0,49.0,,,10187.0,134.0,10188.0,49.0,,,10186.5,0.0
2,71100,VOLCANIC_ROCK,10187.0,127.0,10186.0,62.0,,,10189.0,189.0,,,,,10188.0,0.0
2,71200,VOLCANIC_ROCK,10188.0,149.0,10187.0,59.0,,,10189.0,149.0,10190.0,59.0,,,10188.5,0.0
2,71300,VOLCANIC_ROCK,10189.0,124.0,10188.0,59.0,,,10191.0,124.0,10192.0,59.0,,,10190.0,0.0
2,71400,VOLCANIC_ROCK,10190.0,185.0,,,,,10192.0,110.0,10193.0,75.0,,,10191.0,0.0
2,71500,VOLCANIC_ROCK,10190.0,122.0,10189.0,68.0,,,10192.0,190.0,,,,,10191.0,0.0
2,71600,VOLCANIC_ROCK,10190.0,135.0,10189.0,43.0,,,10191.0,135.0,10192.0,43.0,,,10190.5,0.0
2,71700,VOLCANIC_ROCK,10190.0,114.0,10189.0,73.0,,,10191.0,114.0,10192.0,73.0,,,10190.5,0.0
2,71800,VOLCANIC_ROCK,10189.0,107.0,10188.0,76.0,,,10191.0,183.0,,,,,10190.0,0.0
2,71900,VOLCANIC_ROCK,10188.0,100.0,10187.0,60.0,,,10189.0,100.0,10190.0,60.0,,,10188.5,0.0
2,72000,VOLCANIC_ROCK,10186.0,127.0,10185.0,61.0,,,10188.0,188.0,,,,,10187.0,0.0
2,72100,VOLCANIC_ROCK,10187.0,149.0,10186.0,77.0,,,10188.0,149.0,10189.0,77.0,,,10187.5,0.0
2,72200,VOLCANIC_ROCK,10187.0,141.0,10186.0,58.0,,,10189.0,141.0,10190.0,58.0,,,10188.0,0.0
2,72300,VOLCANIC_ROCK,10191.0,150.0,10190.0,75.0,,,10192.0,150.0,10193.0,75.0,,,10191.5,0.0
2,72400,VOLCANIC_ROCK,10185.0,134.0,10184.0,57.0,,,10186.0,139.0,10187.0,57.0,,,10185.5,0.0
2,72500,VOLCANIC_ROCK,10182.0,107.0,10181.0,49.0,,,10184.0,156.0,,,,,10183.0,0.0
2,72600,VOLCANIC_ROCK,10179.0,147.0,10178.0,56.0,,,10180.0,147.0,10181.0,56.0,,,10179.5,0.0
2,72700,VOLCANIC_ROCK,10179.0,203.0,,,,,10181.0,134.0,10182.0,69.0,,,10180.0,0.0
2,72800,VOLCANIC_ROCK,10180.0,209.0,,,,,10182.0,133.0,10183.0,76.0,,,10181.0,0.0
2,72900,VOLCANIC_ROCK,10183.0,145.0,10182.0,71.0,,,10185.0,216.0,,,,,10184.0,0.0
2,73000,VOLCANIC_ROCK,10184.0,123.0,10183.0,43.0,,,10186.0,166.0,,,,,10185.0,0.0
2,73100,VOLCANIC_ROCK,10184.0,130.0,10183.0,49.0,,,10185.0,130.0,10186.0,49.0,,,10184.5,0.0
2,73200,VOLCANIC_ROCK,10184.0,115.0,10183.0,53.0,,,10185.0,115.0,10186.0,53.0,,,10184.5,0.0
2,73300,VOLCANIC_ROCK,10182.0,122.0,10181.0,64.0,,,10183.0,122.0,10184.0,64.0,,,10182.5,0.0
2,73400,VOLCANIC_ROCK,10180.0,113.0,10179.0,45.0,,,10181.0,113.0,10182.0,45.0,,,10180.5,0.0
2,73500,VOLCANIC_ROCK,10181.0,115.0,10180.0,52.0,,,10182.0,115.0,10183.0,52.0,,,10181.5,0.0
2,73600,VOLCANIC_ROCK,10182.0,175.0,,,,,10184.0,118.0,10185.0,57.0,,,10183.0,0.0
2,73700,VOLCANIC_ROCK,10181.0,138.0,10180.0,56.0,,,10183.0,138.0,10184.0,56.0,,,10182.0,0.0
2,73800,VOLCANIC_ROCK,10181.0,130.0,10180.0,46.0,,,10182.0,130.0,10183.0,46.0,,,10181.5,0.0
2,73900,VOLCANIC_ROCK,10182.0,137.0,10181.0,41.0,,,10183.0,137.0,10184.0,41.0,,,10182.5,0.0
2,74000,VOLCANIC_ROCK,10182.0,113.0,10181.0,63.0,,,10184.0,176.0,,,,,10183.0,0.0
2,74100,VOLCANIC_ROCK,10188.0,133.0,10187.0,43.0,,,10190.0,176.0,,,,,10189.0,0.0
2,74200,VOLCANIC_ROCK,10188.0,122.0,10187.0,63.0,,,10189.0,122.0,10190.0,63.0,,,10188.5,0.0
2,74300,VOLCANIC_ROCK,10186.0,133.0,10185.0,80.0,,,10187.0,124.0,10188.0,80.0,,,10186.5,0.0
2,74400,VOLCANIC_ROCK,10188.0,109.0,10187.0,41.0,,,10189.0,109.0,10190.0,41.0,,,10188.5,0.0
2,74500,VOLCANIC_ROCK,10188.0,152.0,,,,,10190.0,108.0,10191.0,44.0,,,10189.0,0.0
2,74600,VOLCANIC_ROCK,10187.0,179.0,,,,,10189.0,106.0,10190.0,73.0,,,10188.0,0.0
2,74700,VOLCANIC_ROCK,10187.0,181.0,,,,,10188.0,5.0,10189.0,104.0,10190.0,77.0,10187.5,0.0
2,74800,VOLCANIC_ROCK,10186.0,158.0,,,,,10188.0,105.0,10189.0,53.0,,,10187.0,0.0
2,74900,VOLCANIC_ROCK,10185.0,114.0,10184.0,68.0,,,10186.0,114.0,10187.0,68.0,,,10185.5,0.0
2,75000,VOLCANIC_ROCK,10186.0,129.0,10185.0,44.0,,,10188.0,173.0,,,,,10187.0,0.0
2,75100,VOLCANIC_ROCK,10186.0,156.0,,,,,10188.0,115.0,10189.0,41.0,,,10187.0,0.0
2,75200,VOLCANIC_ROCK,10186.0,126.0,10185.0,44.0,,,10188.0,170.0,,,,,10187.0,0.0
2,75300,VOLCANIC_ROCK,10186.0,111.0,10185.0,80.0,,,10187.0,111.0,10188.0,80.0,,,10186.5,0.0
2,75400,VOLCANIC_ROCK,10183.0,138.0,10182.0,40.0,,,10184.0,138.0,10185.0,40.0,,,10183.5,0.0
2,75500,VOLCANIC_ROCK,10186.0,129.0,10185.0,66.0,,,10188.0,200.0,,,,,10187.0,0.0
2,75600,VOLCANIC_ROCK,10184.0,210.0,,,,,10186.0,134.0,10187.0,76.0,,,10185.0,0.0
2,75700,VOLCANIC_ROCK,10185.0,112.0,10184.0,79.0,,,10186.0,112.0,10187.0,79.0,,,10185.5,0.0
2,75800,VOLCANIC_ROCK,10184.0,183.0,,,,,10186.0,129.0,10187.0,54.0,,,10185.0,0.0
2,75900,VOLCANIC_ROCK,10184.0,147.0,10183.0,79.0,,,10185.0,147.0,10186.0,79.0,,,10184.5,0.0
2,76000,VOLCANIC_ROCK,10183.0,124.0,10182.0,51.0,,,10184.0,124.0,10185.0,51.0,,,10183.5,0.0
2,76100,VOLCANIC_ROCK,10183.0,103.0,10182.0,47.0,,,10185.0,150.0,,,,,10184.0,0.0
2,76200,VOLCANIC_ROCK,10182.0,158.0,10181.0,63.0,,,10184.0,212.0,,,,,10183.0,0.0
2,76300,VOLCANIC_ROCK,10184.0,165.0,,,,,10186.0,114.0,10187.0,51.0,,,10185.0,0.0
2,76400,VOLCANIC_ROCK,10184.0,101.0,10183.0,70.0,,,10186.0,171.0,,,,,10185.0,0.0
2,76500,VOLCANIC_ROCK,10185.0,129.0,10184.0,72.0,,,10187.0,201.0,,,,,10186.0,0.0
2,76600,VOLCANIC_ROCK,10183.0,151.0,10182.0,65.0,,,10185.0,206.0,,,,,10184.0,0.0
2,76700,VOLCANIC_ROCK,10184.0,158.0,10183.0,41.0,,,10186.0,190.0,,,,,10185.0,0.0
2,76800,VOLCANIC_ROCK,10183.0,201.0,,,,,10185.0,127.0,10186.0,74.0,,,10184.0,0.0
2,76900,VOLCANIC_ROCK,10183.0,146.0,10182.0,54.0,,,10185.0,200.0,,,,,10184.0,0.0
2,77000,VOLCANIC_ROCK,10183.0,126.0,10182.0,72.0,,,10184.0,132.0,10185.0,72.0,,,10183.5,0.0
2,77100,VOLCANIC_ROCK,10182.0,110.0,10181.0,70.0,,,10183.0,110.0,10184.0,70.0,,,10182.5,0.0
2,77200,VOLCANIC_ROCK,10182.0,119.0,10181.0,57.0,,,10184.0,176.0,,,,,10183.0,0.0
2,77300,VOLCANIC_ROCK,10184.0,121.0,10183.0,76.0,,,10186.0,197.0,,,,,10185.0,0.0
2,77400,VOLCANIC_ROCK,10183.0,137.0,10182.0,53.0,,,10185.0,137.0,10186.0,53.0,,,10184.0,0.0
2,77500,VOLCANIC_ROCK,10184.0,149.0,10183.0,55.0,,,10185.0,149.0,10186.0,55.0,,,10184.5,0.0
2,77600,VOLCANIC_ROCK,10183.0,109.0,10182.0,57.0,,,10185.0,109.0,10186.0,57.0,,,10184.0,0.0
2,77700,VOLCANIC_ROCK,10184.0,120.0,10183.0,52.0,,,10185.0,120.0,10186.0,52.0,,,10184.5,0.0
2,77800,VOLCANIC_ROCK,10184.0,198.0,,,,,10186.0,139.0,10187.0,59.0,,,10185.0,0.0
2,77900,VOLCANIC_ROCK,10185.0,133.0,10184.0,61.0,,,10186.0,133.0,10187.0,61.0,,,10185.5,0.0
2,78000,VOLCANIC_ROCK,10183.0,181.0,,,,,10185.0,132.0,10186.0,49.0,,,10184.0,0.0
2,78100,VOLCANIC_ROCK,10182.0,184.0,,,,,10184.0,140.0,10185.0,44.0,,,10183.0,0.0
2,78200,VOLCANIC_ROCK,10183.0,119.0,10182.0,56.0,,,10184.0,119.0,10185.0,56.0,,,10183.5,0.0
2,78300,VOLCANIC_ROCK,10184.0,144.0,10183.0,72.0,,,10185.0,144.0,10186.0,72.0,,,10184.5,0.0
2,78400,VOLCANIC_ROCK,10178.0,160.0,,,,,10180.0,111.0,10181.0,49.0,,,10179.0,0.0
2,78500,VOLCANIC_ROCK,10179.0,122.0,10178.0,70.0,,,10180.0,122.0,10181.0,70.0,,,10179.5,0.0
2,78600,VOLCANIC_ROCK,10179.0,7.0,10178.0,177.0,,,10180.0,129.0,10181.0,48.0,,,10179.5,0.0
2,78700,VOLCANIC_ROCK,10179.0,140.0,10178.0,74.0,,,10180.0,130.0,10181.0,74.0,,,10179.5,0.0
2,78800,VOLCANIC_ROCK,10179.0,136.0,10178.0,78.0,,,10181.0,205.0,,,,,10180.0,0.0
2,78900,VOLCANIC_ROCK,10181.0,132.0,10180.0,54.0,,,10183.0,186.0,,,,,10182.0,0.0
2,79000,VOLCANIC_ROCK,10182.0,119.0,10181.0,80.0,,,10183.0,119.0,10184.0,80.0,,,10182.5,0.0
2,79100,VOLCANIC_ROCK,10182.0,119.0,10181.0,79.0,,,10183.0,119.0,10184.0,79.0,,,10182.5,0.0
2,79200,VOLCANIC_ROCK,10181.0,103.0,10180.0,49.0,,,10182.0,103.0,10183.0,49.0,,,10181.5,0.0
2,79300,VOLCANIC_ROCK,10180.0,127.0,10179.0,40.0,,,10181.0,127.0,10182.0,40.0,,,10180.5,0.0
2,79400,VOLCANIC_ROCK,10180.0,135.0,10179.0,50.0,,,10181.0,135.0,10182.0,50.0,,,10180.5,0.0
2,79500,VOLCANIC_ROCK,10180.0,107.0,10179.0,80.0,,,10181.0,107.0,10182.0,80.0,,,10180.5,0.0
2,79600,VOLCANIC_ROCK,10179.0,120.0,10178.0,75.0,,,10180.0,120.0,10181.0,75.0,,,10179.5,0.0
2,79700,VOLCANIC_ROCK,10179.0,113.0,10178.0,80.0,,,10180.0,113.0,10181.0,80.0,,,10179.5,0.0
2,79800,VOLCANIC_ROCK,10179.0,107.0,10178.0,78.0,,,10180.0,108.0,10181.0,78.0,,,10179.5,0.0
2,79900,VOLCANIC_ROCK,10177.0,141.0,10176.0,57.0,,,10178.0,135.0,10179.0,57.0,,,10177.5,0.0
2,80000,VOLCANIC_ROCK,10179.0,132.0,10178.0,72.0,,,10180.0,132.0,10181.0,72.0,,,10179.5,0.0
2,80100,VOLCANIC_ROCK,10181.0,125.0,10180.0,59.0,,,10182.0,125.0,10183.0,59.0,,,10181.5,0.0
2,80200,VOLCANIC_ROCK,10181.0,189.0,,,,,10183.0,143.0,10184.0,46.0,,,10182.0,0.0
2,80300,VOLCANIC_ROCK,10182.0,170.0,,,,,10184.0,107.0,10185.0,63.0,,,10183.0,0.0
2,80400,VOLCANIC_ROCK,10182.0,200.0,,,,,10184.0,146.0,10185.0,54.0,,,10183.0,0.0
2,80500,VOLCANIC_ROCK,10183.0,195.0,,,,,10185.0,134.0,10186.0,61.0,,,10184.0,0.0
2,80600,VOLCANIC_ROCK,10185.0,149.0,10184.0,78.0,,,10186.0,149.0,10187.0,78.0,,,10185.5,0.0
2,80700,VOLCANIC_ROCK,10186.0,126.0,10185.0,66.0,,,10187.0,134.0,10188.0,66.0,,,10186.5,0.0
2,80800,VOLCANIC_ROCK,10186.0,143.0,10185.0,40.0,,,10187.0,143.0,10188.0,40.0,,,10186.5,0.0
2,80900,VOLCANIC_ROCK,10184.0,202.0,,,,,10186.0,143.0,10187.0,59.0,,,10185.0,0.0
2,81000,VOLCANIC_ROCK,10184.0,123.0,10183.0,44.0,,,10186.0,167.0,,,,,10185.0,0.0
2,81100,VOLCANIC_ROCK,10185.0,112.0,10184.0,57.0,,,10186.0,107.0,10187.0,57.0,,,10185.5,0.0
2,81200,VOLCANIC_ROCK,10184.0,183.0,,,,,10186.0,132.0,10187.0,51.0,,,10185.0,0.0
2,81300,VOLCANIC_ROCK,10183.0,154.0,,,,,10185.0,113.0,10186.0,41.0,,,10184.0,0.0
2,81400,VOLCANIC_ROCK,10180.0,196.0,,,,,10182.0,129.0,10183.0,67.0,,,10181.0,0.0
2,81500,VOLCANIC_ROCK,10180.0,200.0,,,,,10182.0,123.0,10183.0,77.0,,,10181.0,0.0
2,81600,VOLCANIC_ROCK,10179.0,144.0,10178.0,65.0,,,10181.0,144.0,10182.0,65.0,,,10180.0,0.0
2,81700,VOLCANIC_ROCK,10181.0,110.0,10180.0,59.0,,,10183.0,169.0,,,,,10182.0,0.0
2,81800,VOLCANIC_ROCK,10181.0,150.0,10180.0,80.0,,,10183.0,230.0,,,,,10182.0,0.0
2,81900,VOLCANIC_ROCK,10182.0,8.0,10181.0,160.0,,,10183.0,117.0,10184.0,43.0,,,10182.5,0.0
2,82000,VOLCANIC_ROCK,10184.0,119.0,10183.0,48.0,,,10185.0,119.0,10186.0,48.0,,,10184.5,0.0
2,82100,VOLCANIC_ROCK,10187.0,112.0,10186.0,63.0,,,10188.0,112.0,10189.0,63.0,,,10187.5,0.0
2,82200,VOLCANIC_ROCK,10185.0,101.0,10184.0,79.0,,,10186.0,101.0,10187.0,79.0,,,10185.5,0.0
2,82300,VOLCANIC_ROCK,10185.0,173.0,,,,,10187.0,133.0,10188.0,43.0,,,10186.0,0.0
2,82400,VOLCANIC_ROCK,10185.0,110.0,10184.0,79.0,,,10186.0,110.0,10187.0,79.0,,,10185.5,0.0
2,82500,VOLCANIC_ROCK,10185.0,112.0,10184.0,75.0,,,10186.0,112.0,10187.0,75.0,,,10185.5,0.0
2,82600,VOLCANIC_ROCK,10185.0,188.0,,,,,10186.0,6.0,10187.0,148.0,10188.0,40.0,10185.5,0.0
2,82700,VOLCANIC_ROCK,10187.0,123.0,10186.0,40.0,,,10189.0,163.0,,,,,10188.0,0.0
2,82800,VOLCANIC_ROCK,10187.0,203.0,,,,,10189.0,145.0,10190.0,58.0,,,10188.0,0.0
2,82900,VOLCANIC_ROCK,10187.0,112.0,10186.0,79.0,,,10188.0,112.0,10189.0,79.0,,,10187.5,0.0
2,83000,VOLCANIC_ROCK,10186.0,141.0,10185.0,73.0,,,10188.0,214.0,,,,,10187.0,0.0
2,83100,VOLCANIC_ROCK,10186.0,105.0,10185.0,74.0,,,10187.0,105.0,10188.0,74.0,,,10186.5,0.0
2,83200,VOLCANIC_ROCK,10186.0,122.0,10185.0,49.0,,,10188.0,171.0,,,,,10187.0,0.0
2,83300,VOLCANIC_ROCK,10185.0,104.0,10184.0,57.0,,,10186.0,104.0,10187.0,57.0,,,10185.5,0.0
2,83400,VOLCANIC_ROCK,10184.0,195.0,,,,,10186.0,116.0,10187.0,79.0,,,10185.0,0.0
2,83500,VOLCANIC_ROCK,10184.0,136.0,10183.0,55.0,,,10185.0,136.0,10186.0,55.0,,,10184.5,0.0
2,83600,VOLCANIC_ROCK,10184.0,213.0,,,,,10186.0,139.0,10187.0,74.0,,,10185.0,0.0
2,83700,VOLCANIC_ROCK,10186.0,102.0,10185.0,51.0,,,10188.0,153.0,,,,,10187.0,0.0
2,83800,VOLCANIC_ROCK,10187.0,108.0,10186.0,59.0,,,10188.0,108.0,10189.0,59.0,,,10187.5,0.0
2,83900,VOLCANIC_ROCK,10186.0,127.0,10185.0,47.0,,,10188.0,174.0,,,,,10187.0,0.0
2,84000,VOLCANIC_ROCK,10184.0,161.0,,,,,10186.0,105.0,10187.0,56.0,,,10185.0,0.0
2,84100,VOLCANIC_ROCK,10183.0,101.0,10182.0,69.0,,,10185.0,101.0,10186.0,69.0,,,10184.0,0.0
2,84200,VOLCANIC_ROCK,10182.0,143.0,10181.0,73.0,,,10184.0,216.0,,,,,10183.0,0.0
2,84300,VOLCANIC_ROCK,10180.0,107.0,10179.0,55.0,,,10182.0,162.0,,,,,10181.0,0.0
2,84400,VOLCANIC_ROCK,10180.0,117.0,10179.0,60.0,,,10181.0,117.0,10182.0,60.0,,,10180.5,0.0
2,84500,VOLCANIC_ROCK,10180.0,203.0,,,,,10181.0,8.0,10182.0,146.0,10183.0,57.0,10180.5,0.0
2,84600,VOLCANIC_ROCK,10180.0,136.0,10179.0,67.0,,,10181.0,136.0,10182.0,67.0,,,10180.5,0.0
2,84700,VOLCANIC_ROCK,10181.0,139.0,10180.0,41.0,,,10182.0,139.0,10183.0,41.0,,,10181.5,0.0
2,84800,VOLCANIC_ROCK,10182.0,109.0,10181.0,67.0,,,10183.0,109.0,10184.0,67.0,,,10182.5,0.0
2,84900,VOLCANIC_ROCK,10180.0,127.0,10179.0,42.0,,,10181.0,127.0,10182.0,42.0,,,10180.5,0.0
2,85000,VOLCANIC_ROCK,10180.0,115.0,10179.0,62.0,,,10181.0,115.0,10182.0,62.0,,,10180.5,0.0
2,85100,VOLCANIC_ROCK,10179.0,225.0,,,,,10181.0,145.0,10182.0,80.0,,,10180.0,0.0
2,85200,VOLCANIC_ROCK,10181.0,121.0,10180.0,76.0,,,10182.0,121.0,10183.0,76.0,,,10181.5,0.0
2,85300,VOLCANIC_ROCK,10181.0,135.0,10180.0,58.0,,,10182.0,135.0,10183.0,58.0,,,10181.5,0.0
2,85400,VOLCANIC_ROCK,10181.0,122.0,10180.0,47.0,,,10182.0,122.0,10183.0,47.0,,,10181.5,0.0
2,85500,VOLCANIC_ROCK,10183.0,127.0,10182.0,68.0,,,10184.0,132.0,10185.0,68.0,,,10183.5,0.0
2,85600,VOLCANIC_ROCK,10182.0,126.0,10181.0,43.0,,,10184.0,169.0,,,,,10183.0,0.0
2,85700,VOLCANIC_ROCK,10180.0,179.0,,,,,10182.0,103.0,10183.0,76.0,,,10181.0,0.0
2,85800,VOLCANIC_ROCK,10179.0,124.0,10178.0,59.0,,,10180.0,124.0,10181.0,59.0,,,10179.5,0.0
2,85900,VOLCANIC_ROCK,10177.0,214.0,,,,,10178.0,9.0,10179.0,138.0,10180.0,76.0,10177.5,0.0
2,86000,VOLCANIC_ROCK,10175.0,103.0,10174.0,43.0,,,10176.0,103.0,10177.0,43.0,,,10175.5,0.0
2,86100,VOLCANIC_ROCK,10171.0,124.0,10170.0,78.0,,,10173.0,202.0,,,,,10172.0,0.0
2,86200,VOLCANIC_ROCK,10172.0,131.0,10171.0,41.0,,,10174.0,172.0,,,,,10173.0,0.0
2,86300,VOLCANIC_ROCK,10173.0,181.0,,,,,10174.0,10.0,10175.0,120.0,10176.0,61.0,10173.5,0.0
2,86400,VOLCANIC_ROCK,10174.0,181.0,,,,,10176.0,118.0,10177.0,63.0,,,10175.0,0.0
2,86500,VOLCANIC_ROCK,10173.0,223.0,,,,,10175.0,149.0,10176.0,74.0,,,10174.0,0.0
2,86600,VOLCANIC_ROCK,10173.0,205.0,,,,,10175.0,125.0,10176.0,80.0,,,10174.0,0.0
2,86700,VOLCANIC_ROCK,10173.0,176.0,,,,,10175.0,124.0,10176.0,52.0,,,10174.0,0.0
2,86800,VOLCANIC_ROCK,10172.0,204.0,,,,,10174.0,143.0,10175.0,61.0,,,10173.0,0.0
2,86900,VOLCANIC_ROCK,10172.0,149.0,10171.0,51.0,,,10173.0,149.0,10174.0,51.0,,,10172.5,0.0
2,87000,VOLCANIC_ROCK,10172.0,103.0,10171.0,72.0,,,10173.0,112.0,10174.0,72.0,,,10172.5,0.0
2,87100,VOLCANIC_ROCK,10172.0,196.0,,,,,10174.0,129.0,10175.0,67.0,,,10173.0,0.0
2,87200,VOLCANIC_ROCK,10172.0,200.0,,,,,10174.0,148.0,10175.0,52.0,,,10173.0,0.0
2,87300,VOLCANIC_ROCK,10171.0,176.0,,,,,10173.0,112.0,10174.0,64.0,,,10172.0,0.0
2,87400,VOLCANIC_ROCK,10172.0,145.0,10171.0,74.0,,,10173.0,145.0,10174.0,74.0,,,10172.5,0.0
2,87500,VOLCANIC_ROCK,10174.0,126.0,10173.0,67.0,,,10175.0,118.0,10176.0,67.0,,,10174.5,0.0
2,87600,VOLCANIC_ROCK,10173.0,200.0,,,,,10175.0,141.0,10176.0,59.0,,,10174.0,0.0
2,87700,VOLCANIC_ROCK,10172.0,133.0,10171.0,45.0,,,10173.0,133.0,10174.0,45.0,,,10172.5,0.0
2,87800,VOLCANIC_ROCK,10172.0,146.0,10171.0,78.0,,,10174.0,224.0,,,,,10173.0,0.0
2,87900,VOLCANIC_ROCK,10173.0,193.0,,,,,10175.0,146.0,10176.0,47.0,,,10174.0,0.0
2,88000,VOLCANIC_ROCK,10173.0,168.0,,,,,10175.0,120.0,10176.0,48.0,,,10174.0,0.0
2,88100,VOLCANIC_ROCK,10174.0,178.0,,,,,10176.0,136.0,10177.0,42.0,,,10175.0,0.0
2,88200,VOLCANIC_ROCK,10177.0,134.0,10176.0,50.0,,,10178.0,134.0,10179.0,50.0,,,10177.5,0.0
2,88300,VOLCANIC_ROCK,10177.0,176.0,,,,,10179.0,102.0,10180.0,74.0,,,10178.0,0.0
2,88400,VOLCANIC_ROCK,10178.0,112.0,10177.0,69.0,,,10179.0,112.0,10180.0,69.0,,,10178.5,0.0
2,88500,VOLCANIC_ROCK,10178.0,117.0,10177.0,46.0,,,10179.0,117.0,10180.0,46.0,,,10178.5,0.0
2,88600,VOLCANIC_ROCK,10178.0,190.0,,,,,10180.0,142.0,10181.0,48.0,,,10179.0,0.0
2,88700,VOLCANIC_ROCK,10177.0,128.0,10176.0,70.0,,,10179.0,198.0,,,,,10178.0,0.0
2,88800,VOLCANIC_ROCK,10177.0,110.0,10176.0,48.0,,,10178.0,110.0,10179.0,48.0,,,10177.5,0.0
2,88900,VOLCANIC_ROCK,10177.0,135.0,10176.0,63.0,,,10178.0,135.0,10179.0,63.0,,,10177.5,0.0
2,89000,VOLCANIC_ROCK,10177.0,134.0,10176.0,71.0,,,10178.0,134.0,10179.0,71.0,,,10177.5,0.0
2,89100,VOLCANIC_ROCK,10177.0,112.0,10176.0,57.0,,,10178.0,112.0,10179.0,57.0,,,10177.5,0.0
2,89200,VOLCANIC_ROCK,10177.0,197.0,,,,,10179.0,130.0,10180.0,67.0,,,10178.0,0.0
2,89300,VOLCANIC_ROCK,10177.0,130.0,10176.0,44.0,,,10179.0,174.0,,,,,10178.0,0.0
2,89400,VOLCANIC_ROCK,10178.0,102.0,10177.0,69.0,,,10180.0,171.0,,,,,10179.0,0.0
2,89500,VOLCANIC_ROCK,10179.0,148.0,,,,,10181.0,108.0,10182.0,40.0,,,10180.0,0.0
2,89600,VOLCANIC_ROCK,10180.0,229.0,,,,,10181.0,6.0,10182.0,150.0,10183.0,79.0,10180.5,0.0
2,89700,VOLCANIC_ROCK,10183.0,143.0,10182.0,48.0,,,10184.0,143.0,10185.0,48.0,,,10183.5,0.0
2,89800,VOLCANIC_ROCK,10182.0,158.0,,,,,10184.0,108.0,10185.0,50.0,,,10183.0,0.0
2,89900,VOLCANIC_ROCK,10180.0,108.0,10179.0,42.0,,,10182.0,108.0,10183.0,42.0,,,10181.0,0.0
2,90000,VOLCANIC_ROCK,10178.0,123.0,10177.0,56.0,,,10180.0,123.0,10181.0,56.0,,,10179.0,0.0
2,90100,VOLCANIC_ROCK,10178.0,132.0,10177.0,77.0,,,10180.0,209.0,,,,,10179.0,0.0
2,90200,VOLCANIC_ROCK,10179.0,120.0,10178.0,43.0,,,10180.0,120.0,10181.0,43.0,,,10179.5,0.0
2,90300,VOLCANIC_ROCK,10179.0,136.0,10178.0,43.0,,,10180.0,136.0,10181.0,43.0,,,10179.5,0.0
2,90400,VOLCANIC_ROCK,10175.0,191.0,,,,,10177.0,113.0,10178.0,78.0,,,10176.0,0.0
2,90500,VOLCANIC_ROCK,10176.0,129.0,10175.0,67.0,,,10177.0,129.0,10178.0,67.0,,,10176.5,0.0
2,90600,VOLCANIC_ROCK,10175.0,130.0,10174.0,50.0,,,10177.0,180.0,,,,,10176.0,0.0
2,90700,VOLCANIC_ROCK,10174.0,142.0,10173.0,75.0,,,10176.0,217.0,,,,,10175.0,0.0
2,90800,VOLCANIC_ROCK,10174.0,136.0,10173.0,66.0,,,10175.0,145.0,10176.0,66.0,,,10174.5,0.0
2,90900,VOLCANIC_ROCK,10174.0,111.0,10173.0,73.0,,,10175.0,111.0,10176.0,73.0,,,10174.5,0.0
2,91000,VOLCANIC_ROCK,10176.0,147.0,,,,,10178.0,103.0,10179.0,44.0,,,10177.0,0.0
2,91100,VOLCANIC_ROCK,10179.0,174.0,,,,,10181.0,106.0,10182.0,68.0,,,10180.0,0.0
2,91200,VOLCANIC_ROCK,10176.0,129.0,10175.0,44.0,,,10177.0,129.0,10178.0,44.0,,,10176.5,0.0
2,91300,VOLCANIC_ROCK,10177.0,130.0,10176.0,40.0,,,10178.0,130.0,10179.0,40.0,,,10177.5,0.0
2,91400,VOLCANIC_ROCK,10178.0,105.0,10177.0,64.0,,,10179.0,105.0,10180.0,64.0,,,10178.5,0.0
2,91500,VOLCANIC_ROCK,10178.0,128.0,10177.0,69.0,,,10180.0,197.0,,,,,10179.0,0.0
2,91600,VOLCANIC_ROCK,10177.0,146.0,10176.0,77.0,,,10178.0,146.0,10179.0,77.0,,,10177.5,0.0
2,91700,VOLCANIC_ROCK,10177.0,116.0,10176.0,57.0,,,10178.0,118.0,10179.0,57.0,,,10177.5,0.0
2,91800,VOLCANIC_ROCK,10177.0,149.0,10176.0,74.0,,,10179.0,223.0,,,,,10178.0,0.0
2,91900,VOLCANIC_ROCK,10174.0,119.0,10173.0,68.0,,,10175.0,119.0,10176.0,68.0,,,10174.5,0.0
2,92000,VOLCANIC_ROCK,10176.0,131.0,10175.0,63.0,,,10177.0,131.0,10178.0,63.0,,,10176.5,0.0
2,92100,VOLCANIC_ROCK,10177.0,127.0,10176.0,61.0,,,10178.0,127.0,10179.0,61.0,,,10177.5,0.0
2,92200,VOLCANIC_ROCK,10180.0,149.0,10179.0,48.0,,,10182.0,197.0,,,,,10181.0,0.0
2,92300,VOLCANIC_ROCK,10183.0,107.0,10182.0,54.0,,,10184.0,107.0,10185.0,54.0,,,10183.5,0.0
2,92400,VOLCANIC_ROCK,10184.0,201.0,,,,,10186.0,124.0,10187.0,77.0,,,10185.0,0.0
2,92500,VOLCANIC_ROCK,10189.0,166.0,,,,,10191.0,101.0,10192.0,65.0,,,10190.0,0.0
2,92600,VOLCANIC_ROCK,10192.0,124.0,10191.0,69.0,,,10193.0,133.0,10194.0,69.0,,,10192.5,0.0
2,92700,VOLCANIC_ROCK,10189.0,135.0,10188.0,79.0,,,10190.0,135.0,10191.0,79.0,,,10189.5,0.0
2,92800,VOLCANIC_ROCK,10190.0,127.0,10189.0,76.0,,,10191.0,127.0,10192.0,76.0,,,10190.5,0.0
2,92900,VOLCANIC_ROCK,10188.0,213.0,,,,,10189.0,7.0,10190.0,140.0,10191.0,76.0,10188.5,0.0
2,93000,VOLCANIC_ROCK,10185.0,122.0,10184.0,63.0,,,10186.0,122.0,10187.0,63.0,,,10185.5,0.0
2,93100,VOLCANIC_ROCK,10184.0,147.0,10183.0,62.0,,,10186.0,209.0,,,,,10185.0,0.0
2,93200,VOLCANIC_ROCK,10184.0,114.0,10183.0,57.0,,,10186.0,171.0,,,,,10185.0,0.0
2,93300,VOLCANIC_ROCK,10183.0,138.0,10182.0,53.0,,,10185.0,191.0,,,,,10184.0,0.0
2,93400,VOLCANIC_ROCK,10180.0,222.0,,,,,10182.0,149.0,10183.0,73.0,,,10181.0,0.0
2,93500,VOLCANIC_ROCK,10183.0,124.0,10182.0,67.0,,,10184.0,124.0,10185.0,67.0,,,10183.5,0.0
2,93600,VOLCANIC_ROCK,10183.0,102.0,10182.0,44.0,,,10184.0,102.0,10185.0,44.0,,,10183.5,0.0
2,93700,VOLCANIC_ROCK,10184.0,108.0,10183.0,41.0,,,10185.0,108.0,10186.0,41.0,,,10184.5,0.0
2,93800,VOLCANIC_ROCK,10183.0,120.0,10182.0,51.0,,,10184.0,120.0,10185.0,51.0,,,10183.5,0.0
2,93900,VOLCANIC_ROCK,10183.0,119.0,10182.0,79.0,,,10185.0,198.0,,,,,10184.0,0.0
2,94000,VOLCANIC_ROCK,10182.0,132.0,10181.0,51.0,,,10183.0,132.0,10184.0,51.0,,,10182.5,0.0
2,94100,VOLCANIC_ROCK,10182.0,208.0,,,,,10184.0,145.0,10185.0,63.0,,,10183.0,0.0
2,94200,VOLCANIC_ROCK,10181.0,106.0,10180.0,53.0,,,10182.0,106.0,10183.0,53.0,,,10181.5,0.0
2,94300,VOLCANIC_ROCK,10177.0,141.0,10176.0,40.0,,,10179.0,181.0,,,,,10178.0,0.0
2,94400,VOLCANIC_ROCK,10178.0,168.0,,,,,10180.0,121.0,10181.0,47.0,,,10179.0,0.0
2,94500,VOLCANIC_ROCK,10178.0,118.0,10177.0,41.0,,,10179.0,118.0,10180.0,41.0,,,10178.5,0.0
2,94600,VOLCANIC_ROCK,10178.0,109.0,10177.0,58.0,,,10179.0,109.0,10180.0,58.0,,,10178.5,0.0
2,94700,VOLCANIC_ROCK,10177.0,114.0,10176.0,66.0,,,10178.0,114.0,10179.0,66.0,,,10177.5,0.0
2,94800,VOLCANIC_ROCK,10177.0,139.0,10176.0,73.0,,,10179.0,204.0,,,,,10178.0,0.0
2,94900,VOLCANIC_ROCK,10177.0,135.0,10176.0,50.0,,,10179.0,185.0,,,,,10178.0,0.0
2,95000,VOLCANIC_ROCK,10178.0,128.0,10177.0,57.0,,,10180.0,128.0,10181.0,57.0,,,10179.0,0.0
2,95100,VOLCANIC_ROCK,10176.0,133.0,10175.0,60.0,,,10178.0,193.0,,,,,10177.0,0.0
2,95200,VOLCANIC_ROCK,10176.0,126.0,10175.0,43.0,,,10178.0,169.0,,,,,10177.0,0.0
2,95300,VOLCANIC_ROCK,10173.0,168.0,,,,,10175.0,117.0,10176.0,51.0,,,10174.0,0.0
2,95400,VOLCANIC_ROCK,10175.0,113.0,10174.0,51.0,,,10176.0,113.0,10177.0,51.0,,,10175.5,0.0
2,95500,VOLCANIC_ROCK,10177.0,111.0,10176.0,62.0,,,10178.0,111.0,10179.0,62.0,,,10177.5,0.0
2,95600,VOLCANIC_ROCK,10174.0,115.0,10173.0,72.0,,,10176.0,187.0,,,,,10175.0,0.0
2,95700,VOLCANIC_ROCK,10175.0,129.0,10174.0,62.0,,,10176.0,129.0,10177.0,62.0,,,10175.5,0.0
2,95800,VOLCANIC_ROCK,10175.0,125.0,10174.0,73.0,,,10177.0,191.0,,,,,10176.0,0.0
2,95900,VOLCANIC_ROCK,10176.0,218.0,,,,,10178.0,140.0,10179.0,78.0,,,10177.0,0.0
2,96000,VOLCANIC_ROCK,10175.0,102.0,10174.0,52.0,,,10176.0,102.0,10177.0,52.0,,,10175.5,0.0
2,96100,VOLCANIC_ROCK,10174.0,147.0,10173.0,70.0,,,10175.0,147.0,10176.0,70.0,,,10174.5,0.0
2,96200,VOLCANIC_ROCK,10175.0,216.0,,,,,10177.0,149.0,10178.0,67.0,,,10176.0,0.0
2,96300,VOLCANIC_ROCK,10177.0,125.0,10176.0,42.0,,,10178.0,125.0,10179.0,42.0,,,10177.5,0.0
2,96400,VOLCANIC_ROCK,10172.0,195.0,,,,,10174.0,136.0,10175.0,59.0,,,10173.0,0.0
2,96500,VOLCANIC_ROCK,10173.0,149.0,10172.0,64.0,,,10175.0,208.0,,,,,10174.0,0.0
2,96600,VOLCANIC_ROCK,10173.0,137.0,10172.0,69.0,,,10174.0,137.0,10175.0,69.0,,,10173.5,0.0
2,96700,VOLCANIC_ROCK,10173.0,141.0,10172.0,51.0,,,10174.0,141.0,10175.0,51.0,,,10173.5,0.0
2,96800,VOLCANIC_ROCK,10169.0,152.0,10168.0,75.0,,,10170.0,142.0,10171.0,75.0,,,10169.5,0.0
2,96900,VOLCANIC_ROCK,10168.0,131.0,10167.0,45.0,,,10170.0,176.0,,,,,10169.0,0.0
2,97000,VOLCANIC_ROCK,10170.0,116.0,10169.0,70.0,,,10172.0,186.0,,,,,10171.0,0.0
2,97100,VOLCANIC_ROCK,10170.0,149.0,10169.0,49.0,,,10172.0,198.0,,,,,10171.0,0.0
2,97200,VOLCANIC_ROCK,10168.0,163.0,,,,,10170.0,102.0,10171.0,61.0,,,10169.0,0.0
2,97300,VOLCANIC_ROCK,10168.0,177.0,,,,,10170.0,126.0,10171.0,51.0,,,10169.0,0.0
2,97400,VOLCANIC_ROCK,10168.0,100.0,10167.0,51.0,,,10169.0,100.0,10170.0,51.0,,,10168.5,0.0
2,97500,VOLCANIC_ROCK,10168.0,143.0,10167.0,47.0,,,10169.0,143.0,10170.0,47.0,,,10168.5,0.0
2,97600,VOLCANIC_ROCK,10170.0,137.0,10169.0,74.0,,,10171.0,137.0,10172.0,74.0,,,10170.5,0.0
2,97700,VOLCANIC_ROCK,10167.0,115.0,10166.0,72.0,,,10169.0,115.0,10170.0,72.0,,,10168.0,0.0
2,97800,VOLCANIC_ROCK,10168.0,132.0,10167.0,61.0,,,10170.0,193.0,,,,,10169.0,0.0
2,97900,VOLCANIC_ROCK,10167.0,202.0,,,,,10169.0,140.0,10170.0,62.0,,,10168.0,0.0
2,98000,VOLCANIC_ROCK,10168.0,148.0,10167.0,44.0,,,10169.0,149.0,10170.0,44.0,,,10168.5,0.0
2,98100,VOLCANIC_ROCK,10165.0,151.0,,,,,10166.0,8.0,10167.0,104.0,10168.0,47.0,10165.5,0.0
2,98200,VOLCANIC_ROCK,10165.0,138.0,10164.0,78.0,,,10167.0,221.0,,,,,10166.0,0.0
2,98300,VOLCANIC_ROCK,10165.0,129.0,10164.0,76.0,,,10166.0,129.0,10167.0,76.0,,,10165.5,0.0
2,98400,VOLCANIC_ROCK,10163.0,219.0,,,,,10165.0,145.0,10166.0,74.0,,,10164.0,0.0
2,98500,VOLCANIC_ROCK,10162.0,149.0,10161.0,46.0,,,10163.0,149.0,10164.0,46.0,,,10162.5,0.0
2,98600,VOLCANIC_ROCK,10161.0,192.0,,,,,10163.0,120.0,10164.0,72.0,,,10162.0,0.0
2,98700,VOLCANIC_ROCK,10161.0,121.0,10160.0,70.0,,,10163.0,191.0,,,,,10162.0,0.0
2,98800,VOLCANIC_ROCK,10163.0,134.0,10162.0,41.0,,,10164.0,134.0,10165.0,41.0,,,10163.5,0.0
2,98900,VOLCANIC_ROCK,10161.0,143.0,10160.0,68.0,,,10163.0,211.0,,,,,10162.0,0.0
2,99000,VOLCANIC_ROCK,10162.0,123.0,10161.0,54.0,,,10164.0,177.0,,,,,10163.0,0.0
2,99100,VOLCANIC_ROCK,10162.0,103.0,10161.0,50.0,,,10164.0,153.0,,,,,10163.0,0.0
2,99200,VOLCANIC_ROCK,10161.0,214.0,,,,,10162.0,7.0,10163.0,139.0,10164.0,75.0,10161.5,0.0
2,99300,VOLCANIC_ROCK,10161.0,114.0,10160.0,61.0,,,10162.0,114.0,10163.0,61.0,,,10161.5,0.0
2,99400,VOLCANIC_ROCK,10158.0,136.0,10157.0,60.0,,,10159.0,136.0,10160.0,60.0,,,10158.5,0.0
2,99500,VOLCANIC_ROCK,10154.0,124.0,10153.0,79.0,,,10155.0,124.0,10156.0,79.0,,,10154.5,0.0
2,99600,VOLCANIC_ROCK,10153.0,108.0,10152.0,55.0,,,10155.0,163.0,,,,,10154.0,0.0
2,99700,VOLCANIC_ROCK,10150.0,122.0,10149.0,61.0,,,10151.0,117.0,10152.0,61.0,,,10150.5,0.0
2,99800,VOLCANIC_ROCK,10155.0,148.0,10154.0,76.0,,,10156.0,148.0,10157.0,76.0,,,10155.5,0.0
2,99900,VOLCANIC_ROCK,10155.0,118.0,10154.0,64.0,,,10157.0,174.0,,,,,10156.0,0.0
2,100000,VOLCANIC_ROCK,10155.0,100.0,10154.0,68.0,,,10157.0,168.0,,,,,10156.0,0.0
2,100100,VOLCANIC_ROCK,10153.0,174.0,,,,,10155.0,103.0,10156.0,71.0,,,10154.0,0.0
2,100200,VOLCANIC_ROCK,10152.0,114.0,10151.0,68.0,,,10154.0,182.0,,,,,10153.0,0.0
2,100300,VOLCANIC_ROCK,10153.0,131.0,10152.0,59.0,,,10155.0,190.0,,,,,10154.0,0.0
2,100400,VOLCANIC_ROCK,10152.0,196.0,,,,,10154.0,131.0,10155.0,65.0,,,10153.0,0.0
2,100500,VOLCANIC_ROCK,10153.0,158.0,,,,,10155.0,108.0,10156.0,50.0,,,10154.0,0.0
2,100600,VOLCANIC_ROCK,10154.0,180.0,,,,,10156.0,126.0,10157.0,54.0,,,10155.0,0.0
2,100700,VOLCANIC_ROCK,10155.0,109.0,10154.0,62.0,,,10156.0,109.0,10157.0,62.0,,,10155.5,0.0
2,100800,VOLCANIC_ROCK,10155.0,123.0,10154.0,59.0,,,10156.0,123.0,10157.0,59.0,,,10155.5,0.0
2,100900,VOLCANIC_ROCK,10152.0,116.0,10151.0,76.0,,,10153.0,106.0,10154.0,76.0,,,10152.5,0.0
2,101000,VOLCANIC_ROCK,10153.0,130.0,10152.0,60.0,,,10155.0,190.0,,,,,10154.0,0.0
2,101100,VOLCANIC_ROCK,10155.0,185.0,,,,,10157.0,135.0,10158.0,50.0,,,10156.0,0.0
2,101200,VOLCANIC_ROCK,10155.0,104.0,10154.0,52.0,,,10156.0,104.0,10157.0,52.0,,,10155.5,0.0
2,101300,VOLCANIC_ROCK,10155.0,117.0,10154.0,61.0,,,10157.0,178.0,,,,,10156.0,0.0
2,101400,VOLCANIC_ROCK,10155.0,144.0,10154.0,43.0,,,10156.0,144.0,10157.0,43.0,,,10155.5,0.0
2,101500,VOLCANIC_ROCK,10154.0,186.0,,,,,10156.0,124.0,10157.0,62.0,,,10155.0,0.0
2,101600,VOLCANIC_ROCK,10155.0,130.0,10154.0,46.0,,,10156.0,130.0,10157.0,46.0,,,10155.5,0.0
2,101700,VOLCANIC_ROCK,10154.0,111.0,10153.0,47.0,,,10156.0,158.0,,,,,10155.0,0.0
2,101800,VOLCANIC_ROCK,10154.0,138.0,10153.0,49.0,,,10155.0,138.0,10156.0,49.0,,,10154.5,0.0
2,101900,VOLCANIC_ROCK,10155.0,205.0,,,,,10157.0,137.0,10158.0,68.0,,,10156.0,0.0
2,102000,VOLCANIC_ROCK,10155.0,172.0,,,,,10157.0,106.0,10158.0,66.0,,,10156.0,0.0
2,102100,VOLCANIC_ROCK,10154.0,113.0,10153.0,49.0,,,10155.0,119.0,10156.0,49.0,,,10154.5,0.0
2,102200,VOLCANIC_ROCK,10154.0,109.0,10153.0,51.0,,,10155.0,109.0,10156.0,51.0,,,10154.5,0.0
2,102300,VOLCANIC_ROCK,10152.0,116.0,10151.0,65.0,,,10153.0,116.0,10154.0,65.0,,,10152.5,0.0
2,102400,VOLCANIC_ROCK,10148.0,146.0,10147.0,59.0,,,10150.0,205.0,,,,,10149.0,0.0
2,102500,VOLCANIC_ROCK,10146.0,107.0,10145.0,45.0,,,10147.0,107.0,10148.0,45.0,,,10146.5,0.0
2,102600,VOLCANIC_ROCK,10148.0,194.0,,,,,10150.0,144.0,10151.0,50.0,,,10149.0,0.0
2,102700,VOLCANIC_ROCK,10147.0,136.0,10146.0,41.0,,,10149.0,177.0,,,,,10148.0,0.0
2,102800,VOLCANIC_ROCK,10146.0,117.0,10145.0,57.0,,,10147.0,107.0,10148.0,57.0,,,10146.5,0.0
2,102900,VOLCANIC_ROCK,10148.0,143.0,10147.0,48.0,,,10149.0,143.0,10150.0,48.0,,,10148.5,0.0
2,103000,VOLCANIC_ROCK,10149.0,114.0,10148.0,75.0,,,10150.0,114.0,10151.0,75.0,,,10149.5,0.0
2,103100,VOLCANIC_ROCK,10146.0,100.0,10145.0,71.0,,,10147.0,100.0,10148.0,71.0,,,10146.5,0.0
2,103200,VOLCANIC_ROCK,10148.0,142.0,10147.0,76.0,,,10150.0,142.0,10151.0,76.0,,,10149.0,0.0
2,103300,VOLCANIC_ROCK,10151.0,148.0,10150.0,58.0,,,10153.0,148.0,10154.0,58.0,,,10152.0,0.0
2,103400,VOLCANIC_ROCK,10150.0,140.0,10149.0,45.0,,,10151.0,130.0,10152.0,45.0,,,10150.5,0.0
2,103500,VOLCANIC_ROCK,10151.0,118.0,10150.0,62.0,,,10152.0,109.0,10153.0,62.0,,,10151.5,0.0
2,103600,VOLCANIC_ROCK,10155.0,108.0,10154.0,41.0,,,10156.0,117.0,10157.0,41.0,,,10155.5,0.0
2,103700,VOLCANIC_ROCK,10158.0,107.0,10157.0,44.0,,,10159.0,107.0,10160.0,44.0,,,10158.5,0.0
2,103800,VOLCANIC_ROCK,10159.0,126.0,10158.0,44.0,,,10160.0,126.0,10161.0,44.0,,,10159.5,0.0
2,103900,VOLCANIC_ROCK,10159.0,107.0,10158.0,56.0,,,10160.0,107.0,10161.0,56.0,,,10159.5,0.0
2,104000,VOLCANIC_ROCK,10157.0,121.0,10156.0,54.0,,,10158.0,121.0,10159.0,54.0,,,10157.5,0.0
2,104100,VOLCANIC_ROCK,10155.0,106.0,10154.0,40.0,,,10156.0,106.0,10157.0,40.0,,,10155.5,0.0
2,104200,VOLCANIC_ROCK,10155.0,129.0,10154.0,58.0,,,10156.0,129.0,10157.0,58.0,,,10155.5,0.0
2,104300,VOLCANIC_ROCK,10153.0,189.0,,,,,10155.0,149.0,10156.0,40.0,,,10154.0,0.0
2,104400,VOLCANIC_ROCK,10155.0,101.0,10154.0,53.0,,,10156.0,101.0,10157.0,53.0,,,10155.5,0.0
2,104500,VOLCANIC_ROCK,10157.0,105.0,10156.0,72.0,,,10158.0,105.0,10159.0,72.0,,,10157.5,0.0
2,104600,VOLCANIC_ROCK,10161.0,142.0,10160.0,68.0,,,10162.0,142.0,10163.0,68.0,,,10161.5,0.0
2,104700,VOLCANIC_ROCK,10162.0,214.0,,,,,10164.0,137.0,10165.0,77.0,,,10163.0,0.0
2,104800,VOLCANIC_ROCK,10163.0,106.0,10162.0,61.0,,,10164.0,106.0,10165.0,61.0,,,10163.5,0.0
2,104900,VOLCANIC_ROCK,10164.0,115.0,10163.0,59.0,,,10165.0,115.0,10166.0,59.0,,,10164.5,0.0
2,105000,VOLCANIC_ROCK,10165.0,144.0,10164.0,45.0,,,10166.0,144.0,10167.0,45.0,,,10165.5,0.0
2,105100,VOLCANIC_ROCK,10163.0,101.0,10162.0,54.0,,,10164.0,101.0,10165.0,54.0,,,10163.5,0.0
2,105200,VOLCANIC_ROCK,10162.0,134.0,10161.0,51.0,,,10163.0,134.0,10164.0,51.0,,,10162.5,0.0
2,105300,VOLCANIC_ROCK,10160.0,111.0,10159.0,53.0,,,10161.0,111.0,10162.0,53.0,,,10160.5,0.0
2,105400,VOLCANIC_ROCK,10158.0,116.0,10157.0,65.0,,,10159.0,116.0,10160.0,65.0,,,10158.5,0.0
2,105500,VOLCANIC_ROCK,10159.0,108.0,10158.0,64.0,,,10160.0,108.0,10161.0,64.0,,,10159.5,0.0
2,105600,VOLCANIC_ROCK,10157.0,150.0,10156.0,41.0,,,10159.0,191.0,,,,,10158.0,0.0
2,105700,VOLCANIC_ROCK,10157.0,104.0,10156.0,46.0,,,10158.0,104.0,10159.0,46.0,,,10157.5,0.0
2,105800,VOLCANIC_ROCK,10155.0,150.0,10154.0,71.0,,,10156.0,150.0,10157.0,71.0,,,10155.5,0.0
2,105900,VOLCANIC_ROCK,10157.0,147.0,10156.0,48.0,,,10158.0,147.0,10159.0,48.0,,,10157.5,0.0
2,106000,VOLCANIC_ROCK,10155.0,184.0,,,,,10157.0,141.0,10158.0,43.0,,,10156.0,0.0
2,106100,VOLCANIC_ROCK,10156.0,142.0,10155.0,64.0,,,10157.0,142.0,10158.0,64.0,,,10156.5,0.0
2,106200,VOLCANIC_ROCK,10154.0,144.0,10153.0,70.0,,,10156.0,214.0,,,,,10155.0,0.0
2,106300,VOLCANIC_ROCK,10155.0,108.0,10154.0,53.0,,,10156.0,117.0,10157.0,53.0,,,10155.5,0.0
2,106400,VOLCANIC_ROCK,10151.0,150.0,10150.0,47.0,,,10152.0,144.0,10153.0,47.0,,,10151.5,0.0
2,106500,VOLCANIC_ROCK,10149.0,131.0,10148.0,74.0,,,10150.0,121.0,10151.0,74.0,,,10149.5,0.0
2,106600,VOLCANIC_ROCK,10147.0,149.0,,,,,10149.0,106.0,10150.0,43.0,,,10148.0,0.0
2,106700,VOLCANIC_ROCK,10145.0,138.0,10144.0,51.0,,,10147.0,196.0,,,,,10146.0,0.0
2,106800,VOLCANIC_ROCK,10144.0,135.0,10143.0,61.0,,,10145.0,135.0,10146.0,61.0,,,10144.5,0.0
2,106900,VOLCANIC_ROCK,10145.0,171.0,,,,,10147.0,124.0,10148.0,47.0,,,10146.0,0.0
2,107000,VOLCANIC_ROCK,10147.0,103.0,10146.0,51.0,,,10148.0,103.0,10149.0,51.0,,,10147.5,0.0
2,107100,VOLCANIC_ROCK,10146.0,104.0,10145.0,48.0,,,10147.0,104.0,10148.0,48.0,,,10146.5,0.0
2,107200,VOLCANIC_ROCK,10145.0,155.0,,,,,10147.0,106.0,10148.0,49.0,,,10146.0,0.0
2,107300,VOLCANIC_ROCK,10141.0,147.0,10140.0,53.0,,,10143.0,200.0,,,,,10142.0,0.0
2,107400,VOLCANIC_ROCK,10140.0,184.0,,,,,10142.0,144.0,10143.0,40.0,,,10141.0,0.0
2,107500,VOLCANIC_ROCK,10143.0,168.0,,,,,10145.0,117.0,10146.0,51.0,,,10144.0,0.0
2,107600,VOLCANIC_ROCK,10139.0,145.0,10138.0,54.0,,,10140.0,145.0,10141.0,54.0,,,10139.5,0.0
2,107700,VOLCANIC_ROCK,10139.0,114.0,10138.0,67.0,,,10141.0,114.0,10142.0,67.0,,,10140.0,0.0
2,107800,VOLCANIC_ROCK,10143.0,136.0,10142.0,79.0,,,10144.0,136.0,10145.0,79.0,,,10143.5,0.0
2,107900,VOLCANIC_ROCK,10141.0,114.0,10140.0,59.0,,,10142.0,114.0,10143.0,59.0,,,10141.5,0.0
2,108000,VOLCANIC_ROCK,10140.0,165.0,,,,,10142.0,102.0,10143.0,63.0,,,10141.0,0.0
2,108100,VOLCANIC_ROCK,10140.0,186.0,,,,,10142.0,127.0,10143.0,59.0,,,10141.0,0.0
2,108200,VOLCANIC_ROCK,10139.0,151.0,,,,,10141.0,108.0,10142.0,43.0,,,10140.0,0.0
2,108300,VOLCANIC_ROCK,10142.0,106.0,10141.0,72.0,,,10143.0,106.0,10144.0,72.0,,,10142.5,0.0
2,108400,VOLCANIC_ROCK,10138.0,123.0,10137.0,79.0,,,10139.0,123.0,10140.0,79.0,,,10138.5,0.0
2,108500,VOLCANIC_ROCK,10141.0,191.0,,,,,10143.0,141.0,10144.0,50.0,,,10142.0,0.0
2,108600,VOLCANIC_ROCK,10142.0,7.0,10141.0,181.0,,,10143.0,110.0,10144.0,71.0,,,10142.5,0.0
2,108700,VOLCANIC_ROCK,10142.0,101.0,10141.0,56.0,,,10144.0,157.0,,,,,10143.0,0.0
2,108800,VOLCANIC_ROCK,10141.0,147.0,10140.0,47.0,,,10143.0,194.0,,,,,10142.0,0.0
2,108900,VOLCANIC_ROCK,10141.0,135.0,10140.0,77.0,,,10143.0,212.0,,,,,10142.0,0.0
2,109000,VOLCANIC_ROCK,10141.0,119.0,10140.0,51.0,,,10142.0,109.0,10143.0,51.0,,,10141.5,0.0
2,109100,VOLCANIC_ROCK,10141.0,110.0,10140.0,78.0,,,10143.0,188.0,,,,,10142.0,0.0
2,109200,VOLCANIC_ROCK,10141.0,213.0,,,,,10143.0,147.0,10144.0,66.0,,,10142.0,0.0
2,109300,VOLCANIC_ROCK,10144.0,109.0,10143.0,71.0,,,10146.0,180.0,,,,,10145.0,0.0
2,109400,VOLCANIC_ROCK,10146.0,117.0,10145.0,60.0,,,10148.0,177.0,,,,,10147.0,0.0
2,109500,VOLCANIC_ROCK,10147.0,194.0,,,,,10149.0,127.0,10150.0,67.0,,,10148.0,0.0
2,109600,VOLCANIC_ROCK,10147.0,107.0,10146.0,58.0,,,10149.0,165.0,,,,,10148.0,0.0
2,109700,VOLCANIC_ROCK,10147.0,148.0,10146.0,56.0,,,10148.0,148.0,10149.0,56.0,,,10147.5,0.0
2,109800,VOLCANIC_ROCK,10145.0,120.0,10144.0,76.0,,,10146.0,120.0,10147.0,76.0,,,10145.5,0.0
2,109900,VOLCANIC_ROCK,10145.0,163.0,,,,,10147.0,102.0,10148.0,61.0,,,10146.0,0.0
2,110000,VOLCANIC_ROCK,10147.0,144.0,10146.0,51.0,,,10148.0,135.0,10149.0,51.0,,,10147.5,0.0
2,110100,VOLCANIC_ROCK,10154.0,140.0,10153.0,45.0,,,10156.0,185.0,,,,,10155.0,0.0
2,110200,VOLCANIC_ROCK,10151.0,113.0,10150.0,71.0,,,10152.0,113.0,10153.0,71.0,,,10151.5,0.0
2,110300,VOLCANIC_ROCK,10150.0,148.0,10149.0,76.0,,,10151.0,148.0,10152.0,76.0,,,10150.5,0.0
2,110400,VOLCANIC_ROCK,10150.0,175.0,,,,,10152.0,109.0,10153.0,66.0,,,10151.0,0.0
2,110500,VOLCANIC_ROCK,10153.0,3.0,10152.0,140.0,10151.0,55.0,10154.0,195.0,,,,,10153.5,0.0
2,110600,VOLCANIC_ROCK,10150.0,103.0,10149.0,66.0,,,10151.0,103.0,10152.0,66.0,,,10150.5,0.0
2,110700,VOLCANIC_ROCK,10152.0,188.0,,,,,10154.0,135.0,10155.0,53.0,,,10153.0,0.0
2,110800,VOLCANIC_ROCK,10152.0,183.0,,,,,10154.0,138.0,10155.0,45.0,,,10153.0,0.0
2,110900,VOLCANIC_ROCK,10152.0,122.0,10151.0,51.0,,,10153.0,122.0,10154.0,51.0,,,10152.5,0.0
2,111000,VOLCANIC_ROCK,10151.0,221.0,,,,,10153.0,147.0,10154.0,74.0,,,10152.0,0.0
2,111100,VOLCANIC_ROCK,10157.0,139.0,10156.0,80.0,,,10158.0,139.0,10159.0,80.0,,,10157.5,0.0
2,111200,VOLCANIC_ROCK,10155.0,105.0,10154.0,76.0,,,10156.0,105.0,10157.0,76.0,,,10155.5,0.0
2,111300,VOLCANIC_ROCK,10157.0,107.0,10156.0,77.0,,,10158.0,107.0,10159.0,77.0,,,10157.5,0.0
2,111400,VOLCANIC_ROCK,10154.0,167.0,,,,,10156.0,113.0,10157.0,54.0,,,10155.0,0.0
2,111500,VOLCANIC_ROCK,10155.0,145.0,10154.0,62.0,,,10156.0,147.0,10157.0,62.0,,,10155.5,0.0
2,111600,VOLCANIC_ROCK,10153.0,148.0,10152.0,60.0,,,10154.0,148.0,10155.0,60.0,,,10153.5,0.0
2,111700,VOLCANIC_ROCK,10153.0,108.0,10152.0,77.0,,,10154.0,108.0,10155.0,77.0,,,10153.5,0.0
2,111800,VOLCANIC_ROCK,10154.0,179.0,,,,,10156.0,108.0,10157.0,71.0,,,10155.0,0.0
2,111900,VOLCANIC_ROCK,10161.0,110.0,10160.0,40.0,,,10162.0,110.0,10163.0,40.0,,,10161.5,0.0
2,112000,VOLCANIC_ROCK,10160.0,108.0,10159.0,79.0,,,10161.0,108.0,10162.0,79.0,,,10160.5,0.0
2,112100,VOLCANIC_ROCK,10159.0,105.0,10158.0,40.0,,,10160.0,105.0,10161.0,40.0,,,10159.5,0.0
2,112200,VOLCANIC_ROCK,10160.0,189.0,,,,,10162.0,121.0,10163.0,68.0,,,10161.0,0.0
2,112300,VOLCANIC_ROCK,10159.0,111.0,10158.0,40.0,,,10160.0,111.0,10161.0,40.0,,,10159.5,0.0
2,112400,VOLCANIC_ROCK,10157.0,114.0,10156.0,71.0,,,10158.0,114.0,10159.0,71.0,,,10157.5,0.0
2,112500,VOLCANIC_ROCK,10157.0,124.0,10156.0,60.0,,,10158.0,124.0,10159.0,60.0,,,10157.5,0.0
2,112600,VOLCANIC_ROCK,10157.0,123.0,10156.0,47.0,,,10158.0,123.0,10159.0,47.0,,,10157.5,0.0
2,112700,VOLCANIC_ROCK,10160.0,119.0,10159.0,62.0,,,10161.0,119.0,10162.0,62.0,,,10160.5,0.0
2,112800,VOLCANIC_ROCK,10160.0,136.0,10159.0,71.0,,,10161.0,136.0,10162.0,71.0,,,10160.5,0.0
2,112900,VOLCANIC_ROCK,10161.0,188.0,,,,,10163.0,130.0,10164.0,58.0,,,10162.0,0.0
2,113000,VOLCANIC_ROCK,10160.0,176.0,,,,,10162.0,119.0,10163.0,57.0,,,10161.0,0.0
2,113100,VOLCANIC_ROCK,10159.0,104.0,10158.0,67.0,,,10161.0,171.0,,,,,10160.0,0.0
2,113200,VOLCANIC_ROCK,10157.0,178.0,,,,,10159.0,136.0,10160.0,42.0,,,10158.0,0.0
2,113300,VOLCANIC_ROCK,10157.0,142.0,10156.0,78.0,,,10158.0,142.0,10159.0,78.0,,,10157.5,0.0
2,113400,VOLCANIC_ROCK,10155.0,106.0,10154.0,53.0,,,10156.0,106.0,10157.0,53.0,,,10155.5,0.0
2,113500,VOLCANIC_ROCK,10154.0,117.0,10153.0,55.0,,,10155.0,117.0,10156.0,55.0,,,10154.5,0.0
2,113600,VOLCANIC_ROCK,10154.0,119.0,10153.0,60.0,,,10155.0,119.0,10156.0,60.0,,,10154.5,0.0
2,113700,VOLCANIC_ROCK,10153.0,134.0,10152.0,62.0,,,10154.0,134.0,10155.0,62.0,,,10153.5,0.0
2,113800,VOLCANIC_ROCK,10154.0,206.0,,,,,10156.0,143.0,10157.0,63.0,,,10155.0,0.0
2,113900,VOLCANIC_ROCK,10159.0,134.0,10158.0,46.0,,,10160.0,134.0,10161.0,46.0,,,10159.5,0.0
2,114000,VOLCANIC_ROCK,10157.0,194.0,,,,,10159.0,143.0,10160.0,51.0,,,10158.0,0.0
2,114100,VOLCANIC_ROCK,10156.0,103.0,10155.0,44.0,,,10158.0,147.0,,,,,10157.0,0.0
2,114200,VOLCANIC_ROCK,10154.0,119.0,10153.0,69.0,,,10155.0,119.0,10156.0,69.0,,,10154.5,0.0
2,114300,VOLCANIC_ROCK,10154.0,187.0,,,,,10156.0,139.0,10157.0,46.0,,,10155.0,0.0
2,114400,VOLCANIC_ROCK,10153.0,128.0,10152.0,59.0,,,10154.0,128.0,10155.0,59.0,,,10153.5,0.0
